2164 3535
239 226 324 267 400
605 223 789 258 Deutsche
818 221 1177 265 Reformvorschlage
1203 220 1262 255 fur
1287 221 1345 255 die
1372 221 1414 256 R.
1442 226 1484 257 st.
1514 224 1611 257 1829.

377 370 476 408 NB.
539 369 592 406 In
632 378 887 416 unaquaque
917 378 964 404 re
988 368 1234 415 praemium
1265 379 1398 405 unum
1442 370 1517 405 aut
1549 367 1683 416 plura
1720 368 1864 417 forent
1888 379 1970 416 pro

241 444 538 484 consuetudine
576 443 655 480 loci
696 446 732 480 et
771 453 943 480 numero
991 441 1312 490 discipulormn.
1357 462 1412 466 —
1453 443 1772 491 Nonnunquam
1812 442 1972 480 dantur

240 523 416 569 insuper
447 519 648 567 praemia
680 529 732 555 em
771 517 947 565 epistola
981 517 1119 555 latina
1152 520 1187 554 et
1225 517 1476 565 vernacula,
1511 518 1621 567 qnod
1650 518 1757 556 mihi
1789 517 1970 566 quidem,

241 596 356 633 salvo
388 594 554 632 melz'ori
573 592 762 642 judicio,
798 604 1006 641 perquomn
1040 593 1244 630 absonum
1274 592 1441 630 videtur
1472 605 1523 630 ac
1553 593 1799 640 ridiculum,
1833 593 1971 641 siqui-

241 670 333 708 dem
366 669 542 719 epi-stola
573 670 620 707 in
651 669 840 706 oratione
872 671 907 705 et
938 668 1266 718 amplificatione
1298 668 1593 717 comprehendi
1624 667 1777 706 debeat.

302 792 378 834 III.
429 792 482 834 In
516 793 710 835 scholis
742 792 1114 845 grammatices.

384 881 418 919 1.
468 878 531 919 Ex
564 880 756 921 versione
788 879 1180 922 vernaculo-latina.

381 955 418 994 2.
470 954 532 995 Ex
565 954 756 997 versione
788 954 1182 997 latino-vernacula.

383 1031 420 1071 3.
470 1028 533 1070 Ex
564 1029 709 1080 lingua
740 1042 892 1082 graeca
926 1029 1057 1083 (quod
1090 1029 1347 1082 praemium,
1380 1032 1428 1070 ut
1459 1040 1534 1081 pro
1568 1027 1721 1079 latina,
1754 1025 1976 1080 multiplex

244 1116 335 1146 esse
368 1106 542 1157 posset).

381 1237 481 1274 NB.
544 1238 597 1275 In
628 1248 830 1286 suprema
859 1239 1147 1286 yrammatica
1180 1238 1306 1275 etiam
1340 1237 1526 1274 carmini
1557 1237 1801 1285 praemium
1832 1234 1973 1273 datur.

243 1331 299 1335 ——
337 1311 422 1350 Hie
461 1312 540 1350 lori
579 1314 704 1350 etiam
749 1311 1071 1360 Calliyraplzi(te
1111 1315 1356 1349 reservatur
1394 1313 1441 1349 in
1480 1311 1635 1349 scholis
1672 1312 1977 1360 yrammatices

237 1389 506 1435 praemiimz;
540 1387 659 1436 qnod,
692 1390 840 1425 merim
872 1389 1063 1425 omnibns
1095 1387 1250 1425 scholis
1282 1399 1499 1425 commune
1530 1399 1592 1433 asc,
1625 1388 1665 1424 si
1687 1386 1838 1435 placet,
1870 1385 1978 1423 mul-

246 1462 392 1510 tipleoe,
425 1462 482 1500 ad
504 1462 654 1500 caleam
690 1465 936 1512 rejiceretur
946 1476 960 1509 ;
990 1474 1072 1500 non
1103 1462 1271 1500 videtur
1303 1464 1412 1500 enim
1435 1462 1494 1499 ad
1524 1461 1670 1500 lerdmn
1702 1461 1972 1507 litterarium,

246 1549 324 1585 quo
356 1539 477 1575 ‹zmice
508 1549 777 1586 occupamur,
810 1541 1002 1586 spectare
1035 1537 1336 1587 ealliyraphia.

385 1657 455 1698 Ad
488 1658 693 1710 regulas
728 1660 880 1699 2-11,
945 1658 1050 1700 Cum
1084 1671 1164 1699 non
1206 1658 1342 1700 solum
1381 1658 1702 1713 scriptionibus,
1742 1657 1816 1699 sed
1848 1657 1976 1698 etiam

247 1732 508 1773 examinibus
542 1733 593 1774 de
625 1733 818 1774 doctrina
850 1733 1099 1783 christiana,
1142 1733 1192 1775 (16
1231 1733 1408 1775 historia
1440 1738 1482 1775 et
1520 1733 1796 1787 geographia,
1840 1733 1977 1786 deque

247 1806 513 1849 arithmetica
548 1809 737 1861 praemia
775 1810 1089 1862 proponantur,
1132 1809 1244 1850 haud
1287 1809 1435 1851 inutile
1477 1809 1586 1851 foret
1625 1809 1754 1850 etiam
1797 1821 1874 1863 pro
1914 1807 1977 1849 his

247 1883 360 1936 leges
403 1883 682 1938 constituere,
720 1883 919 1925 nimirum
954 1887 1001 1925 ut
1042 1885 1221 1936 sciatur,
1264 1888 1407 1926 utrum
1447 1884 1616 1938 scriptis
1649 1897 1700 1926 an
1745 1884 1841 1926 viva
1876 1896 1977 1926 voce

248 1958 320 1999 illa
342 1958 533 1999 examina
565 1958 786 2001 instituere
809 1959 1022 2012 expediat;
1056 1962 1198 2001 utrum
1233 1960 1323 2002 sola
1354 1960 1457 2002 haec
1489 1960 1681 2002 examina
1706 1959 1757 2001 de
1789 1958 1976 2012 praemio

250 2033 444 2074 decidere
487 2032 688 2088 debeant,
730 2046 781 2075 an
816 2047 913 2076 vero
957 2034 1081 2076 simul
1126 2035 1436 2088 computandae
1468 2035 1552 2077 sint
1592 2033 1977 2087 interrogationum

250 2111 376 2150 notae
407 2121 482 2161 per
522 2121 678 2150 annum
723 2109 970 2162 acquisitae.
1034 2109 1112 2152 Hic
1149 2110 1228 2151 loci
1267 2113 1308 2152 et
1350 2110 1445 2152 viva
1487 2122 1587 2152 voce
1626 2109 1733 2151 fiunt
1771 2108 1977 2161 examina,

253 2186 295 2223 et
327 2186 629 2236 computantur
660 2187 786 2225 notae
818 2197 893 2237 per
925 2197 1081 2226 annum
1114 2185 1366 2238 acquisitae3
1409 2185 1467 2227 ita
1499 2188 1548 2227 ut
1579 2185 1682 2227 haec
1713 2184 1976 2226 constituant

255 2258 427 2299 tertiam
460 2261 623 2312 partein
657 2261 854 2300 notarum
887 2259 1109 2309 examinis3
1143 2260 1214 2313 qui
1246 2273 1336 2302 mos
1369 2260 1639 2314 praeplacere
1671 2259 1851 2302 videtur.

392 2362 655 2416 Appendix
703 2363 762 2405 ad
803 2376 901 2416 reg.
939 2365 1002 2404 12.
1075 2363 1192 2405 Solet
1238 2363 1279 2405 in
1325 2364 1539 2417 plerisque
1584 2361 1814 2417 gymnasiis
1860 2373 1980 2415 prae-

252 2438 433 2479 miorum
466 2438 683 2491 catalogus
717 2438 828 2491 typis
863 2438 1056 2480 mandari
1089 2451 1137 2481 ac
1170 2438 1379 2481 distribui.
1433 2439 1589 2480 Noster
1622 2450 1762 2480 coram
1795 2436 1980 2479 exhiberi

252 2512 419 2566 poterit⁴
475 2513 522 2554 In
556 2525 603 2554 co
637 2512 860 2566 displicent
882 2513 1031 2566 elogia,
1064 2526 1174 2566 quae
1202 2514 1268 2555 vix
1301 2513 1425 2555 aliter
1456 2526 1583 2566 quam
1615 2513 1777 2555 insulsa
1794 2510 1978 2566 judicari

254 2591 451 2641 possunt;
493 2587 686 2630 sufficere
720 2588 906 2641 videtur,
948 2588 983 2629 si
1016 2588 1184 2641 publice
1217 2589 1469 2644 recitentur,
1513 2588 1613 2641 quin
1647 2601 1741 2629 cum
1773 2587 1979 2629 dedecore

254 2662 563 2715 imprimantur.
619 2662 705 2704 Nec
738 2662 941 2704 deberent
972 2663 1096 2716 adjici
1129 2666 1254 2706 notae
1287 2663 1565 2719 diffamantes,
1599 2662 1833 2716 eujusmodi
1861 2665 1977 2704 sunt:

255 2736 527 2789 adrepunt„
560 2737 770 2790 inglorii
803 2740 1110 2793 sequnntur,
1154 2751 1327 2791 agmen
1362 2738 1614 2781 claudunt
1645 2737 1976 2790 adrepentes3

254 2816 369 2864 post
403 2812 586 2853 stellas
619 2811 935 2867 nominandi,
968 2816 1010 2854 et
1038 2813 1162 2866 plura
1183 2813 1280 2862 alia,
1314 2826 1422 2866 quae
1444 2825 1526 2854 non
1559 2812 1695 2854 minus
1718 2810 1977 2864 professores

256 2886 440 2928 incultae
471 2886 737 2939 stupiditatis
771 2899 818 2928 ac
850 2886 1107 2943 imperitiae,
1140 2900 1267 2940 quam
1299 2887 1496 2941 pigritiae
1530 2886 1761 2940 discipulos
1793 2889 1978 2938 arguunt

255 2963 329 3002 aut
374 2961 693 3013 ignorantiae1).
765 2960 952 3003 Dubium
992 2974 1073 3003 non
1115 2965 1200 3017 est,
1247 2962 1347 3015 quin
1390 2962 1508 3015 pueri
1555 2961 1705 3003 timida
1750 2959 1977 3003 illiusmodi

399 3141 421 3181 ¹)
450 3138 639 3180 Dei-artige
668 3137 841 3181 Epitheta
867 3143 968 3173 sonst
995 3139 1029 3172 in
1057 3140 1120 3173 der
1147 3138 1389 3173 Gesellsehaft
1414 3138 1504 3172 -Jesu
1531 3139 1629 3172 nicht
1655 3137 1921 3181 gebrauchlich.
