2164 3535
599 244 888 280 Oberdeutscher
913 243 1184 287 Lektionsplan.
1237 245 1335 279 1736.
1774 246 1827 288 33

244 385 326 426 Pro
366 384 561 426 Carmine
606 383 924 437 praeceptiones
971 383 1134 426 desumi
1187 396 1236 425 ex
1274 385 1514 427 Aristotelis
1557 384 1746 440 Poetica‚
1793 385 1827 426 si

106 460 343 513 videbitur⁷
389 462 610 513 poterunt,
657 459 722 500 cui
770 458 1047 500 declarandae
1093 457 1292 500 adhibere
1338 458 1480 501 licebit
1520 459 1827 501 Bibliothecam

105 536 338 578 Rhetorum
381 535 425 575 P.
460 534 555 587 Jayi
596 546 645 575 ea
683 538 824 588 parte,
870 546 979 586 quae
1021 533 1074 575 ad
1115 533 1361 576 facultatem
1395 534 1609 577 Poeticam
1650 539 1825 588 spectat,

106 611 187 666 (Ex
230 610 368 652 citatis
412 609 514 650 locis
546 609 645 661 Regu
681 614 723 650 et
755 608 927 650 Observ.
962 608 1015 649 ad
1048 607 1136 650 Cat.
1171 608 1258 661 lib.)
1320 609 1382 650 Ex
1419 609 1560 652 Poetis
1607 610 1708 663 ipsis
1757 609 1829 662 qui

104 685 389 740 probatissimi
427 688 546 735 sunt,
578 684 624 724 P.
660 683 860 736 Virgilius
893 683 1011 725 Maro
1023 717 1033 738 ,
1067 683 1112 734 Q.
1147 684 1351 726 Horatius
1385 685 1559 728 Flaccus
1598 688 1698 741 etc.7
1730 686 1827 728 usui

104 764 242 802 erunt.
305 760 386 812 (Ex
414 759 516 811 Reg.
552 762 570 800 1
606 758 727 800 Rhet.
762 762 804 799 et
835 758 935 800 Ord.
971 758 1069 811 Sup.
1103 759 1145 800 in
1179 759 1269 801 Cat.
1304 773 1397 802 ann.
1431 761 1544 815 libr.)

241 835 305 876 Ex
326 834 498 876 Graecis
530 833 583 874 ad
605 833 873 874 Rhetoricam
906 833 1090 886 pertinet
1111 833 1378 887 Syllabarum
1413 837 1591 879 maxime
1624 836 1827 878 dimensio

104 914 147 952 et
177 910 339 964 plenior
370 908 597 950 authorum
630 920 677 950 ac
711 908 988 949 dialectorum
1020 908 1220 964 cognitio,
1252 922 1412 951 necnon
1438 910 1635 965 Syntaxis
1656 912 1828 953 ineunte

107 998 214 1027 anno
258 985 443 1026 breviter
486 984 720 1026 recolenda.
785 984 948 1037 (Regi
985 988 1027 1025 et
1060 987 1112 1025 14
1143 984 1286 1036 Rhet.)
1352 985 1600 1039 Explicandi
1641 999 1740 1039 ergo
1779 999 1827 1028 ex

103 1059 446 1102 Institutionibus
488 1059 656 1111 linguae
689 1058 878 1100 Graecae
920 1071 944 1099 a
976 1059 1018 1099 P.
1053 1058 1213 1101 Jacobo
1247 1059 1448 1102 Gretsero
1490 1061 1615 1103 editis
1657 1061 1764 1103 liber
1784 1063 1827 1103 ΙΙ

103 1140 145 1178 et
166 1136 230 1177 III
262 1135 414 1188 quibus
447 1134 634 1188 syntaxis
657 1133 822 1175 Graeca
853 1137 894 1175 et
915 1134 1173 1187 syllabarum
1205 1134 1408 1177 dimensio
1442 1136 1825 1189 comprehenditur.

103 1212 195 1265 (Ex
244 1224 324 1252 usu
371 1211 493 1252 Prov.
543 1215 584 1251 et
632 1209 776 1251 Ordin.
828 1208 976 1262 Super.
1026 1210 1067 1251 in
1121 1209 1334 1264 Catalogis
1387 1212 1537 1254 annuis
1589 1212 1826 1265 librorum.)

101 1286 314 1328 Authores
355 1286 572 1340 praecipui
612 1289 653 1327 et
696 1285 858 1327 classici
898 1290 1123 1327 censentur
1164 1286 1495 1343 Demosthenes,
1537 1288 1678 1341 Plato,
1716 1287 1827 1328 Thu-

102 1362 294 1417 cydides,
328 1362 559 1415 Homerus,
593 1360 827 1411 Hesiodus.v
861 1360 1068 1402 Pindarus
1107 1364 1149 1402 et
1191 1361 1261 1402 alii
1291 1361 1531 1414 hujusmodi
1570 1362 1710 1413 (modo
1743 1362 1828 1403 sint

104 1437 364 1492 expurgati),
398 1437 511 1478 inter
541 1448 647 1489 quos
674 1437 771 1489 jure
803 1436 960 1489 optimo
985 1435 1057 1478 SS.
1081 1436 1390 1493 Nazianzenus,
1421 1437 1603 1480 Basilius
1635 1442 1677 1479 et
1699 1437 1828 1491 Chry-

102 1516 315 1555 sostomus
347 1511 587 1565 reponendi.
642 1512 761 1564 (Reg.
789 1512 841 1553 13
873 1511 1016 1564 Rhet.)

241 1588 356 1629 Alios
387 1591 609 1640 praeterea
631 1586 856 1636 Authores,
889 1590 979 1628 tum
1002 1587 1176 1629 Latinos
1207 1590 1298 1629 tum
1331 1587 1529 1643 Graecos,
1562 1589 1634 1641 qui
1666 1587 1827 1629 utiliter

103 1662 294 1704 adhiberi
336 1664 424 1703 tam
463 1674 486 1703 a
528 1661 783 1703 Rhetoribus
824 1674 951 1714 quam
992 1674 1015 1702 a
1055 1665 1319 1704 caeterarum
1359 1663 1567 1705 Classium
1609 1663 1824 1716 discipulis

102 1738 276 1791 possint,
311 1740 531 1779 enumerat
563 1737 786 1778 Iuvencius
816 1739 960 1778 noster
992 1737 1042 1778 de
1074 1738 1168 1779 Rat.
1204 1738 1291 1780 doc.
1326 1751 1401 1792 cap
1441 1740 1464 1779 2
1499 1741 1576 1780 art.
1604 1741 1639 1779 7.

240 1812 505 1855 Christianae
542 1812 756 1864 religionis
789 1811 989 1864 dogmata
1020 1813 1269 1866 explicanda
1300 1819 1397 1855 sunt
1431 1828 1479 1856 ex
1512 1813 1685 1855 Summa
1718 1814 1824 1856 Doc-

101 1889 236 1931 trinae
270 1888 533 1929 Christianae
574 1887 679 1939 (sive
721 1899 769 1927 ex
802 1886 1065 1928 Catechismo
1098 1889 1276 1944 maj0re‚
1314 1902 1438 1942 quem
1476 1890 1601 1942 vulgo
1641 1890 1825 1943 appella-

101 1965 214 2015 mus)
246 1964 347 2004 Ven.
378 1963 423 2004 P.
457 1962 572 2004 Petri
606 1962 759 2015 Canisi,
793 1963 912 2015 cujus
946 1962 1061 2004 aliud
1093 1965 1221 2016 atque
1253 1964 1367 2005 aliud
1399 1964 1439 2005 in
1473 1976 1604 2006 annos
1635 1965 1822 2017 singulos

102 2030 333 2081 assumitur
372 2040 518 2093 caput,
558 2037 913 2090 quemadmodum
945 2037 986 2078 111
1020 2037 1232 2091 Catalogis
1264 2039 1414 2081 annuis
1452 2039 1656 2081 librorum
1696 2040 1823 2082 adno-

101 2117 231 2155 tatur.
298 2113 441 2155 Solent
481 2117 523 2154 et
554 2116 684 2154 Actus
716 2113 1017 2165 Apostolorum
1056 2113 1138 2165 legi
1170 2113 1330 2156 Graece
1362 2115 1428 2156 die
1465 2116 1659 2157 sabbathi
1693 2120 1821 2168 atque

101 2189 324 2243 explicari,
373 2188 439 2230 vel
485 2200 630 2230 eorum
679 2188 769 2230 loco
812 2188 1059 2242 Panegyrici
1101 2188 1140 2230 S.
1176 2188 1477 2243 Chrysostomi.
1542 2191 1818 2245 (Consuetud.

102 2264 222 2305 Prov.
258 2276 348 2317 cap.
382 2265 418 2304 6.
453 2276 566 2304 num.
600 2265 623 2304 7
657 2265 699 2305 et
730 2265 788 2314 8.)

239 2339 479 2381 Eruditioni
521 2339 675 2381 serviet
715 2339 1067 2381 Rudimentorum
1104 2340 1521 2393 Historicorum¹)
1560 2342 1821 2395 Opusculum

102 2418 286 2465 sextum,
319 2414 361 2455 id
393 2419 470 2469 est,
503 2415 698 2468 Epitome
729 2415 944 2457 Historiae
976 2416 1310 2458 Ecclesiasticae.
1375 2417 1492 2468 (Ord.
1527 2416 1674 2470 Super.
1707 2418 1820 2471 nov.)

595 2684 638 2730 2.
701 2681 866 2730 Libri
914 2681 1341 2731 Humanitatis.

240 2793 568 2848 Praeceptorum
607 2796 858 2838 Rhetoricae
898 2796 1036 2838 brevis
1077 2809 1242 2839 summa
1283 2810 1331 2838 ex
1364 2796 1573 2850 Cypriano
1614 2797 1820 2839 tradetur.

104 2868 223 2921 (Reg.
254 2871 273 2910 1
309 2869 453 2923 Hum.)
517 2871 789 2913 Adhibendae
836 2871 1011 2924 proinde
1056 2872 1227 2914 tabulae
1273 2872 1461 2925 ejusdem
1510 2872 1727 2927 Cypriani,
1775 2885 1823 2914 ex

102 3007 142 3042 L.
169 3008 355 3043 Muraena.
411 3008 480 3043 Pro
514 3008 553 3043 P.
581 3009 688 3054 Sylla.
744 3009 814 3044 Pro
848 3009 950 3043 domo
984 3019 1049 3044 sua
1081 3009 1127 3044 ad
1157 3009 1363 3045 Pontifices.
1421 3010 1459 3044 P.
1487 3009 1567 3044 Chr.
1598 3009 1705 3043 Wahl
1729 3008 1820 3052 (Ell-

103 3075 252 3110 wangen
280 3069 386 3110 1676,
424 3069 527 3111 1696,
557 3068 662 3110 1738)
694 3077 767 3101 war
800 3067 905 3110 lange
938 3066 1125 3102 Professor
1159 3068 1222 3102 der
1257 3068 1434 3102 Rhetorik
1467 3068 1503 3101 in
1535 3067 1716 3101 Mfinchen
1749 3065 1822 3100 und

103 3123 278 3167 Neuburg
303 3133 334 3158 a.
353 3124 397 3158 D.

244 3183 268 3225 ¹)
296 3182 329 3215 S.
357 3181 425 3216 den
451 3182 646 3217 Abschnitt
672 3183 759 3217 iiber
785 3182 1013 3218 Geschichte.

171 3252 358 3278 Monumenta
378 3252 553 3279 Germaniae
575 3254 779 3286 Paedagogica
799 3254 873 3280 XVI·
1551 3243 1573 3275 3
