2164 3535
211 223 296 264 410
517 221 620 257 Neue
648 221 1011 265 Studienvorschlage
1042 222 1105 256 der
1131 222 1329 257 deutschen
1356 222 1508 257 Provinz
1537 226 1634 259 1830.

212 362 522 416 pretationibus
561 362 783 403 materiam
825 361 1029 415 praebere
1071 362 1225 415 possit,
1267 362 1301 404 si
1340 362 1448 405 forte
1481 362 1719 404 studiorum
1752 365 1858 405 ratio
1889 364 1931 406 in

211 437 401 491 ipsorum
440 450 590 479 manus
633 437 859 479 devenerit.
923 437 1180 479 Prudentius
1222 437 1330 480 forte
1373 440 1485 480 esset
1524 451 1599 492 pro
1640 438 1718 480 hoc
1750 441 1792 480 et
1823 439 1934 480 omni

212 515 401 566 tempore
434 515 639 554 annotare
671 512 784 565 quod
816 512 997 555 habetur
1027 526 1111 566 reg.
1133 516 1185 555 16
1209 514 1259 556 de
1282 514 1597 556 professoribus
1621 514 1932 571 Philosophiae,

211 601 263 629 ne
311 588 395 629 sint
443 587 496 628 ad
535 588 745 630 novitates
786 588 907 641 proni
948 590 990 630 et
1029 589 1184 641 ingenii
1223 589 1345 631 nimis
1388 589 1532 644 liberi,
1582 602 1630 632 ac
1670 590 1844 644 insuper
1887 592 1935 632 ut

211 663 295 705 sint
334 663 499 704 omnino
533 663 672 705 devoti
705 663 920 705 Ecclesiae
953 676 1161 717 veraeque
1193 664 1282 705 eius
1317 664 1533 707 doctrinae
1564 678 1640 718 pro
1674 665 1832 707 viribus
1865 666 1934 708 de-

210 738 454 781 fendendae.

347 813 419 855 Ad
459 827 555 867 reg.
595 816 658 856 12.
721 814 827 856 Cum
867 827 915 856 ex
956 815 1124 857 decreto
1169 815 1321 867 Congr.
1356 816 1375 857 Ι
1419 829 1442 857 a
1485 816 1685 858 restituta
1726 816 1935 860 Societate

211 901 356 932 omnes
388 902 462 943 per
496 890 724 932 triennium
746 890 1000 943 Theologiae
1032 891 1180 932 morali
1213 891 1386 933 studere
1417 891 1610 942 debeant,
1644 892 1812 934 videtur
1833 892 1935 935 haec

211 965 359 1016 regula
391 965 445 1007 ad
477 965 635 1007 dictum
668 966 885 1008 decretum
916 967 1164 1010 revocanda.

346 1040 422 1082 Ad
453 1053 551 1093 reg.
590 1043 653 1083 17.
718 1041 809 1083 Mos
842 1041 1038 1097 invaluit,
1077 1045 1125 1084 ut
1157 1043 1322 1085 biennio
1357 1055 1506 1085 cursus
1540 1043 1834 1097 Philosophiae
1866 1044 1933 1086 ab·

210 1116 412 1158 solvatur.
463 1116 706 1170 Optandum
740 1121 881 1159 tamen
914 1121 1039 1169 esset,
1072 1122 1133 1173 ut,
1166 1119 1201 1160 si
1233 1118 1403 1172 quidem
1427 1118 1572 1161 Nostri
1604 1119 1769 1161 scholas
1802 1120 1938 1173 publi-

210 1205 279 1234 cas
327 1193 577 1246 plerumque
623 1192 917 1247 frequentant,
970 1194 1029 1235 ita
1076 1206 1225 1235 cursus
1274 1194 1586 1248 philosophicus
1638 1195 1935 1251 constituatur,

211 1271 260 1310 ut
299 1269 445 1310 Nostri
497 1268 678 1310 debeant
726 1272 769 1310 ct
814 1269 974 1310 externi
1016 1269 1182 1322 possint
1222 1270 1402 1312 triennio
1445 1269 1742 1324 philosophicis
1785 1270 1936 1312 studiis

211 1343 401 1386 detineri.

348 1419 418 1461 Ad
459 1433 558 1473 reg.
597 1422 659 1462 18.
728 1420 859 1462 Moris
901 1433 1069 1474 quoque
1110 1424 1196 1475 est,
1241 1425 1287 1463 ut
1327 1423 1520 1475 repetitio
1565 1421 1809 1463 Rhetorices
1853 1434 1936 1462 uno

210 1508 319 1537 anno
362 1496 628 1547 absolvatur3
672 1497 705 1539 si
748 1500 890 1539 tamen
933 1510 1082 1539 cursus
1121 1497 1436 1551 philosophicus
1470 1498 1596 1539 latius
1629 1500 1817 1552 pateret,
1858 1497 1938 1538 uti-

209 1571 367 1613 lissime
398 1572 581 1614 maxime
612 1585 688 1626 pro
720 1572 864 1625 lingua
897 1573 1143 1627 vernacula,
1187 1573 1401 1614 biennium
1434 1573 1646 1625 integrum
1678 1572 1939 1626 impendere-

210 1650 300 1698 tur3
332 1647 415 1688 imo
448 1647 527 1689 nisi
558 1647 708 1689 saltem
740 1661 816 1701 per
848 1647 1021 1701 aliquod
1045 1651 1212 1700 tempus
1237 1648 1447 1689 biennium
1470 1648 1782 1701 introducatur,
1817 1647 1938 1689 valde

209 1722 442 1764 timendum
485 1727 569 1774 est,
613 1736 664 1765 ne
707 1723 895 1765 studium
938 1726 981 1765 et
1023 1723 1203 1776 cognitio
1236 1724 1371 1766 solida
1402 1724 1570 1777 linguae
1602 1736 1779 1778 graecae
1814 1723 1939 1777 plane

209 1798 435 1840 intercidat
475 1803 550 1840 aut
588 1799 716 1840 etiam
758 1811 779 1841 e
820 1799 973 1841 scholis
1012 1799 1168 1841 nostris
1209 1800 1370 1855 exulet,
1418 1799 1482 1841 vel
1522 1799 1693 1841 tandem
1735 1804 1938 1852 tanquam

212 1886 366 1915 vanum
389 1874 664 1916 simulacrum
687 1874 947 1917 exhibeatur.
998 1875 1045 1916 V.
1079 1875 1181 1928 Reg.
1208 1877 1230 1916 7
1264 1876 1379 1917 Rect.
1431 1876 1487 1917 Et
1509 1888 1603 1917 cum
1625 1875 1689 1917 his
1713 1874 1938 1917 Societatis

210 1949 340 1991 initiis
389 1963 438 1991 ex
481 1950 609 1992 variis
660 1963 708 1992 ac
757 1951 1052 1993 diversissimis
1106 1951 1289 2004 collegiis
1334 1950 1547 1992 confluant
1583 1952 1760 2004 juvenes
1802 1949 1940 1992 Socie-

148 2057 151 2060 1
209 2025 289 2066 tati
320 2038 470 2067 nomen
514 2026 678 2079 daturi,
726 2027 796 2080 qui
837 2027 954 2080 proin
1005 2039 1174 2080 quoque
1216 2026 1342 2068 variis
1384 2026 1593 2068 methodis
1639 2027 1701 2067 usi
1743 2028 1843 2068 sunt
1885 2025 1937 2067 ad

210 2100 457 2142 discendum
496 2101 610 2154 quod
654 2103 812 2153 sciunt,
855 2102 1022 2143 omnino
1064 2102 1350 2143 necessarium
1393 2106 1478 2151 est,
1522 2105 1569 2142 ut
1610 2102 1846 2143 formentur
1884 2100 1938 2142 ad

211 2176 405 2229 Magistri
444 2190 618 2227 munus,
659 2179 705 2218 ut
742 2178 802 2219 ita
842 2177 1027 2219 methodi
1059 2177 1201 2230 aliqua
1232 2177 1499 2219 uniformitas
1532 2177 1682 2219 saltem
1713 2177 1756 2218 in
1788 2175 1938 2218 eadem

212 2251 425 2304 provincia
455 2251 675 2294 habeatur.
740 2253 787 2294 V.
823 2266 908 2305 reg.
935 2256 970 2294 5.
1006 2252 1141 2294 Praef.
1178 2253 1287 2295 stud.
1324 2253 1395 2294 inf.

350 2327 419 2368 Ad
451 2340 549 2380 reg.
577 2330 626 2370 19
661 2330 735 2382 §4
811 2328 989 2370 Omnino
1024 2328 1257 2370 curandum
1291 2332 1369 2381 est,
1403 2331 1463 2379 ut,
1504 2341 1597 2369 cum
1631 2327 1777 2369 Nostri
1809 2326 1936 2368 etiam

213 2402 445 2444 mediocres
487 2403 527 2443 in
564 2403 690 2445 variis
732 2403 977 2446 ministeriis
1011 2404 1243 2457 exponendi
1277 2404 1383 2458 sint,
1426 2406 1596 2456 praeter
1634 2415 1808 2444 casuum
1853 2404 1940 2443 stu-

212 2476 327 2518 dium
374 2477 598 2531 adjiciatur
641 2478 858 2534 ordinata,
911 2479 985 2521 sed
1038 2479 1337 2532 compendiosa
1379 2478 1560 2520 eruditio
1604 2477 1714 2519 circa
1754 2477 1937 2529 reliquas

212 2551 484 2605 Theologicas
517 2553 770 2606 disciplinas.
836 2555 1056 2596 Provisum
1090 2555 1209 2595 Decr.
1240 2556 1290 2595 16
1325 2554 1451 2606 Cong.
1488 2553 1600 2595 XXI.

349 2634 421 2674 Ad
453 2646 503 2675 re
516 2647 552 2686 g
589 2636 653 2675 20.
719 2635 856 2685 Quum
890 2635 1013 2676 hodie
1045 2636 1151 2677 tanti
1184 2634 1259 2676 fiat
1281 2635 1500 2689 Mathesis,
1533 2637 1575 2676 et
1607 2634 1731 2686 hujus
1756 2632 1937 2685 cognitio

210 2708 252 2749 in
284 2708 464 2761 physicis
500 2709 728 2762 disciplinis
759 2723 921 2752 summe
953 2710 1192 2752 necessaria
1224 2710 1298 2763 sit,
1341 2710 1511 2751 videtur
1542 2709 1664 2751 lectio
1698 2707 1937 2749 Matheseos

216 2783 269 2824 ad
306 2783 454 2825 horam
492 2784 699 2837 integram
740 2785 1045 2838 protrahenda:
1094 2785 1207 2838 quod
1240 2789 1454 2826 caeterum
1488 2784 1643 2836 ubique
1673 2783 1713 2823 in
1748 2795 1827 2823 usu
1859 2784 1933 2823 est.

186 2843 275 2898 'An
317 2871 414 2899 vero
453 2871 529 2912 per
566 2862 702 2900 totum
739 2873 911 2901 cursum
943 2855 1278 2913 philosophicum
1313 2859 1549 2901 continuari
1582 2858 1763 2899 debeant
1794 2857 1938 2910 hujus-

213 2933 325 2974 modi
366 2933 565 2975 lectiones
580 2935 599 2975 ⁸?
660 2934 851 2976 Suadent
892 2935 1063 2988 quidem
1097 2936 1282 2977 rationes
1315 2947 1446 2988 supra
1478 2934 1654 2982 allatae,
1698 2936 1764 2974 ast
1796 2931 1938 2973 obstat

212 3008 417 3061 imprimis
450 3009 653 3057 taedium,
686 3022 769 3062 quo
802 3010 991 3064 plerique
1027 3010 1219 3064 discipuli
1244 3010 1498 3055 afficiuntur,
1532 3008 1630 3061 quia
1652 3020 1803 3061 parum
1825 3006 1936 3047 utili-

214 3085 344 3125 tatem
377 3084 619 3126 Matheseos
652 3085 933 3138 perspiciunt3
976 3086 1070 3126 hinc
1103 3085 1226 3126 multi
1258 3087 1381 3138 sunt,
1421 3086 1634 3125 caeterum
1667 3081 1832 3136 optimi,
1866 3079 1936 3133 qui

213 3157 291 3200 hoc
342 3159 529 3202 studium
584 3172 759 3214 prorsus
813 3163 1115 3215 aspernantur3
1174 3164 1221 3201 ut
1273 3163 1415 3201 autem
1462 3158 1601 3201 omnia
1649 3156 1935 3209 concilientur,
