2164 3535
451 195 700 230 Gemeinsame
727 195 1061 239 Convictsordnung
1087 194 1150 229 der
1175 198 1300 230 osterr.
1328 195 1480 230 Provinz
1510 199 1606 231 1654.
1808 201 1889 241 257

310 335 372 375 16.
423 333 527 376 Cum
561 335 744 376 externis
776 335 946 388 negotia
977 335 1093 376 nulla
1124 335 1395 389 tractabunt,
1437 348 1512 378 nec
1543 336 1689 378 literas
1723 337 1787 378 vel
1820 337 1892 378 da-

169 408 275 449 bunt
309 409 372 450 vel
403 409 622 462 accipient,
655 422 763 462 quae
794 409 1007 452 honestati
1041 410 1103 452 vel
1135 410 1370 463 integritati
1405 423 1570 452 morum
1602 413 1644 453 et
1667 411 1821 465 studijs
1846 424 1894 453 ac

170 483 416 536 disciplinae
455 483 604 526 domus
644 484 860 526 adversari
887 485 1208 538 judicabuntur.
1271 485 1415 526 Sciant
1446 486 1622 538 proinde
1654 499 1780 539 penes
1814 487 1891 528 Re-

169 560 337 609 gentem
367 557 457 599 fore
488 561 741 611 potestatem
775 559 942 613 literas,
981 572 1091 612 quae
1123 561 1187 601 vel
1220 561 1273 602 ad
1305 561 1398 602 illos
1431 561 1585 602 missae
1617 561 1795 616 fuerint,
1828 561 1893 603 vel

169 632 222 673 ab
253 632 334 673 illis
366 632 447 673 alio
481 633 723 688 mittentur,
766 633 930 686 legendi
963 647 1030 688 ac,
1072 635 1107 676 si
1139 635 1373 691 videbitur,
1417 636 1545 677 etiam
1585 636 1892 690 supprimendi,

168 707 352 759 exceptis
384 707 449 759 ijs,
481 719 590 759 quae
622 720 646 748 a
668 708 921 749 Parentibus
954 712 997 749 et
1028 709 1238 751 Praelatis
1272 711 1450 764 alijsque
1482 711 1524 752 in
1558 711 1764 764 dignitate
1797 724 1892 753 con-

167 781 343 837 stitutis,
385 782 449 824 vel
492 782 543 823 ab
583 782 655 837 ijs,
696 782 768 835 qui
811 795 881 824 eos
923 783 963 824 in
998 783 1169 825 domum
1202 785 1266 826 vel
1300 784 1582 827 Seminarium
1616 786 1892 841 collocarunt,

140 836 421 912 'scribentum
453 856 517 898 vel
549 869 654 909 quas
687 857 765 910 ipsi
798 857 852 898 ad
884 858 1054 900 eosdem
1086 859 1283 901 scribent.

310 945 372 984 17.
423 942 670 996 Superiores
717 947 760 985 et
800 944 1041 987 Praefectos
1090 958 1190 987 suos
1238 946 1463 987 observent
1504 959 1661 999 eosque
1701 947 1891 998 modeste

168 1018 441 1071 alloquantur
472 1021 514 1060 et
544 1019 848 1072 respondeant:
880 1020 992 1062 inter
1024 1034 1069 1062 se
1102 1033 1199 1063 vero
1232 1033 1314 1062 non
1338 1022 1422 1063 sint
1446 1022 1616 1074 litigiosi
1640 1026 1714 1064 aut
1738 1023 1891 1073 acerbi,

167 1093 240 1134 sed
273 1095 387 1146 pacis
420 1097 462 1135 et
493 1095 730 1136 animorum
762 1097 1068 1149 conjunctionis
1101 1096 1294 1138 studiosi.
1324 1100 1329 1149 1

310 1181 372 1221 18.
423 1179 465 1221 Si
503 1181 598 1233 quis
636 1181 678 1222 iu
711 1194 755 1223 re
789 1182 933 1235 aliqua
964 1181 1209 1237 deliquerit,
1249 1187 1426 1235 paratus
1459 1195 1550 1225 esse
1583 1183 1773 1239 debebit,
1817 1197 1892 1237 pro

169 1254 407 1307 Superioris
439 1255 614 1297 arbitrio
647 1269 740 1298 eam
772 1269 950 1310 poenam
984 1257 1140 1308 subire,
1176 1270 1284 1310 quae
1316 1258 1375 1299 illi
1408 1271 1484 1311 pro
1518 1259 1738 1300 retinenda
1769 1259 1892 1301 (lisci-

167 1330 282 1382 plina
313 1334 356 1371 et
386 1331 596 1372 communi
628 1330 737 1373 bono
770 1332 899 1373 fuerit
930 1332 1132 1374 iniuncta.

750 1740 918 1783 Ratio
958 1739 1317 1784 Admittendi

170 1828 556 1881 Convictores,
604 1834 707 1872 tam
751 1831 843 1887 ijS,
891 1832 978 1885 qui
1022 1832 1552 1887 admittilcupiunt,
1602 1846 1758 1887 quam
1802 1835 1893 1888 qui

168 1922 251 1951 eos
284 1910 330 1951 in
365 1910 664 1952 Convictum
704 1912 781 1953 vel
814 1911 1177 1967 Semilnarium
1215 1914 1423 1955 tradere
1462 1915 1659 1965 volunt,
1698 1917 1893 1971 scripto

665 1993 749 2034 vel
791 1993 955 2035 verbo
1000 1994 1392 2049 prolponenda.

307 2118 385 2169 Qui
430 2118 728 2160 Convictorum
771 2120 837 2161 vel
879 2119 1254 2163 Seminaristarum
1295 2135 1469 2164 numero
1511 2123 1693 2165 adscribi
1737 2125 1891 2178 volent,

167 2198 392 2247 sequentes
425 2194 684 2236 conditiones
716 2194 872 2237 habere
904 2195 1071 2237 debent.

310 2284 344 2323 1.
394 2282 451 2323 Vt
483 2281 538 2323 sit
569 2282 659 2323 eius
691 2282 858 2334 aetatis,
890 2285 938 2324 ut
969 2283 1033 2323 sui
1066 2284 1254 2336 corporis
1288 2297 1516 2337 rerumque
1548 2298 1723 2327 suarum
1747 2297 1891 2327 curam

168 2357 324 2399 habere
356 2358 510 2411 possit,
550 2358 708 2411 quique
740 2358 890 2399 saltem
922 2358 1062 2410 legere
1094 2362 1136 2400 et
1168 2359 1352 2401 scribere
1386 2342 1511 2413 sciat,
1544 2361 1684 2413 sitque
1716 2360 1893 2401 honesto

169 2432 259 2473 loco
292 2436 431 2481 natus,
463 2431 597 2474 bonae
629 2433 767 2474 famae
800 2444 847 2474 ac
878 2433 1045 2487 indolis,
1078 2446 1186 2486 quae
1211 2434 1339 2476 faciat
1362 2447 1477 2487 spem
1501 2435 1541 2476 in
1564 2435 1737 2488 pietate,
1770 2435 1894 2476 mori-

170 2507 248 2549 bus
280 2510 323 2549 et
354 2507 486 2549 literis
519 2507 616 2549 boni
648 2509 874 2561 profectus.

309 2595 345 2635 2.
394 2594 624 2635 Promittat
655 2607 699 2636 se
731 2594 884 2649 omnia,
917 2607 1026 2647 quae
1050 2594 1103 2636 ad
1126 2594 1402 2636 domesticam
1425 2595 1686 2649 disciplinam
1712 2609 1759 2639 ac
1783 2597 1894 2649 leges

170 2671 294 2722 (quas
327 2668 502 2721 proinde
534 2668 652 2722 prius
685 2669 828 2710 videre
860 2672 1046 2721 oportet)
1079 2681 1126 2710 ac
1161 2672 1249 2710 tam
1273 2669 1556 2712 obedientiam
1576 2671 1695 2712 Patri
1717 2672 1895 2724 Regenti

170 2756 298 2796 quam
320 2743 548 2785 Praefectis
563 2744 566 2798 l
583 2744 883 2797 praestandam
906 2744 1132 2799 pertinent,
1164 2748 1449 2800 servaturum,
1475 2746 1666 2799 sciatque
1687 2747 1895 2789 neminem

170 2818 211 2859 in
245 2817 449 2859 Convictu
490 2818 554 2859 vel
596 2819 636 2860 in
671 2818 904 2861 Seminario
938 2818 1228 2874 tolerandum,
1268 2820 1339 2873 qui
1373 2821 1436 2862 vel
1468 2821 1558 2874 ipse
1590 2834 1671 2862 non
1704 2821 1897 2875 proficiat

171 2892 236 2933 vel
268 2892 446 2934 aliorum
478 2892 713 2946 profectum
746 2893 960 2946 impediat.
1023 2894 1081 2934 Ac
1114 2897 1353 2946 propterea,
1387 2907 1481 2937 cum
1515 2896 1609 2948 quis
1642 2896 1788 2948 primis
1823 2909 1896 2937 sex

171 2967 385 3009 mensibus
418 2967 482 3009 vel
514 2980 595 3009 non
627 2967 829 3020 proficere
861 2968 925 3009 vel
959 2967 1062 3009 alios
1094 2968 1298 3021 impedire
1330 2969 1693 3023 deprehendetur,
1727 2983 1897 3013 monen-

172 3041 248 3083 dos
280 3054 350 3083 eos
383 3053 498 3094 esse,
542 3042 613 3094 qui
647 3043 736 3085 eius
769 3054 914 3084 curam
948 3045 1116 3096 gerent,
1158 3046 1206 3084 ut
1235 3043 1374 3096 ipsum
1406 3045 1471 3086 vel
1504 3048 1680 3086 avocent
1713 3045 1776 3086 vel
1809 3044 1895 3087 effi-

171 3116 326 3158 caciter
347 3117 614 3172 admoneant,
648 3131 698 3159 ne
721 3121 763 3159 et
784 3118 854 3159 ille
876 3118 1077 3169 temporis
1100 3118 1308 3160 iacturam
1332 3118 1471 3171 faciat,
1505 3122 1546 3160 et
1568 3120 1648 3172 ipsi
1672 3120 1894 3172 pecuniam

242 3192 430 3217 Monumenta
450 3191 624 3218 Germaniae
644 3192 850 3224 paedagogica
869 3192 946 3218 XVl.
1620 3188 1659 3222 17
