2164 3535
226 175 308 215 246
753 171 934 215 Speisung
958 180 1076 205 armer
1103 169 1303 205 Studenten
1332 173 1430 206 1635.

225 312 328 354 haec
371 312 423 354 de
464 312 653 366 reliquiis
694 312 883 354 ciborum
922 310 1184 365 pauperibus
1224 310 1428 353 studiosis
1462 310 1765 353 distribuendis
1797 312 1957 366 scripta

226 388 497 437 continetur).

368 484 402 523 1.
452 482 568 523 Patri
601 481 673 523 uni
705 481 914 523 commisit
945 480 1159 533 negotium
1183 480 1398 533 Pauperes
1420 478 1663 522 huiusmodi
1685 478 1956 535 suscipiendi,

228 560 532 610 susceptosque
575 569 623 598 eo
663 557 704 598 in
748 568 901 609 genere
943 555 1220 608 gubernandi.
1283 555 1325 597 Is
1367 556 1490 608 pater
1530 554 1641 596 inter
1673 554 1836 607 reliqua
1868 554 1959 596 dili-

227 636 375 685 genter
416 644 559 673 eorum
602 631 773 673 nomina
812 632 854 672 in
894 630 1051 672 librum
1088 630 1212 672 istius
1253 629 1532 671 ordinationis
1565 630 1723 671 referat
1755 629 1956 672 adiuncto

228 707 308 758 (110,
341 720 497 754 mense,
530 709 573 748 et
594 706 728 756 Anno,
761 719 845 759 quo
878 705 1063 759 suscepti
1098 707 1199 747 sunt
1230 705 1339 747 sicut
1361 707 1404 747 et
1426 704 1569 747 schola
1597 705 1639 746 in
1663 717 1748 758 qua
1769 704 1956 747 student.

228 783 284 824 Et
316 781 485 835 quando
519 781 756 831 discedunt,
790 781 1127 823 conditionemve
1162 779 1376 833 accipiunt
1397 780 1461 821 vel
1491 779 1650 832 aliquid
1674 779 1790 821 aliud
1813 791 1961 833 aggre-

228 858 404 899 diuntur
435 860 554 899 notet
586 869 668 910 quo
701 859 906 911 tempore,
939 868 1022 909 quo
1055 855 1236 905 1101111110,
1270 854 1434 896 bonone
1457 855 1676 896 1111111111οἱ>
1709 867 1761 897 1111
1784 854 1960 897 militiae

227 947 263 974 v.
298 946 334 986 g.
370 935 445 975 aut
476 932 682 986 Religioni
715 944 866 973 nomen
900 931 1095 974 dederint
1125 934 1167 972 et
1199 933 1379 972 caetera.

367 1027 402 1066 2.
452 1026 509 1067 Et
550 1025 649 1079 quia
687 1025 868 1067 credidit
901 1024 1039 1066 dictus
1071 1024 1199 1066 Pater
1230 1024 1457 1077 plerosque
1489 1036 1636 1065 eorum
1670 1022 1960 1065 studiosorum

228 1101 299 1153 qui
332 1101 618 1153 suscipientur
649 1101 816 1143 futuros
849 1100 1135 1155 honestiores,
1175 1112 1303 1153 quam
1335 1101 1383 1141 ut
1414 1099 1504 1141 sine
1535 1098 1699 1153 pudore
1739 1100 1962 1152 expectent

228 1176 537 1229 eleemosynam
570 1180 668 1218 111110
699 1176 810 1218 fores
845 1176 1029 1228 Domus,
1074 1175 1207 1217 voluit
1238 1188 1309 1217 005
1343 1174 1422 1217 sub
1455 1177 1616 1217 tectum
1648 1174 1762 1216 intra
1792 1175 1960 1228 portam

228 1250 395 1292 admitti
429 1263 477 1292 ea
508 1252 650 1292 tamen
684 1250 936 1304 conditione,
969 1253 1018 1292 ut
1048 1250 1170 1292 valde
1192 1250 1384 1292 modeste
1414 1249 1539 1292 111150
1561 1251 1724 1305 gerant,
1758 1261 1834 1291 nec
1857 1260 1960 1302 quo-

228 1338 355 1378 quam
389 1339 464 1379 per
495 1326 637 1368 aulam
671 1329 713 1368 et
744 1326 878 1367 multo
911 1325 1050 1367 minus
1084 1338 1158 1378 per
1180 1325 1363 1367 Domum
1387 1324 1646 1367 discurrant:
1679 1325 1728 1366 ut
1748 1324 1790 1366 in
1813 1336 1961 1366 eorum

231 1401 510 1443 instructione
544 1402 613 1455 §6
646 1404 884 1442 monentur.

369 1494 405 1535 3.
456 1493 601 1535 Voluit
642 1493 690 1535 iis
732 1493 803 1546 qui
847 1493 899 1535 ad
941 1493 1067 1535 istam
1109 1493 1418 1547 eleemosynam
1460 1492 1749 1534 admittuntur
1792 1494 1963 1546 praeter

230 1570 334 1611 bene
367 1568 550 1610 calidum
582 1568 793 1610 iusculum
826 1571 868 1610 et
890 1568 1027 1611 carnis
1049 1569 1247 1620 frustula,
1281 1568 1463 1610 aliumve
1486 1568 1640 1623 cibum,
1673 1568 1745 1621 qui
1769 1567 1811 1609 in
1834 1566 1961 1609 ollam

230 1645 271 1686 in
314 1644 453 1686 culina
494 1642 546 1684 ad
587 1643 664 1685 hoc
707 1646 1006 1697 praeparatam
1049 1643 1236 1685 iniicitur
1278 1642 1448 1696 quando
1483 1643 1538 1696 (52)
1571 1642 1645 1684 illa
1684 1645 1961 1697 evacuantur,

232 1722 397 1761 tantum
431 1719 620 1772 quotidie
654 1718 745 1760 dari
778 1718 898 1771 panis
932 1722 1118 1772 quantus
1150 1718 1429 1772 probabiliter
1459 1718 1675 1760 iudicatur
1696 1717 1961 1760 necessarius

230 1808 305 1848 pro
339 1795 650 1837 sustentatione
682 1794 808 1836 unius
842 1794 933 1836 diei.
995 1794 1135 1845 Quare
1169 1794 1222 1836 ad
1255 1807 1454 1847 magnum
1486 1806 1637 1847 panem
1672 1792 1855 1835 familiae
1888 1792 1960 1846 qui

232 1870 378 1911 unicus
417 1873 584 1912 tantum
617 1882 701 1911 uno
734 1869 800 1911 die
834 1869 1019 1911 dabatur
1052 1869 1105 1911 ad
1137 1872 1325 1923 portam,
1368 1872 1454 1910 tam
1488 1882 1564 1923 pro
1597 1869 1799 1911 studiosis
1831 1881 1960 1922 quam

233 1946 324 1999 aliJ's
367 1945 628 2000 pauperibus
662 1945 766 1986 duos
800 1945 903 1986 alios
937 1944 1035 1986 addi
1069 1945 1251 1987 curavit:
1295 1945 1368 1998 qui
1400 1945 1484 1987 sint
1515 1957 1591 1998 pro
1625 1944 1725 1986 solis
1758 1943 1960 1986 studiosis

232 2021 427 2074 (totidem
467 2021 576 2062 enim
620 2020 819 2073 ordinarij
861 2020 1042 2063 studiosi
1083 2021 1135 2062 ad
1173 2024 1340 2074 portam
1376 2021 1588 2074 accipiunt
1620 2020 1959 2073 eleemosynam).

231 2096 351 2138 Alter
394 2099 535 2137 autem
576 2096 647 2148 qui
691 2099 788 2136 ante
830 2108 906 2149 pro
940 2096 1134 2150 utrisque
1167 2096 1303 2138 solum
1336 2096 1521 2138 dabatur
1552 2109 1634 2138 uno
1669 2096 1735 2137 die
1767 2094 1962 2137 Ianitori—

232 2171 332 2224 bus,
375 2171 431 2213 sit
472 2184 546 2224 pro
582 2171 673 2224 alijs
706 2171 965 2224 pauperibus
998 2171 1085 2213 sive
1116 2171 1144 2212 ii
1177 2172 1263 2213 sint
1294 2185 1503 2225 pauperes
1536 2171 1717 2214 studiosi
1757 2171 1844 2213 sive
1877 2169 1958 2212 alii.

234 2246 408 2287 Curavit
449 2245 559 2286 idem
592 2245 719 2286 Pater
759 2248 807 2286 ut
846 2245 899 2286 ad
946 2247 994 2287 15
1030 2246 1268 2299 crucigeros
1312 2259 1418 2300 quos
1461 2246 1592 2288 dabat
1623 2247 1667 2288 P.
1702 2246 1962 2288 Procurator

233 2320 409 2373 singulis
443 2320 717 2364 hebdomadis
751 2335 827 2374 pro
860 2322 1119 2376 pauperibus
1155 2335 1229 2364 seu
1259 2321 1492 2375 peregrinis
1520 2323 1569 2363 15
1595 2321 1664 2363 alii
1688 2321 1958 2363 adderentur.

371 2415 409 2453 4.
459 2412 691 2455 Constituit
728 2426 897 2467 quoque
936 2417 983 2455 111
1024 2428 1133 2456 1111115
1177 2427 1225 2457 ex
1259 2414 1519 2456 Ianitoribus
1560 2417 1700 2456 certus
1744 2418 1884 2456 tamen
1918 2417 1962 2455 et

234 2500 315 2529 non
349 2488 402 2529 ad
434 2488 599 2529 libitum
632 2488 712 2530 nisi
744 2491 886 2531 tamen
919 2493 1059 2532 certus
1094 2490 1261 2532 deesset
1293 2503 1341 2532 ex
1375 2489 1605 2532 directione
1636 2489 1776 2531 Patris
1808 2500 1961 2542 panem

234 2566 276 2605 et
317 2563 454 2604 cibum
498 2563 727 2605 distribuat
767 2564 935 2618 saepius
977 2564 1098 2607 dictis
1140 2564 1343 2607 studiosis
1375 2564 1634 2618 pauperibus
1669 2564 1782 2606 nullo
1818 2566 1960 2606 autem

235 2637 358 2678 modo
401 2641 522 2679 curet
553 2638 714 2680 Ianitor
755 2639 827 2680 illa
869 2639 1065 2681 distribui
1108 2653 1183 2693 per
1225 2639 1476 2682 studiosum.
1540 2640 1699 2682 Caveat
1740 2651 1838 2681 vero
1870 2640 1960 2680 tum

236 2712 301 2753 hic
334 2715 423 2753 tum
458 2713 565 2753 alter
597 2713 759 2755 Ianitor
790 2727 841 2755 ne
874 2714 945 2756 det
978 2727 1060 2756 11011
1094 2714 1339 2768 ordinm-ijs,
1378 2715 1491 2768 quod
1531 2714 1715 2756 dandum
1755 2718 1821 2758 est
1851 2714 1961 2757 ordi-

236 2787 380 2838 nariis,
413 2787 491 2828 nisi
524 2791 665 2829 tamen
700 2788 851 2830 absint.
907 2789 1065 2831 Caveat
1096 2790 1196 2831 item
1230 2802 1306 2831 nec
1338 2790 1451 2831 sinat
1482 2790 1560 2832 sibi
1593 2790 1776 2843 aliquem
1800 2789 1960 2832 intrudi

237 2861 397 2914 absque
436 2863 543 2904 scitu
576 2862 715 2905 Patris
759 2864 824 2905 cui
865 2864 942 2906 hoc
986 2865 1254 2906 commissum
1297 2869 1362 2906 est
1398 2865 1481 2906 imo
1513 2877 1587 2906 nec
1620 2865 1817 2917 cuiquam
1850 2864 1962 2906 dicat

236 2948 386 2977 vacare
419 2937 568 2989 10011111,
602 2938 681 2979 11151
706 2938 821 2980 Patri
858 2939 921 2981 vel
944 2938 1160 2992 Superiori
1186 2942 1359 2992 propter
1382 2939 1568 2981 absurda
1591 2951 1698 2992 quae
1721 2938 1818 2981 inde
1840 2939 1959 2991 sequi

237 3013 427 3062 possunt.
492 3011 533 3052 Si
573 3012 666 3064 quis
700 3016 840 3054 autem
875 3013 1119 3056 discesserit
1150 3014 1280 3056 inscio
1314 3014 1440 3056 Patre
1472 3014 1617 3056 statim
1650 3026 1744 3056 eum
1777 3015 1959 3069 moneat,

238 3088 285 3126 ut
318 3085 523 3138 dispiciat,
558 3087 651 3139 quis
685 3087 774 3128 eius
808 3088 896 3129 loco
930 3088 985 3129 sit
1017 3088 1321 3142 suscipiendus.
