2164 3535
494 221 661 256 Statuten
687 218 750 253 des
776 217 912 254 Kolner
937 218 1277 255 Clericalseminars.
1327 220 1396 256 Um
1424 223 1522 257 1615.
1786 227 1867 269 319

287 366 353 408 10.
399 365 436 406 A
468 376 552 417 quo
584 360 931 405 commendentur
962 358 1234 401 Praesidibus
1267 359 1524 402 Seminarii‘?

289 441 352 481 11.
401 439 466 480 Α11
498 440 648 491 sponte
679 438 722 478 et
752 435 884 476 libere
915 433 1086 475 veniant
1117 433 1170 475 ad
1204 434 1507 490 Seminarium,
1541 440 1583 477 et
1613 437 1704 479 1000
1737 437 1870 480 Bene·-

146 512 225 565 ficij
259 512 458 567 habeant,
490 511 603 565 quod
635 523 660 552 a
682 509 871 551 Seren1130
900 507 1223 561 Arehiepiseopo
1256 508 1426 550 alantur
1446 510 1488 551 in
1510 522 1626 563 spem
1649 511 1870 554 Pastoris?

288 588 352 628 12.
400 587 464 628 An
497 584 749 627 resoluerint
780 595 824 624 se
857 581 910 623 ad
942 585 1102 623 statum
1135 582 1480 626 Ecclesiasticum
1520 588 1562 626 et
1592 585 1869 638 Pastoralem,

147 661 361 713 velintque
393 660 546 703 instrui
577 659 618 700 in
651 658 715 711 ijs,
747 668 856 710 quae
888 655 941 697 ad
973 656 1186 707 pastorale
1219 669 1372 699 munus
1396 657 1644 711 Superiores
1674 660 1870 713 expedire

140 735 404 788 J’udicarint‘?

287 810 351 852 13.
400 809 463 850 An
505 808 637 851 velint
677 807 727 860 ijS
776 805 928 858 studijs
970 803 1275 858 Philosophieis
1323 809 1365 847 et
1405 806 1666 860 Theologicis
1704 821 1870 865 vacare,

145 877 300 936 quibus
348 896 371 925 a
416 882 716 936 Superioribus
761 879 920 922 fuerint
965 879 1184 932 applicati,
1232 882 1274 921 et
1319 880 1521 932 quamdiu
1570 882 1868 936 Superioribus

145 957 281 1000 visum
312 957 471 999 fuerit?

284 1033 348 1073 14.
395 1032 460 1073 An
502 1031 587 1073 sint
624 1029 763 1082 parati
801 1031 898 1082 post
935 1027 1196 1081 probationis
1236 1032 1403 1082 tempus
1445 1030 1681 1073 iuramento
1714 1045 1759 1074 se
1792 1034 1864 1075 ob-

145 1106 353 1158 stringere
395 1108 556 1148 statum
586 1103 850 1146 Pastoralem
891 1102 1171 1155 amplectendi
1215 1106 1258 1144 et
1297 1104 1386 1146 sine
1418 1105 1594 1148 obtenta
1625 1107 1665 1148 in
1699 1108 1866 1161 scriptis

144 1180 314 1223 lieentia
352 1180 405 1222 ab
435 1179 758 1232 Archiepiscopo
799 1177 959 1219 nullam
990 1178 1250 1231 Religionem
1290 1179 1576 1233 ingrediendi,
1618 1182 1868 1235 nullumque

144 1254 394 1298 beneficium
425 1254 513 1297 sine
545 1253 733 1295 eiusdem
765 1252 887 1294 venia
918 1251 1199 1294 admittendi?

283 1330 347 1371 15.
396 1329 461 1370 An
507 1329 593 1371 sint
636 1327 775 1381 parati
823 1339 869 1368 eo
915 1329 1125 1382 tempore,
1173 1340 1256 1380 quo
1298 1328 1599 1381 Superioribus
1646 1331 1869 1383 placuerit,

145 1404 277 1447 sacris
309 1403 527 1446 ordinibus
559 1402 731 1457 initiari,
765 1405 807 1443 et
838 1400 1006 1454 quando
1040 1401 1290 1455 Superiores
1322 1403 1620 1461 iudicauerint,
1653 1406 1870 1458 pastorale

144 1491 297 1521 munus
330 1478 578 1532 suscipere?

283 1554 348 1595 16.
395 1553 461 1594 An
502 1551 713 1594 communi
744 1551 1023 1592 Alumnorum
1064 1551 1178 1593 victu
1220 1555 1263 1593 et
1300 1553 1455 1595 vestitu
1499 1554 1557 1595 vti
1600 1558 1642 1596 et
1682 1556 1869 1597 contenti

144 1640 236 1671 esse
266 1628 398 1671 velint
429 1640 476 1670 eo
508 1625 649 1681 modo,
683 1638 766 1679 quo
799 1625 1050 1679 Superiores
1083 1626 1351 1669 ordinarint?

284 1705 348 1744 17.
396 1703 462 1744 An
502 1701 687 1755 Regulas
730 1699 950 1754 Seminarij
994 1701 1213 1743 conuictus
1255 1702 1508 1758 obseruare,
1553 1702 1867 1756 Superioribus,

143 1779 215 1833 qui
247 1778 528 1822 Seminarium
568 1779 742 1832 regunt,
783 1776 824 1818 in
864 1775 1079 1831 omnibus,
1123 1789 1232 1829 quae
1270 1790 1346 1830 pro
1388 1778 1552 1821 ratione
1590 1779 1793 1833 temporis
1826 1782 1869 1821 et

142 1854 407 1897 necessitatis
439 1851 807 1907 praescripserint,
838 1863 989 1904 parere
1019 1851 1182 1893 velint?

282 1930 347 1970 18.
396 1929 461 1970 An
493 1930 535 1969 et
567 1939 692 1980 quem
724 1925 910 1967 habeant
938 1924 1254 1981 fidejussorem,
1298 1930 1341 1969 et
1372 1940 1446 1981 an,
1478 1928 1513 1970 si
1544 1940 1623 1970 sua
1654 1929 1778 1982 culpa
1809 1929 1869 1971 di-

144 2003 385 2059 mittantur,
417 2006 492 2044 aut
515 2001 749 2044 Seminario
782 1999 1069 2055 egrediantur,
1103 2005 1298 2054 sumptus
1332 2000 1556 2044 refundere
1588 2003 1674 2045 sint
1701 2004 1868 2056 parati?

533 2290 747 2345 Regulae
778 2289 841 2346 135
874 2290 1099 2333 omnibus
1131 2290 1475 2341 obseruandae,

385 2381 469 2435 qui
510 2381 557 2423 in
602 2381 1043 2434 Archiepiscopali
1083 2381 1366 2423 Seminario
1409 2381 1621 2426 Serenfl}i

172 2463 427 2505 Electoris
479 2465 528 2504 et
577 2461 965 2515 Archiepiscopi
1017 2461 1339 2504 Coloniensis
1387 2462 1701 2505 Ferdinandi
1743 2467 1833 2507 cet.

282 2543 386 2585 sub
422 2556 560 2586 cura
597 2544 1058 2597 praeceptorum
1097 2541 1137 2585 S.
1172 2542 1210 2584 J.
1251 2542 1466 2595 degere
1504 2544 1724 2586 volunt.

780 2633 843 2679 (L.
869 2642 904 2668 0.
927 2632 1001 2668 fol.
1027 2633 1105 2669 336
1116 2634 1234 2678 sq.)1)

279 2739 311 2781 Ι.
359 2737 601 2782 Servabunt
640 2750 785 2780 omnes
827 2736 1016 2779 ordinem
1055 2737 1332 2780 domesticum
1378 2739 1600 2796 surgendi,
1649 2740 1864 2798 studendi,

143 2814 307 2871 orandi,
340 2813 514 2857 Scholas
536 2813 720 2857 adeundi
742 2816 785 2856 et
805 2825 855 2856 ex
876 2813 927 2866 ijS
949 2811 1168 2867 redeundi,
1199 2817 1450 2868 caeteraque
1473 2813 1609 2857 officia
1630 2816 1863 2872 exercendi,

282 2971 311 3012 1>
335 2968 404 3002 Die
431 2966 619 3003 Abschrift
649 2967 696 3002 ist
729 2971 837 3002 etwas
864 2965 999 3010 junger
1030 2965 1083 3000 als
1115 2964 1173 3001 die
1207 2966 1270 3002 der
1296 2967 1596 3011 vorangehenden
1621 2968 1862 3013 Dokumente‚

142 3025 235 3061 doch
261 3026 318 3060 die
345 3024 569 3069 Anordnung
594 3025 705 3060 selbst
729 3035 797 3060 aus
824 3023 1011 3059 derselben
1037 3023 1126 3058 Zeit.
1155 3044 1197 3049 —-
1222 3024 1309 3059 Man
1343 3026 1452 3069 vergl.
1478 3025 1577 3060 Bd.I
1606 3026 1788 3069 »Regulae
1815 3026 1860 3069 ijs

143 3083 418 3131 proponendae,
452 3084 514 3129 qui
544 3084 582 3119 in
608 3083 777 3128 CollegijS
804 3082 1059 3118 Conuictorum
1085 3109 1092 3117 .
1120 3094 1149 3117 .«
1178 3093 1246 3117 von
1273 3086 1378 3129 1595,
1412 3083 1469 3117 die
1505 3082 1665 3117 offenbar
1690 3083 1743 3118 als
1771 3083 1859 3118 Vor-

141 3143 223 3187 lage
252 3143 396 3186 gedient
417 3141 546 3177 haben.
