2164 3535
243 233 330 278 580
578 232 642 267 An
667 232 724 266 die
750 231 1068 266 Provinzialobern
1094 231 1183 266 uber
1209 231 1266 266 die
1293 233 1315 266 3
1320 231 1347 275 j.
1374 230 1510 266 Philos.
1541 233 1638 267 1858.

244 375 406 427 secae¹)
441 374 778 417 Commentarios
810 373 852 414 in
884 373 1180 428 Aristotelem,
1221 385 1382 415 necnon
1424 372 1715 426 philosophiae
1747 385 1919 415 cursum
1952 384 1976 413 a

243 450 330 491 PP.
376 449 627 492 Conimbric.
673 448 835 490 editum
877 447 1120 503 consulant,
1162 460 1285 501 spero
1319 451 1461 490 tamen
1493 449 1602 503 fore,
1645 451 1693 490 ut
1724 460 1807 502 quo
1841 447 1978 501 major

248 526 394 579 aliqua
436 525 617 567 facilitas
659 524 853 566 omnibus
896 524 1265 575 subministretur,
1310 526 1407 566 ante
1439 523 1565 577 hujus
1598 523 1695 565 anni
1737 522 1978 566 scholastici

245 601 370 643 finem
422 613 578 642 novum
630 600 948 642 institutionum
1006 599 1393 653 philosophicarum
1455 599 1751 652 compendium
1804 598 1978 652 aliquod

248 677 493 732 Provinciis,
527 676 605 718 etsi
638 688 721 717 non
754 674 1001 729 praescribi,
1035 674 1173 717 offerri
1207 678 1349 717 tamen
1383 678 1426 716 et
1457 674 1743 717 commendari
1775 674 1922 728 possit.

386 770 556 812 Interea
587 782 638 810 ne
670 769 781 810 circa
812 768 939 823 hujus
973 767 1262 810 Ordinationis
1305 767 1608 820 obligationem
1638 767 1727 810 ulla
1769 767 1978 810 dubitatio

252 845 422 898 existat,
456 858 654 899 expresse
678 845 959 901 declaramus,
983 857 1076 886 eam
1099 857 1191 887 esse
1213 845 1397 886 mentem
1419 846 1610 886 nostram
1633 856 1681 886 ac
1703 843 1981 899 voluntatem,

251 924 300 961 ut
334 921 475 962 omnia
508 923 550 962 et
589 920 758 974 singula
789 920 830 962 in
865 919 1130 962 ordinatione
1162 921 1363 961 contenta
1394 919 1540 962 statim
1572 920 1615 961 et
1646 918 1803 972 ubique
1835 931 1983 961 execu-

251 996 355 1038 tioni
388 996 655 1037 mandentur.
708 996 849 1049 Atque
881 994 977 1037 hinc
1000 995 1046 1037 R.
1072 995 1121 1036 V.
1157 998 1354 1037 currente
1386 994 1464 1036 hoc
1497 1006 1607 1036 anno
1639 994 1818 1037 sollicite
1840 994 1982 1036 omnia

251 1072 312 1113 ita
344 1071 554 1128 disponat,
586 1074 635 1114 ut
665 1072 706 1113 in
729 1072 922 1126 proxima
950 1070 1189 1113 studiorum
1212 1070 1487 1112 renovatione
1511 1069 1719 1111 triennale
1739 1069 1982 1112 studiorum

252 1246 302 1281 Id.
329 1246 499 1290 Lugduni
521 1248 620 1290 1588,
647 1247 704 1290 80,
731 1256 763 1290 p.
783 1246 851 1280 790
869 1249 935 1279 etc.
962 1264 1006 1270 -—
1033 1264 1076 1269 —
1102 1242 1211 1287 Idem,
1238 1242 1275 1276 in
1301 1248 1375 1278 tres
1402 1241 1511 1276 libros
1539 1241 1749 1277 Aristotelis
1776 1242 1819 1277 de
1846 1242 1982 1287 anima,

255 1305 417 1339 Venetiis
448 1304 544 1339 1575.
580 1325 624 1329 —-
656 1303 828 1338 Coloniae
858 1303 956 1346 1576,
982 1303 1039 1347 40,
1065 1301 1100 1335 ff.
1130 1302 1205 1337 179.
1244 1322 1290 1328 —
1326 1301 1378 1336 Ib.
1409 1301 1516 1343 1579,
1551 1302 1639 1335 1583
1666 1304 1732 1334 cet.
1760 1305 1827 1335 cet.
1879 1300 1985 1335 Seine

254 1362 505 1397 siimmtlichen
545 1361 733 1406 (damals
769 1361 1042 1404 erschienenen)
1077 1360 1204 1404 philos,
1240 1360 1375 1395 Werke
1408 1358 1577 1403 Lugduni
1614 1362 1720 1404 1586,
1750 1363 1856 1405 1592,
1884 1363 1983 1405 1608,

253 1426 274 1456 4
301 1422 368 1456 vol.
395 1442 438 1446 —-
467 1420 687 1455 Ausserdem
714 1419 886 1454 versasste
914 1429 952 1453 er
978 1418 1069 1452 viele
1102 1418 1351 1462 theologische
1379 1417 1526 1453 Werke.
1559 1438 1603 1442 —
1636 1416 1780 1452 Franz
1808 1417 1986 1462 Toledo,

255 1490 321 1514 von
348 1479 566 1513 Dominikus
594 1478 678 1513 Soto
706 1478 764 1513 ein
793 1477 1019 1522 »prodigium
1046 1476 1218 1520 spiritus«
1249 1480 1419 1521 genannt,
1445 1485 1519 1510 war
1544 1486 1588 1509 zu
1615 1474 1778 1510 Cordova
1806 1478 1895 1512 1532
1923 1486 1983 1520 ge-

256 1539 376 1582 boren‚
403 1537 537 1573 bereits
564 1537 726 1572 Priester
752 1536 824 1571 und
856 1535 1045 1570 Professor
1072 1534 1136 1569 der
1164 1533 1420 1578 Philosophie,
1456 1533 1509 1568 als
1542 1543 1580 1567 er
1614 1535 1701 1568 1558
1727 1534 1765 1568 in
1797 1533 1854 1569 die
1881 1534 1922 1569 G.
1949 1533 1982 1568 J.

255 1596 397 1631 eintrat.
448 1596 500 1630 Zu
528 1596 617 1630 Rom
642 1595 759 1630 lehrte
787 1605 825 1630 er
850 1594 914 1629 mit
940 1593 1226 1636 Auszeichnung
1251 1591 1489 1636 Philosophie
1516 1590 1590 1626 und
1620 1590 1835 1637 Theologie,
1864 1591 1985 1627 wurde

256 1665 323 1689 von
349 1655 418 1688 den
444 1653 604 1698 P'apsten
629 1653 687 1687 fur
712 1652 879 1696 wichtige
907 1651 1082 1686 Arbeiten
1108 1649 1337 1694 verwendet‚
1365 1660 1433 1684 von
1460 1648 1631 1684 Klemens
1657 1650 1754 1684 VIII.
1788 1661 1871 1685 zum
1895 1650 1988 1684 Kar-

257 1712 355 1747 dinal
382 1712 558 1756 erhoben,
592 1714 615 1756 †
644 1714 742 1747 1596.
799 1703 899 1746 Uber
931 1709 1056 1744 seinen
1090 1708 1293 1743 Charakter
1328 1706 1401 1742 und
1434 1706 1559 1742 seinen
1592 1706 1750 1742 Einfluss
1785 1718 1811 1742 s.
1837 1707 1987 1753 Lossen,

257 1772 320 1805 der
346 1770 542 1805 Kolnische
570 1770 692 1814 Krieg.
745 1769 865 1804 Gotha
894 1771 980 1803 1882
1008 1767 1034 1812 I,
1062 1767 1186 1812 352ff.,
1213 1766 1311 1802 614f.

398 1848 423 1888 ¹)
450 1845 610 1880 Petrus
636 1845 688 1880 da
716 1845 935 1883 Fonseca,
962 1843 1194 1887 Portugiese,
1227 1842 1452 1886 eingetreten
1485 1842 1521 1876 in
1554 1842 1611 1879 die
1646 1842 1688 1879 G.
1714 1844 1748 1878 J.
1781 1843 1817 1878 in
1852 1844 1988 1879 seinem

258 1908 311 1939 20.
341 1903 455 1939 Jahre
486 1907 584 1947 1548,
613 1904 802 1939 Professor
828 1903 892 1938 der
917 1902 1052 1937 Philos.
1080 1902 1116 1936 in
1144 1901 1329 1946 Coimbra,
1363 1904 1387 1946 †
1413 1913 1456 1936 zu
1482 1901 1660 1936 Lissabon
1690 1904 1794 1947 1599,
1829 1902 1988 1937 schrieb:

258 1965 447 2007 Isagoge
474 1962 821 2007 philosophica,
845 1961 1008 1995 Authore
1027 1960 1158 1995 Petro
1178 1959 1395 2000 Fonseca,
1423 1959 1648 2004 Olyssipone,
1675 1961 1772 2005 apud
1789 1961 1988 1996 Antonium

258 2022 427 2056 Aluarez.
478 2021 584 2055 Anno
619 2021 721 2055 Dom.
751 2023 848 2056 1591.
899 2040 942 2044 —
992 2018 1339 2053 Institutionum
1373 2018 1731 2054 Dialecticarum
1762 2018 1865 2054 Libri
1899 2024 1989 2054 octo.

260 2082 417 2114 Auctore
437 2079 475 2112 P.
494 2078 697 2113 Fonseca
716 2089 759 2112 ex
779 2078 813 2128 S,
827 2078 861 2112 J.
883 2106 890 2114 .
909 2105 915 2111 .
945 2077 1099 2122 Olyssip.
1122 2080 1218 2112 1564.
1246 2097 1288 2102 —
1314 2077 1450 2112 Romae
1469 2106 1476 2112 .
1495 2107 1502 2115 .
1523 2106 1529 2113 .
1557 2099 1600 2103 —
1626 2077 1797 2112 Coloniae
1819 2078 1917 2122 1567,
1935 2079 1989 2112 8⁰.

260 2159 303 2163 —
332 2136 496 2172 Venetiis
526 2138 625 2181 1575,
651 2137 706 2171 80,
740 2157 784 2161 —
817 2136 987 2170 Coloniae
1017 2136 1114 2171 1578.
1148 2156 1191 2160 —
1225 2135 1387 2170 Venetiis
1417 2138 1504 2171 1582
1531 2140 1596 2170 cet.
1623 2140 1690 2170 cet.
1723 2156 1767 2161 —
1792 2157 1836 2162 —
1869 2135 1990 2170 Com-

260 2195 450 2231 mentari
461 2205 479 2229 o
490 2205 581 2228 rum
596 2193 719 2228 Petri
733 2194 848 2228 Fons
859 2203 980 2239 ecae,
995 2192 1163 2228 Doctoris
1179 2193 1353 2238 Theologi
1370 2193 1403 2228 S.
1418 2193 1465 2239 J.,
1480 2194 1517 2228 in
1531 2194 1642 2229 libros
1657 2194 1991 2240 Metaphysicorum

261 2253 470 2288 Aristotelis
504 2252 712 2296 Stagiritae.
763 2251 863 2286 Tom.
890 2251 923 2296 Ι,
959 2252 1064 2296 1577,
1091 2252 1152 2296 4⁰,
1188 2262 1221 2295 p.
1247 2252 1326 2293 724,
1352 2251 1506 2295 Romae,
1539 2257 1623 2288 tom.
1648 2251 1694 2297 Il,
1719 2251 1766 2287 ib.
1796 2254 1900 2297 1589,
1935 2253 1990 2297 40,

262 2324 294 2357 p.
315 2316 392 2348 980.
422 2332 464 2336 ——
492 2309 658 2345 Francos.
689 2312 785 2345 1599.
817 2331 852 2334 -
884 2310 1054 2345 Coloniae
1076 2313 1174 2345 1604.
1201 2331 1244 2335 —
1270 2310 1439 2354 Lugduni
1469 2313 1557 2346 1612
1583 2315 1650 2346 eet.
1677 2316 1744 2346 cet.

401 2385 780 2433 2)Comme11tarii
816 2386 1010 2430 Collegii
1044 2386 1426 2422 Conimbricensis
1461 2386 1657 2431 (Coimbra)
1697 2386 1730 2421 S.
1764 2386 1798 2421 J.
1836 2387 1874 2421 in
1911 2392 1990 2421 octo

263 2447 373 2481 libros
400 2446 697 2490 Physicorum
724 2444 934 2479 Aristotelis
961 2444 1176 2489 Olyssipone
1197 2448 1295 2480 1591.
1323 2466 1365 2470 —
1392 2444 1562 2489 Lugduni
1584 2447 1682 2490 1594,
1708 2446 1765 2489 4⁰,
1791 2455 1824 2489 p.
1843 2445 1920 2481 374.
1947 2465 1991 2470 —

264 2506 436 2541 Coloniae
466 2508 564 2549 1599,
594 2506 692 2548 1602,
718 2504 774 2538 40.
815 2523 858 2527 -
898 2502 1035 2537 Graece
1070 2508 1105 2537 et
1136 2503 1197 2537 lat.
1225 2503 1347 2538 Colon.
1376 2505 1464 2538 1616
1490 2508 1556 2538 cet.
1584 2507 1650 2537 cet.
1689 2523 1731 2528 —
1768 2502 1810 2537 In
1836 2507 1992 2547 quatuor

263 2565 374 2599 libros
402 2564 445 2598 de
473 2563 607 2599 Coelo
634 2561 855 2605 Aristotelis,
883 2561 1053 2605 Lugduni
1083 2563 1183 2605 1594,
1213 2563 1311 2606 1598,
1341 2563 1439 2597 1616.
1472 2582 1515 2587 —
1542 2581 1585 2585 ——
1617 2560 1659 2594 In
1685 2559 1796 2595 libros
1822 2560 1991 2597 Meteo-

264 2633 355 2656 rum
382 2621 592 2656 Aristotelis
622 2622 719 2655 1592.
761 2639 804 2644 —
846 2618 1016 2663 Lugduni
1045 2622 1143 2663 1594,
1169 2620 1234 2660 40²,
1263 2621 1368 2661 1598;
1397 2621 1496 2654 1608.
1538 2638 1582 2643 —-
1624 2618 1774 2653 Colonia
1802 2621 1900 2664 1618,
1926 2622 1989 2665 4⁰,

268 2683 352 2715 1631
383 2684 449 2714 cet.
477 2700 519 2704 --
546 2700 589 2703 —
640 2677 897 2712 Commentarii
924 2677 1011 2712 Coll.
1039 2676 1218 2711 Conimbr.
1247 2676 1280 2711 S.
1307 2676 1341 2710 J.
1375 2676 1411 2710 in
1446 2681 1602 2720 quatuor
1632 2675 1742 2711 libros
1777 2676 1820 2712 de
1847 2677 1989 2713 Coelo.

264 2737 649 2781 Meteorologicos
676 2739 711 2770 et
738 2734 881 2769 Parva
898 2734 1159 2779 Naturalia,
1178 2734 1395 2779 Ulyssipone
1419 2736 1518 2779 1593,
1541 2736 1596 2768 4⁰.
1623 2755 1668 2760 —
1694 2735 1863 2770 Coloniae
1886 2738 1990 2779 1596,

268 2799 375 2841 1599,
403 2798 508 2841 1603,
541 2798 645 2840 1618,
668 2797 752 2829 1631
773 2798 840 2829 cet.
860 2798 926 2828 cet.
954 2814 997 2818 —
1023 2814 1068 2819 -—
1094 2793 1349 2828 Commentarii
1369 2821 1375 2828 .
1396 2821 1402 2827 .
1430 2793 1466 2827 in
1493 2796 1647 2837 quatuor
1672 2793 1783 2828 libros
1809 2793 1852 2828 de
1880 2793 1989 2839 coelo,

266 2854 580 2898 Meteorologicos,
607 2853 725 2888 Parva
743 2852 939 2887 Naturalia
957 2857 992 2887 et
1010 2853 1175 2888 Ethica
1194 2852 1405 2888 Aristotelis
1426 2852 1621 2895 Stagiritae
1641 2879 1647 2886 .
1668 2880 1675 2886 .
1700 2851 1871 2894 Lugduni
1891 2854 1989 2897 1616,

265 2913 320 2956 4⁰,
348 2912 542 2947 Columnae
561 2914 628 2946 548
645 2915 712 2945 cet.
731 2916 798 2945 cet.
826 2931 869 2936 —
887 2932 930 2936 —-
956 2911 997 2945 In
1014 2911 1126 2946 libros
1144 2911 1406 2946 Ethicorum
1425 2909 1633 2945 Aristotelis
1649 2937 1654 2943 .
1675 2936 1682 2943 .
1700 2908 1870 2952 Lugduni
1891 2912 1988 2949 1594,

265 2972 328 3013 4⁰,
358 2973 464 3010 1598;
496 2972 603 3014 1608,
632 2971 739 3012 1616,
780 2990 823 2994 —-
863 2969 1033 3003 Coloniae
1064 2972 1169 3016 1612,
1199 2972 1297 3013 1621,
1324 2969 1369 3004 40
1395 2972 1460 3003 cet.
1488 2972 1554 3002 cet.
1587 2988 1631 2992 —
1657 2988 1701 2993 —
1737 2967 1779 3002 In
1810 2967 1921 3002 libros
1947 2967 1990 3002 de

267 3028 569 3063 Generatione
604 3033 644 3062 et
679 3027 982 3071 Corruptione
1008 3027 1217 3062 Aristotelis
1256 3026 1469 3071 Stagiritae,
1508 3024 1756 3060 Conimbricae
1791 3026 1896 3070 1597,
1926 3026 1989 3065 40;

267 3086 436 3129 Lugduni
466 3089 569 3129 1600,
596 3084 808 3129 Moguntiae
837 3087 944 3128 1601,
972 3087 1078 3125 1606;
1109 3087 1195 3120 1615
1223 3090 1288 3119 cet.
1320 3104 1359 3109 —
1386 3104 1429 3109 ——
1454 3083 1495 3117 In
1521 3088 1594 3119 tres
1620 3083 1731 3119 libros
1757 3082 1806 3118 de
1833 3082 1990 3117 Anima

270 3143 382 3178 Arist.
412 3144 508 3188 Stag.
533 3144 759 3189 Ulyssypone
782 3146 879 3187 1598,
898 3144 962 3187 4⁰3
990 3142 1159 3177 Coloniae
1181 3144 1284 3187 1603,
1312 3142 1474 3177 Venetiis
1496 3144 1601 3186 1606,
1626 3140 1795 3185 Lugduni
1817 3142 1905 3175 1600
1923 3143 1988 3174 cet.

2153 2756 2157 2761 “
2152 2670 2164 2742 Δια»
2150 2570 2164 2658 ‘na-'¹¹51
2151 2386 2164 2558 awa-urna·
2155 2357 2158 2362 ·
2155 2343 2157 2346 ·
2158 2312 2164 2318 π
2158 2291 2160 2295 Ἴ
2159 2264 2164 2274 .-
2157 2231 2164 2249 u·
2157 2179 2164 2198 A.
2152 2125 2164 2134 .“
2156 2080 2164 2111 n.
