2164 3535
269 234 322 274 98
751 233 946 268 Correctur
971 233 1034 268 der
1060 234 1308 270 schriftlichen
1335 236 1522 272 Arbeiten.

406 371 644 425 Subjunges
675 385 751 426 per
771 372 1218 431 Anteoccupationem,
1250 388 1302 417 ne
1324 376 1563 430 Imperator
1594 378 1712 421 clade
1736 379 1995 433 Sigismundi

266 447 319 489 ad
362 448 597 501 Nicopolim
639 452 813 502 accepta
855 452 1082 491 terreatur.
1157 451 1303 493 Victos
1346 452 1470 507 alias,
1513 454 1784 507 postmodum
1828 456 1996 510 saepius

265 523 445 565 victores
477 524 628 577 fuisse⁷
660 528 703 566 et
733 525 987 578 praeteritos
1021 538 1186 568 errores
1218 539 1294 580 pro
1329 527 1594 570 Documento
1627 528 1728 570 fore.

406 615 601 658 Confirin.
637 619 672 657 2.
708 630 732 658 a
764 617 1026 669 Necessario„
1061 631 1136 660 seu
1169 631 1193 660 a
1227 618 1606 673 Consequentibus.
1672 620 1715 663 si
1750 622 1860 663 enim
1893 622 1998 665 Con-

266 692 584 745 stantinopolim
618 692 749 734 everti
781 693 892 734 sinet
923 694 956 735 F
959 693 1179 749 ridericns,
1214 696 1256 736 et
1282 694 1633 748 Palaeologorum
1667 697 1897 751 Imperium
1929 711 1997 739 ex-

264 767 424 821 scindi‚
467 767 557 809 sola
596 768 787 820 Ungaria
826 767 1096 810 Germaniam
1128 781 1152 810 a
1183 769 1331 812 Turcis
1365 769 1535 813 dividet.
1598 771 1718 814 Hanc
1749 785 1848 815 vero
1880 773 1996 816 nullo

263 843 430 895 negotio
475 842 591 884 brevi
630 843 904 897 subjugatum
945 844 995 885 iri
1039 844 1234 886 ostendes
1280 848 1314 887 1.
1356 858 1380 887 a
1412 845 1758 900 Comparatione:
1809 849 1843 890 si
1885 850 1995 891 enim

264 922 404 960 stante
446 918 583 959 adhuc
626 918 886 960 Graecorum
927 919 1110 973 Imperio
1154 919 1402 976 Graecium,
1452 922 1654 964 Bosniam
1696 925 1738 964 et
1779 924 1994 977 Ungariae

262 993 447 1035 Januain
479 993 738 1046 Belgradum
771 994 928 1047 partim
959 994 1163 1045 vastavit,
1202 995 1358 1048 partim
1400 996 1622 1050 occupavit
1666 997 1823 1054 Turea,
1866 1011 1993 1051 quam

259 1069 380 1111 facile
403 1069 533 1111 tantis
556 1069 823 1111 incrementis
847 1072 997 1110 auctus
1019 1072 1208 1121 proteret
1231 1070 1475 1123 Ungariam.
1531 1073 1568 1113 2.
1600 1072 1666 1114 Ab
1688 1073 1777 1126 ejus
1799 1075 1992 1126 potentia

259 1145 452 1197 immani,
496 1145 626 1187 totius
671 1145 856 1187 Orientis
898 1144 1071 1186 tributis
1115 1144 1404 1188 crudelissime
1443 1147 1622 1202 exactis,
1656 1153 1720 1190 tot
1761 1162 1990 1203 regnorum

258 1221 416 1276 spoliis,
449 1221 592 1263 nativa
623 1221 890 1275 crudelitate⁷
925 1220 1155 1262 Christiani
1194 1221 1385 1264 Nominis
1420 1222 1530 1277 odio,
1564 1224 1781 1278 copiarum
1812 1238 1987 1268 numero

257 1296 430 1340 infinito.

395 1384 629 1426 Conclusio.
693 1384 844 1437 Itaque
867 1383 1054 1426 Graecae
1090 1385 1207 1427 urbis
1230 1385 1478 1442 periculum,
1511 1399 1784 1440 nequaquam
1807 1391 1855 1429 ut
1888 1388 1986 1430 alie-

257 1472 378 1514 num,
422 1462 497 1501 aut
538 1459 660 1501 valde
702 1462 910 1501 remotum
953 1460 1310 1503 considerandum
1345 1461 1581 1517 Friderico,
1623 1475 1770 1505 verum
1802 1463 1993 1506 subsidia

257 1548 338 1576 non
362 1535 500 1576 minus
524 1535 747 1587 diligenter
768 1535 1038 1587 maturanda,
1063 1548 1190 1589 quam
1213 1537 1247 1578 si
1271 1536 1324 1578 ad
1340 1537 1528 1579 Viennae
1549 1540 1694 1591 portas
1712 1542 1825 1580 esset
1843 1539 1989 1581 hostis.

320 2063 434 2117 Die
490 2060 846 2117 Correctur
901 2063 1014 2117 der
1071 2063 1545 2118 schriftlichen
1600 2063 1935 2117 Arbeiten·

471 2210 547 2258 De
586 2209 895 2258 correctione
933 2210 1234 2276 scriptorum
1273 2226 1362 2258 seu
1401 2209 1769 2259 emendatione.

716 2309 918 2355 (Kropf‚
944 2308 1061 2344 Ratio
1087 2308 1128 2345 et
1152 2308 1215 2345 via
1240 2319 1280 2354 p.
1299 2308 1523 2354 157—163.)

392 2424 557 2478 Duplex
589 2424 780 2467 adhiberi
811 2428 953 2479 potest
985 2425 1221 2478 corrigendi
1253 2438 1327 2468 seu
1359 2424 1612 2468 emendandi
1643 2423 1806 2467 modus.
1861 2423 1981 2467 Alius

255 2500 409 2553 quippe
432 2504 509 2553 est,
542 2513 635 2542 cuin
658 2501 871 2556 privatim,
905 2501 1116 2543 submissa
1137 2513 1250 2556 voce,
1283 2513 1377 2543 cum
1399 2512 1656 2553 unoquoque
1679 2499 1980 2553 discipulorum

254 2576 526 2629 corriguntur
557 2577 825 2632 scriptiones,
867 2577 995 2631 alius,
1035 2589 1130 2619 cum
1161 2577 1396 2619 recitantur
1437 2589 1537 2618 voce
1580 2576 1695 2618 clara
1735 2575 1981 2629 cunctisque

253 2651 593 2693 auscultantibus
637 2652 960 2705 perpenduntur
1000 2653 1166 2706 publice
1207 2655 1335 2705 atque
1377 2650 1668 2693 emendantur.
1739 2651 1980 2704 Utrumque

253 2725 451 2768 discimus
491 2739 539 2768 ex
579 2727 726 2779 regula
767 2729 817 2769 21
854 2727 968 2770 Com.
1038 2728 1208 2770 Interea
1247 2739 1346 2770 vero
1392 2727 1492 2768 dum
1533 2726 1733 2780 privatim
1775 2726 1980 2780 cujusque

252 2801 424 2855 scriptio
457 2802 670 2844 excutitur
711 2803 753 2844 in
795 2802 959 2858 schola,
1004 2802 1220 2856 discipulis
1261 2802 1438 2844 caeteris
1478 2801 1799 2844 exercitationes
1840 2801 1978 2843 varias

251 2890 326 2930 pro
360 2876 536 2919 Scholae
569 2877 718 2933 gradu,
750 2878 874 2920 modo
907 2878 1014 2920 hanc
1037 2878 1160 2920 inodo
1192 2877 1321 2932 illam,
1353 2876 1632 2931 injungendas
1656 2876 1828 2929 regulae
1858 2888 1979 2929 prae-

250 2952 455 3007 scribunt,
488 2956 577 2994 tuin
613 2957 660 2995 ut
691 2954 847 3007 stylum
881 2954 1089 3008 tantisper
1120 2956 1342 2996 exerceant
1364 2956 1454 2994 tum
1478 2951 1591 3006 quod
1619 2951 1735 2993 nulla
1767 2964 1812 2994 re
1842 2950 1976 3004 magis

251 3026 581 3070 adolescentium
603 3028 827 3084 industria,
852 3041 977 3081 quam
1001 3029 1198 3070 satietate
1220 3040 1268 3070 ac
1294 3027 1540 3077 cessatione,
1563 3027 1822 3080 languescat.
1855 3026 1975 3079 (Reg.

250 3104 299 3143 21
346 3106 388 3144 et
431 3105 483 3144 24
527 3103 660 3156 Com.)
738 3103 925 3154 Quarum
968 3103 1137 3157 quidem
1178 3103 1527 3145 exercitationum
1570 3114 1726 3156 genera
1766 3100 1975 3155 quaedam

255 3178 502 3220 nominatim
525 3181 799 3221 recensentur
821 3178 861 3220 in
885 3179 1032 3232 regula
1049 3180 1072 3221 5
1095 3178 1216 3222 Rhet.
1242 3181 1284 3221 et
1300 3179 1400 3232 Reg.
1424 3180 1450 3220 4
1472 3178 1576 3232 sing.
1597 3177 1727 3221 Class.
1752 3175 1973 3232 reliquar.j;
