2164 3535
695 196 970 240 Heranbildung
994 196 1058 231 der
1081 196 1219 231 Lehrer
1249 198 1344 231 1622.
1802 198 1880 238 211

166 339 323 390 Quodsi
356 338 561 392 epistolae
594 337 647 379 ad
670 337 856 379 Atticum
890 336 1016 390 paulo
1049 335 1358 378 emendatiores
1391 337 1433 376 et
1464 334 1709 387 liquidiores
1733 333 1785 374 ad
1808 346 1882 375 nos

164 414 474 469 pervenissent,
514 413 602 454 sine
645 412 770 453 dubio
811 411 864 453 ab
903 412 984 453 illis
1018 411 1277 465 ordiremur,
1320 413 1421 450 sunt
1460 409 1569 451 enim
1612 408 1708 450 illae
1746 408 1884 449 minus

164 489 406 530 elaboratae
446 491 507 541 et,
549 490 677 540 prout
718 486 845 528 verba
884 486 962 527 snb
995 486 1139 529 stilum
1171 486 1396 535 venerunt,
1440 482 1596 525 effusae
1628 482 1804 524 calidius
1836 493 1884 523 ac

164 563 339 616 proinde
370 561 614 614 quotidiano
648 561 829 603 sermoni
862 561 1097 613 propiores:
1138 560 1211 601 sed
1243 559 1284 600 in
1319 559 1368 600 iis
1400 558 1545 600 Cicero
1578 557 1712 598 multa
1745 556 1795 598 de
1826 556 1885 596 in-

165 637 329 678 dustria
351 635 660 688 quodammodo
692 634 924 683 absorbuit,
957 647 1008 675 ne
1031 647 1056 675 a
1078 646 1291 686 quoquam
1315 633 1666 686 intelligerentur,
1698 634 1886 684 praeter-

164 723 292 764 quam
324 711 377 751 ab
408 711 498 763 ipso
532 710 686 763 Attico,
721 712 763 750 et
794 709 853 749 ita
884 708 1047 750 mendis
1079 710 1255 759 scatent,
1290 711 1337 749 ut
1369 707 1648 760 plurimorum
1680 705 1886 747 hactenus

164 785 384 827 doctorum
418 785 604 826 virorum
637 783 858 836 fatigarint
888 783 1066 835 ingenia.
1123 807 1172 812 —
1227 783 1407 824 Restant
1435 794 1534 834 ergo
1566 781 1659 836 hae,
1691 792 1800 833 quae
1832 778 1885 820 ad

163 860 390 901 familiares
433 859 743 910 inscribuntur,
786 858 826 899 in
869 857 1022 910 quibus
1055 857 1132 898 etsi
1165 857 1372 910 plurimae
1404 857 1488 897 sint
1519 854 1746 908 aliquando
1777 853 1887 895 fiori-

165 935 322 989 diores,
355 938 495 976 tamen
528 934 587 974 ita
619 934 659 974 in
693 933 740 973 iis
773 932 976 985 principio
1010 931 1293 986 versabimur,
1327 935 1376 973 ut
1407 931 1540 973 solam
1572 930 1741 982 linguae
1773 929 1885 982 puri-

164 1012 296 1050 tatem
328 1021 570 1063 sequamur,
601 1007 841 1048 ubertatem
873 1019 921 1049 ac
953 1006 1123 1047 delicias
1156 1006 1396 1048 rhetoribus
1432 1005 1734 1058 relinquamus.

301 1083 441 1124 Primo
475 1095 574 1135 ergo
607 1082 822 1123 materia
854 1082 1059 1134 cujusque
1091 1079 1294 1133 epistolae
1325 1079 1567 1132 indaganda
1595 1079 1675 1121 erit
1696 1090 1743 1119 ex
1767 1089 1887 1131 prae-

165 1158 296 1210 ceptis
328 1157 459 1199 Roclii
496 1157 688 1198 Perusini
730 1158 805 1197 aut
846 1155 1023 1208 alicujus
1064 1155 1260 1203 alterius,
1304 1156 1432 1207 atque
1474 1165 1767 1196 assuescamus
1809 1152 1888 1205 ipsi

165 1232 369 1285 paulatini
410 1231 765 1282 animadvertere,
806 1230 1041 1283 cujusmodi
1080 1230 1313 1272 sententias
1353 1231 1394 1270 et
1427 1231 1680 1281 argumenta
1711 1228 1752 1268 in
1785 1240 1886 1280 quo-

165 1307 267 1348 libet
298 1319 450 1358 genere
473 1305 618 1347 Cicero
652 1308 841 1357 usurpet,
875 1304 1039 1347 collatis
1071 1305 1182 1346 inter
1214 1317 1258 1345 se
1286 1303 1475 1357 ejusdem
1497 1303 1662 1355 generis
1686 1302 1887 1355 epistolis.

165 1381 312 1434 Neque
344 1384 510 1422 tantum
544 1380 834 1422 observandae
867 1384 967 1421 sunt
1000 1380 1188 1421 rationes
1221 1392 1330 1432 quae
1363 1378 1629 1433 adferuntur,
1661 1377 1734 1419 sed
1762 1377 1889 1419 etiam

166 1456 261 1497 illae
282 1455 529 1505 sententiae,
562 1467 668 1508 quas
693 1454 843 1496 Graeci
865 1455 1026 1511 ὴινικάς,
1057 1455 1081 1495 1.
1106 1467 1140 1496 e.
1164 1454 1345 1495 morales
1368 1456 1532 1502 vocant,
1565 1453 1718 1506 quibus
1744 1451 1888 1494 Cicero

166 1532 393 1584 ingenuum
426 1531 610 1584 aliquem
642 1534 684 1572 et
715 1530 931 1571 liberalem
964 1530 1090 1571 animi
1123 1530 1187 1570 sui
1221 1529 1441 1579 affectum,
1475 1532 1522 1570 ut
1553 1527 1888 1570 benevolentiam

168 1610 242 1648 aut
273 1606 575 1659 gratitudinem
604 1606 802 1658 explicat:
835 1605 913 1647 hoc
934 1605 1043 1646 enim
1065 1604 1285 1658 proprium
1308 1607 1373 1646 est
1394 1604 1616 1657 epistolae:
1651 1603 1888 1655 ostendere,

168 1694 251 1735 quo
284 1682 420 1722 animo
454 1685 496 1722 et
527 1680 715 1722 moribus
748 1680 802 1722 sit
833 1680 905 1733 qui
937 1680 1093 1722 scribit.

308 1756 499 1798 Secundo
548 1755 799 1797 formulae
847 1755 1164 1807 investigandae
1204 1761 1305 1796 sunt
1350 1754 1496 1796 eodem
1544 1754 1688 1808 modo,
1736 1767 1820 1808 quo
1867 1767 1891 1795 a

170 1832 351 1885 Georgio
384 1831 572 1873 Fabritio
616 1832 773 1872 factum
818 1831 1030 1872 videmus:
1073 1830 1146 1872 sed
1180 1831 1312 1872 multo
1346 1832 1477 1884 magis
1510 1831 1683 1873 assidua
1713 1831 1891 1873 lectione

169 1906 446 1961 proficiemus.
501 1906 675 1959 Cognito
709 1905 833 1961 enim,
867 1905 968 1958 quid
1001 1905 1145 1947 Cicero
1177 1906 1216 1946 in
1251 1918 1421 1959 quaque
1452 1906 1624 1959 periodo
1657 1906 1797 1959 faciat,
1831 1907 1891 1948 in-

170 1983 398 2036 quiremus,
423 1994 507 2034 qua
527 1981 710 2022 formula
730 1981 954 2022 verborum
977 1985 1207 2034 proponat;
1242 1994 1295 2022 an
1317 1982 1563 2037 interroget,
1586 1994 1638 2023 an
1662 1985 1888 2037 asseveret,

171 2071 222 2100 an
256 2058 446 2110 imperet.
510 2056 671 2098 Deinde
702 2057 743 2098 in
775 2070 825 2098 ea
855 2057 948 2110 ipsa
978 2057 1133 2098 forma:
1167 2057 1276 2099 sitne
1299 2057 1440 2110 aliqua
1460 2056 1642 2098 formula
1663 2060 1739 2098 aut
1760 2069 1891 2109 genus

171 2132 388 2186 loquendi,
432 2132 546 2184 quod
587 2136 662 2173 aut
700 2144 867 2185 semper
907 2135 982 2173 aut
1022 2132 1272 2185 plerumque
1305 2132 1449 2174 Cicero
1483 2135 1681 2187 usurpet,
1725 2145 1819 2174 cum
1852 2132 1891 2173 in

171 2208 281 2249 idem
313 2207 476 2257 incidit3
518 2221 553 2248 v.
588 2220 649 2259 gr.
681 2207 735 2248 sit
775 2207 957 2248 formula
997 2207 1051 2248 ad
1091 2207 1205 2248 aliud
1247 2207 1495 2249 transeundi
1528 2220 1591 2260 ep.
1623 2207 1702 2261 1‚7
1737 2207 1891 2259 (xNam

172 2282 273 2336 quid
304 2294 379 2335 ego
412 2286 453 2323 te
485 2282 665 2323 athletas
698 2285 843 2334 putem
876 2281 1214 2335 desiderarem),
1247 2281 1428 2323 formula
1461 2286 1575 2323 certo
1600 2281 1759 2334 aliquid
1781 2282 1892 2323 affir-

172 2357 313 2399 mandi
346 2370 408 2411 cp.
433 2359 456 2398 5
491 2357 649 2408 (»vide,
691 2370 818 2410 quam
861 2357 958 2398 mihi
1000 2358 1304 2411 persuaserim,
1348 2361 1390 2398 te
1432 2370 1497 2398 me
1535 2370 1626 2398 esse
1664 2357 1892 2403 alterum«)

173 2436 216 2473 et
251 2434 300 2473 19
334 2432 488 2485 (wide,
520 2432 667 2485 quanti
700 2431 812 2484 apud
845 2445 911 2473 me
943 2432 1073 2484 sis.«).

314 2513 361 2554 In
402 2513 527 2554 tertio
570 2513 706 2566 capite
749 2512 990 2554 dictionis
1032 2513 1258 2554 videndum
1303 2517 1366 2554 est
1410 2516 1458 2555 19
1494 2516 1539 2554 ut
1583 2512 1711 2554 verba
1750 2513 1894 2563 latina,

175 2600 283 2641 pura
314 2590 356 2628 et
387 2588 610 2640 perspicua
642 2587 866 2629 discamus.
920 2588 1148 2641 Perspicua
1180 2593 1318 2641 erunt,
1352 2588 1385 2629 si
1417 2600 1498 2629 non
1533 2588 1741 2635 obsoletam
1775 2600 1897 2643 pura,

176 2663 209 2703 si
242 2666 449 2715 usurpata
472 2662 662 2704 Ciceroni
693 2665 820 2715 atque
852 2663 1040 2716 ejusdem
1073 2663 1224 2704 aetatis
1259 2663 1517 2705 auctoribus.
1572 2663 1620 2704 In
1643 2663 1796 2716 quibus
1827 2662 1898 2704 ad-

177 2737 448 2791 vertendum,
491 2737 627 2779 sintne
669 2737 840 2790 propria
880 2750 931 2778 an
974 2737 1203 2787 translata3
1248 2741 1290 2779 et
1331 2738 1364 2779 si
1406 2738 1597 2791 propria,
1646 2737 1757 2778 unde
1798 2750 1899 2790 quo-

177 2812 402 2853 daminodo
434 2815 550 2862 nata,
585 2824 636 2853 an
668 2812 865 2865 forensia,
899 2824 951 2852 an
985 2811 1197 2866 militaria,
1231 2825 1282 2853 an
1316 2813 1486 2854 rustica.
1544 2811 1899 2864 Significationem

179 2886 376 2928 discimus
412 2889 461 2928 19
496 2899 590 2928 cum
624 2887 695 2928 uni
729 2887 874 2936 verbo,
909 2888 1028 2939 cujus
1061 2885 1407 2939 significationem
1440 2887 1711 2940 inquirimus,
1756 2887 1899 2928 Cicero

180 2960 294 3002 aliud
329 2962 516 3014 opponit,
550 2962 663 3014 quod
695 2961 815 3003 nobis
848 2964 993 3003 notum
1027 2965 1109 3011 est;
1143 2963 1194 3004 ⁶25>
1233 2974 1326 3003 cum
1349 2962 1526 3014 ipsemet
1547 2961 1739 3014 plurimis
1762 2961 1899 3002 verbis

179 3035 288 3077 idem
340 3035 464 3090 dicit,
514 3036 627 3088 quod
667 3049 749 3077 uno
793 3036 996 3078 vocabulo
1037 3035 1316 3087 significatum
1358 3036 1541 3085 v<›lebat;
1600 3036 1650 3077 39
1686 3048 1779 3076 cum
1821 3035 1902 3076 alia

182 3110 308 3151 verba
342 3110 537 3163 adjungit
568 3112 691 3163 quasi
721 3111 830 3153 idem
863 3111 1155 3163 significantia.

1633 3177 1696 3212 14*
