2164 3535
721 229 795 263 Das
821 227 1082 263 Theresianum
1109 227 1143 260 in
1172 226 1289 260 Wien.
1784 228 1867 268 347

143 371 266 422 fugos
304 383 353 412 ex
393 369 551 422 proelio
585 368 795 411 Cannensi
835 367 1001 421 punivit
1041 370 1084 409 et
1123 379 1199 409 cur
1230 365 1458 408 Consulem
1499 364 1630 406 cladis
1673 367 1867 406 autorem

144 445 396 486 honoravit?
435 444 547 486 unde
584 442 766 485 Annibal
798 446 894 495 post
934 446 1076 484 tantas
1109 441 1308 483 victorias
1350 440 1515 482 facilius
1558 439 1664 480 vinci
1704 439 1869 492 coepit‘.>

146 519 254 570 Quid
288 519 338 561 de
371 518 564 572 Scipione
596 521 638 559 et
669 517 901 559 Marcello?
935 530 1010 559 cur
1042 516 1250 570 expeditio
1284 516 1325 556 in
1361 515 1541 556 Africam
1575 514 1805 566 suscepta?

282 595 347 635 An
379 593 602 635 diversitas
637 604 858 634 successus
900 593 1123 645 utriusque
1165 592 1300 645 partis
1339 603 1420 632 non
1454 590 1510 631 sit
1550 589 1780 641 repetenda
1822 601 1870 630 ex

148 661 392 710 diversitate
425 667 739 709 constitutionis
773 667 905 708 civilis
939 667 977 707 in
1012 669 1194 718 utraque
1217 666 1477 719 Republica?
1511 664 1621 706 unde
1649 676 1748 716 ergo
1773 663 1872 705 Car-

148 743 410 795 thaginiense
442 742 627 794 regimen
662 742 853 782 Romano
888 741 1097 782 debilius?
1161 741 1262 791 Quis
1297 741 1470 793 utrique
1511 741 1550 780 in
1594 739 1703 780 bello
1744 738 1871 781 finis‘?

147 818 263 868 Quae
310 818 351 858 in
394 816 646 859 exercitibus
690 815 942 868 disparitas,
995 828 1103 868 quae
1146 815 1185 855 in
1227 816 1318 868 ipso
1360 815 1584 866 utriusque
1628 813 1744 855 urbis
1787 814 1871 856 situ

148 892 403 934 diversitas?
450 891 560 932 unde
593 890 861 943 Carthaginis
902 890 1125 931 imminuta
1165 889 1399 942 opulentia,
1442 889 1543 941 quid
1575 888 1872 940 Carthaginem

148 966 351 1021 perdidit,
384 970 426 1008 et
456 967 634 1007 Romam
667 965 876 1007 salvavit?
931 964 1151 1015 Quomodo
1185 964 1278 1016 ipsa
1310 976 1390 1016 pax
1423 963 1669 1014 Carthagini
1702 963 1872 1004 nocuit‘?

285 1047 401 1098 Quae
433 1049 524 1088 tum
556 1046 684 1088 facies
717 1045 829 1087 orbis
862 1048 904 1086 et
927 1045 1129 1087 Graeciae
1153 1044 1417 1097 potissimum
1442 1044 1715 1085 constitutio?
1763 1044 1874 1085 unde

148 1123 258 1166 bella
291 1122 592 1164 Macedonica?
632 1122 674 1162 iu
707 1133 790 1173 quo
822 1123 1053 1173 peccarunt
1087 1119 1259 1169 Graeci,
1293 1119 1403 1159 uude
1442 1118 1467 1159 ii
1500 1118 1571 1170 qui
1604 1119 1761 1159 Romae
1792 1119 1874 1160 foe-

152 1198 287 1240 derati
319 1200 441 1239 erant
473 1196 525 1238 ab
557 1196 649 1249 ipsa
680 1196 806 1248 paulo
838 1198 935 1248 post
966 1195 1132 1237 eversi?

293 1272 409 1323 Quae
450 1272 577 1314 facies
610 1271 777 1324 Syriae,
822 1283 930 1323 quae
970 1270 1168 1324 Aegypti,
1212 1282 1320 1322 quae
1353 1269 1575 1321 utriusque
1608 1268 1725 1321 regni
1765 1268 1874 1309 vires

147 1351 189 1389 et
221 1360 306 1401 qua
338 1350 460 1400 parte
491 1345 777 1388 laborabant?
831 1345 1050 1395 Quomodo
1073 1345 1250 1386 Romani
1285 1357 1355 1386 eos
1389 1357 1508 1395 reges
1540 1344 1694 1385 sensim
1724 1356 1875 1385 exuere

148 1422 367 1476 potentia?
431 1422 532 1472 Quis
565 1421 712 1474 genius
745 1420 963 1467 Antiochi,
1004 1433 1080 1461 cur
1118 1420 1158 1460 in
1191 1420 1404 1461 Romanos
1448 1431 1566 1460 arma
1606 1419 1734 1473 cepit,
1775 1431 1876 1471 quo-

148 1497 272 1540 modo
305 1498 387 1553 ille,
421 1497 632 1551 quomodo
665 1497 846 1538 Perseus
880 1497 1011 1537 victi?

288 1573 450 1624 Quibus
485 1572 649 1614 artibus
672 1572 849 1613 Romani
884 1571 1171 1623 subjugabant
1204 1571 1380 1624 populos
1395 1574 1413 1610 ἱ)
1453 1583 1527 1611 cur
1548 1569 1726 1611 Romani
1758 1581 1877 1621 prae-

151 1649 234 1691 mia
266 1652 308 1690 et
346 1660 503 1701 poenas
535 1648 576 1688 in
609 1647 818 1688 bellorum
852 1647 963 1688 exitu
998 1646 1315 1688 decernebant?
1378 1645 1655 1695 Quandonam
1687 1643 1876 1685 inducias

150 1724 309 1766 dabant
320 1724 340 1765 ‘3
391 1723 531 1774 Quare
553 1723 729 1775 injurias
753 1723 830 1763 sibi
862 1722 1003 1763 illatas
1027 1721 1206 1763 subinde
1229 1721 1566 1773 dissimularunt,
1599 1719 1708 1760 unde
1731 1722 1877 1760 tantus

150 1811 296 1840 eorum
328 1811 404 1852 per
436 1798 580 1839 orbem
611 1802 750 1839 metus
763 1798 781 1838 ἱ)
815 1809 889 1838 cur
921 1796 1048 1849 legati
1072 1808 1217 1837 eorum
1251 1798 1337 1837 tam
1369 1796 1619 1847 arroganter
1650 1794 1878 1846 loqueban-

150 1877 244 1923 tur;
280 1886 355 1915 cur
385 1874 426 1914 in
460 1886 561 1926 pace
591 1873 776 1915 ineunda
798 1885 965 1926 semper
987 1872 1145 1913 victum
1170 1872 1389 1923 cogebant,
1423 1870 1653 1912 exercitum
1675 1869 1876 1912 minuere.

154 1948 316 1990 tributa
346 1947 542 2000 pendere,
576 1947 742 1989 obsides
777 1947 910 1988 dare?
953 1960 1028 1988 cur
1060 1946 1258 1988 vetabant
1294 1946 1399 1987 bella
1430 1958 1525 1986 cum
1558 1944 1681 1986 sociis
1714 1946 1755 1985 et
1777 1955 1878 1996 quo-

152 2023 323 2077 tuplicis
355 2023 519 2076 generis
552 2022 738 2064 habuere
769 2022 933 2064 socios?

292 2097 508 2148 Quomodo
549 2098 628 2139 sibi
671 2098 769 2139 solis
813 2097 1088 2139 reservabant
1128 2096 1278 2137 arma‘?
1326 2108 1401 2137 cur
1439 2095 1634 2137 Asiaticis
1678 2094 1879 2136 vetabant

155 2173 417 2216 conscribere
457 2173 631 2214 militem
676 2173 921 2225 Europeum
937 2173 955 2213 '1²
1029 2171 1248 2222 Quomodo
1298 2171 1558 2223 potentiores
1601 2169 1879 2211 devincebant

155 2250 306 2304 Reges,
339 2248 548 2301 quomodo
583 2260 676 2289 cuin
701 2247 843 2289 liebus
868 2247 1047 2299 publicis
1071 2251 1113 2287 et
1144 2246 1285 2287 liberis
1311 2245 1493 2297 agebant
1516 2245 1710 2298 populis?
1763 2244 1879 2294 Quae

152 2324 323 2366 illorum
355 2322 530 2377 perfidia
564 2323 602 2363 in
637 2322 987 2375 interpretatione
1020 2321 1238 2363 foederum
1252 2322 1270 2361 ἶ)

292 2398 401 2449 Quid
433 2398 485 2439 de
516 2397 700 2439 motibus
725 2396 1022 2438 Crrachorum‘!
1071 2395 1179 2445 Quid
1213 2395 1263 2436 de
1295 2395 1429 2436 Mario
1444 2399 1463 2435 ἱ)
1495 2394 1705 2447 quomodo
1730 2394 1878 2446 Iugur-

156 2473 273 2515 thino
306 2473 414 2514 bello
447 2472 658 2521 admotus„
691 2472 762 2524 qui
795 2485 839 2513 se
871 2472 911 2513 in
945 2471 1165 2513 consulatu
1201 2470 1482 2519 continuavit,
1517 2468 1726 2522 quomodo
1760 2471 1877 2510 sexto

155 2547 377 2591 consulatu
411 2547 598 2600 dejectus
631 2547 737 2588 fuit?

293 2623 402 2674 Quid
435 2623 485 2664 de
520 2622 626 2664 bello
661 2622 847 2665 Sociali‘?
911 2622 1027 2672 Quae
1069 2622 1158 2674 ejus
1192 2621 1339 2672 origo?
1387 2633 1438 2661 an
1482 2631 1626 2673 preces
1668 2618 1878 2660 sociorum

150 2698 323 2752 justae?
376 2698 493 2748 Quae
525 2699 683 2739 Romae
716 2698 794 2738 sub
829 2697 924 2738 belli
956 2697 1120 2738 initium
1154 2696 1356 2737 fortuna?
1419 2695 1638 2746 Quomodo
1673 2694 1880 2735 dissoluta

157 2773 368 2815 sociorum
399 2773 512 2823 unio,
545 2784 627 2825 quo
661 2784 859 2813 successu
872 2776 890 2812 ἱ)

299 2847 416 2898 Quae
456 2847 669 2900 corruptio
705 2847 1026 2887 Romanorum?
1089 2845 1306 2895 Quomodo
1341 2846 1657 2899 Epicureismus
1696 2844 1777 2884 illis
1809 2856 1881 2884 no-

163 2922 281 2964 cuit?
329 2921 547 2971 Quomodo
580 2921 740 2973 Religio
776 2933 868 2962 cum
902 2924 1017 2961 statu
1051 2920 1157 2962 civili
1180 2921 1442 2972 peculialiter
1466 2920 1576 2973 apud
1602 2932 1671 2960 eos
1696 2929 1879 2959 connexa

163 2998 286 3039 erat?
333 3009 416 3049 quo
463 3009 589 3038 sensu
631 2995 813 3037 Divitiae
857 2998 896 3035 et
940 2998 1169 3047 paupertas
1210 2996 1444 3047 aequaliter
1490 2994 1570 3035 illis
1613 2992 1880 3034 nocuerunt?

168 3072 307 3122 Quare
338 3071 534 3113 militaris
566 3071 715 3123 virtus,
750 3082 857 3123 quae
890 3070 971 3111 illis
1005 3070 1207 3110 remansit
1238 3070 1346 3121 sola,
1380 3069 1557 3109 maxime
1588 3071 1678 3109 tum
1711 3067 1880 3108 nocuit?

301 3146 379 3195 Qui
427 3146 642 3188 terminati
682 3150 779 3187 sunt
820 3150 960 3187 motus
1001 3146 1140 3198 Syllae
1186 3150 1227 3188 et
1268 3146 1389 3188 Marii
1404 3146 1421 3186 ἶ)
1494 3148 1633 3194 Quare
1680 3142 1881 3197 triumphi
