2164 3535
239 222 322 263 396
606 223 788 258 Deutsche
814 223 1174 268 Reformvorschlage
1200 225 1258 259 fur
1283 225 1340 260 die
1366 226 1412 261 R.
1440 231 1482 261 st.
1512 230 1608 263 1829.

378 365 415 404 2.
465 364 568 418 Ejus
611 364 773 406 utilitas
816 376 898 405 non
938 366 1105 406 tantum
1145 378 1189 407 se
1232 366 1423 409 extendit
1464 367 1517 409 ad
1557 368 1838 421 cognitionem
1875 369 1967 424 Dei,

237 451 399 481 necnon
432 439 798 494 adminiculorum,
830 439 984 493 quibus
1017 440 1202 482 humana
1234 441 1446 484 industria
1478 443 1628 498 utitur,
1661 456 1806 485 verum
1840 443 1967 485 etiam

241 513 294 555 ad
327 513 563 568 theologiae
606 515 814 566 studium3
856 515 1012 569 quippe
1045 529 1138 558 cum
1170 517 1288 559 nulla
1319 517 1375 559 sit
1408 530 1497 573 ars,
1541 531 1590 560 ex
1622 531 1708 572 qua
1738 518 1854 572 impii
1885 531 1967 560 non

240 588 555 643 desumpserint
601 593 853 643 argumenta
900 593 1049 632 contra
1096 591 1365 648 religionem,
1413 592 1473 634 ita
1518 593 1700 635 maxime
1747 606 1794 635 ex
1843 593 1968 635 rebus

240 663 443 717 physicis;
485 664 597 707 unde
628 665 723 707 illas
756 677 1009 718 cognoscere
1041 670 1232 721 oportet,
1276 679 1359 720 quo
1391 668 1566 711 solidius
1599 668 1826 722 impiorum
1859 680 1969 710 com-

238 742 381 781 menta
412 740 664 782 refutentur.

376 826 414 867 3.
462 827 633 880 Itaque,
675 831 724 869 ut
754 828 919 870 muneri
951 841 1028 871 suo
1060 833 1102 871 et
1133 828 1203 870 fini
1245 830 1459 872 societatis
1501 829 1736 873 satisfaciat
1777 830 1968 885 physices

242 902 470 958 professor,
503 902 629 945 debet
650 916 699 946 ex
731 916 873 946 rerum
894 903 1160 946 sensibilium
1193 905 1473 959 explicatione
1495 905 1683 959 arripere
1705 906 1968 949 occasionem

238 976 483 1019 auditorum
504 981 667 1020 mentes
691 978 744 1020 ad
766 978 1069 1021 insensibilium
1094 981 1494 1034 contemplationem
1527 981 1633 1034 (fere
1654 981 1716 1023 uti
1739 981 1782 1022 P.
1808 981 1969 1023 Bellar-

237 1052 390 1094 minius
437 1052 478 1094 in
525 1054 729 1107 opusculo
763 1054 814 1096 de
860 1055 1105 1098 ascensione
1151 1056 1304 1098 mentis
1352 1056 1405 1097 ad
1453 1057 1588 1099 Deum
1608 1058 1657 1110 ¹);
1702 1081 1752 1087 —
1797 1056 1968 1112 Cousin,

238 1127 483 1180 Desprcaux
516 1128 688 1182 aliique)
729 1130 931 1171 evocandi
964 1143 1196 1184 eorumque
1229 1130 1427 1173 affectum
1460 1131 1514 1173 ad
1547 1144 1734 1174 amorem
1766 1131 1969 1174 creatoris

238 1202 467 1252 cxcitandi3
511 1203 663 1246 deinde
694 1204 822 1246 etiam
854 1218 936 1247 non
971 1206 1142 1248 omittat
1174 1206 1397 1248 ostendere
1442 1206 1668 1249 utilitatem
1700 1206 1894 1261 physices
1926 1206 1967 1248 in

237 1278 363 1320 variis
396 1278 508 1320 vitae
551 1279 783 1322 communis
828 1281 1177 1332 circumstantiis3
1210 1281 1413 1335 denique,
1455 1281 1526 1324 ubi
1569 1286 1799 1324 occurrunt
1840 1294 1966 1336 quae-

237 1352 410 1408 stiones,
443 1367 493 1396 ex
516 1354 670 1408 quibus
704 1359 851 1398 contra
873 1356 1135 1409 Religionem
1159 1356 1343 1399 deducta
1373 1358 1491 1399 fuere
1515 1361 1782 1413 argumenta,
1814 1357 1965 1399 horum

237 1427 467 1470 falsitatem
490 1429 688 1483 detegere
720 1435 762 1473 et
790 1444 930 1473 coram
965 1432 1160 1474 exhibere
1192 1445 1274 1474 non
1307 1432 1637 1488 praetermittat,
1670 1432 1745 1474 sed
1768 1432 1968 1486 breviter,

238 1516 289 1544 ne
320 1503 558 1557 theologica
600 1505 794 1548 videatur
824 1509 1031 1557 tractare,
1075 1506 1273 1561 physicae
1316 1507 1471 1549 limites
1516 1508 1815 1558 transiliendo3
1857 1507 1967 1550 idem

238 1578 378 1634 faciat,
411 1580 577 1633 quoties
610 1581 651 1622 in
684 1580 870 1624 favorem
904 1582 1094 1624 veritatis
1129 1595 1173 1624 se
1206 1582 1388 1624 offerunt
1419 1586 1689 1635 argumenta3
1721 1582 1826 1625 haec
1858 1583 1967 1626 scili-

238 1658 304 1696 cet
336 1667 476 1697 coram
510 1656 716 1698 exhibeat.
771 1657 862 1698 Hac
894 1658 1059 1699 ratione
1090 1657 1292 1707 studium,
1327 1658 1440 1711 quod
1472 1657 1597 1699 hodie
1629 1657 1738 1699 tanti
1770 1658 1967 1700 aestima-

238 1732 323 1783 tur,
356 1742 439 1771 non
472 1731 623 1774 minori
656 1744 751 1774 cum
784 1732 927 1775 fructu
961 1733 1194 1787 docebitur,
1227 1745 1354 1786 quam
1386 1733 1478 1786 ipsa
1511 1732 1791 1787 philosophia.

376 1820 414 1860 4.
464 1818 725 1862 Scholastica
756 1819 980 1862 methodus
1013 1820 1054 1861 in
1088 1820 1214 1862 rebus
1257 1819 1440 1874 physicis
1473 1819 1540 1861 vix
1573 1819 1771 1872 usurpari
1803 1822 1966 1873 potest;

238 1894 337 1946 quia
358 1894 455 1936 illae
487 1900 599 1937 artes
622 1895 757 1948 magis
789 1894 997 1938 factorum
1021 1895 1282 1950 expositione
1314 1906 1547 1948 eorumque
1570 1908 1647 1949 per
1678 1894 1966 1949 experimenta

238 1969 554 2025 explanatione,
586 1982 714 2024 quam
747 1971 1018 2024 syllogisticis
1051 1970 1412 2024 disputationibus
1445 1969 1736 2024 perficiuntur.
1799 1970 1965 2026 Itaque,

238 2044 336 2086 licet
367 2045 687 2087 ratiociniorum
719 2045 909 2087 subsidio
942 2058 1086 2088 carere
1119 2046 1287 2088 omnino
1319 2058 1401 2087 non
1436 2045 1636 2094 debeant,
1677 2049 1720 2088 et
1758 2044 1966 2098 imprimis

238 2118 563 2162 mathematicae
595 2120 859 2164 deductionis
892 2121 945 2163 ad
978 2121 1072 2163 illas
1105 2121 1333 2175 plurimum
1367 2120 1557 2163 conferre
1590 2120 1772 2171 soloant;
1815 2120 1963 2162 nihilo-

242 2195 381 2237 minus
429 2199 569 2238 tamen
612 2196 722 2239 idem
767 2197 818 2240 de
864 2198 1056 2252 physices
1099 2197 1298 2239 met-hodo
1347 2196 1571 2239 dicendum
1614 2195 1805 2251 videtur,
1851 2195 1966 2249 quod

239 2272 450 2312 statutum
482 2271 563 2313 fuit
602 2284 686 2324 reg.
724 2274 747 2313 6
788 2273 1040 2327 professoris
1074 2285 1249 2315 casuum
1290 2272 1570 2315 conscientiae
1602 2271 1642 2313 in
1685 2270 1849 2313 ratione
1881 2274 1969 2313 stu-

240 2343 417 2387 diorum.

379 2434 416 2473 5.
471 2433 591 2475 Illam
635 2434 804 2476 tradere
850 2434 1005 2477 debent
1051 2434 1312 2489 professores
1359 2434 1747 2488 phaenomenorum
1789 2431 1968 2485 explica-

239 2506 418 2563 tionem,
460 2520 589 2561 quam
621 2509 735 2563 apud
766 2509 991 2552 modernos
1024 2509 1218 2564 physicos
1251 2509 1431 2551 maxime
1462 2508 1635 2562 probari
1666 2506 1965 2561 intellexerint,

239 2594 314 2624 nec
356 2595 507 2624 novam
551 2583 735 2637 aliquam
776 2585 1047 2628 introducere
1087 2585 1210 2635 velle,
1254 2597 1390 2637 neque
1430 2596 1539 2625 nova
1581 2595 1606 2625 a
1643 2595 1688 2625 se
1728 2581 1968 2635 excogitata

240 2656 507 2699 auditoribus
530 2671 753 2713 exponere,
775 2659 853 2702 nisi
877 2660 995 2714 prius
1018 2659 1196 2702 aliorum
1219 2662 1490 2713 expertorum
1507 2657 1667 2712 Judicio
1694 2657 1964 2711 subJecerint.

240 2731 371 2772 Porro
404 2733 636 2775 cavendum
669 2746 854 2789 semper,
895 2747 966 2790 ne,
1008 2747 1117 2788 quae
1149 2734 1313 2776 nonnisi
1346 2733 1582 2787 opiniones,
1626 2735 1860 2786 systemata
1892 2736 1966 2774 aut

240 2806 552 2860 hypotheses
594 2811 714 2863 sunt,
755 2809 795 2850 in
829 2809 985 2851 nostris
1019 2809 1171 2852 scholis
1214 2808 1496 2851 defendantur
1527 2811 1743 2860 tamquam
1777 2810 1893 2849 certa
1924 2810 1968 2849 et

242 2881 481 2937 explorata,
525 2894 606 2923 non
649 2895 770 2925 secus
803 2896 851 2925 ac
883 2883 916 2925 si
950 2896 1048 2925 vere
1079 2887 1127 2925 ut
1158 2883 1299 2925 theses
1342 2882 1610 2924 haberentur.
1674 2881 1867 2935 Denique
1899 2894 1966 2924 res

379 3044 406 3086 1)
433 3043 492 3078 De
520 3043 795 3079 Ascensione
822 3044 983 3079 mentis
1009 3044 1052 3078 in
1078 3044 1213 3078 Deum
1239 3054 1315 3087 per
1341 3043 1486 3077 scalas
1519 3053 1662 3077 rerum
1695 3047 1964 3085 creatarum,

244 3099 456 3142 opusculum
483 3100 632 3135 Roberti
660 3101 870 3135 Bellarmini
898 3113 915 3136 e
944 3102 978 3136 S.
997 3101 1031 3136 J.
1059 3130 1065 3136 .
1093 3129 1100 3136 .
1127 3101 1279 3135 Parisiis
1307 3103 1409 3144 1605,
1444 3102 1522 3135 240.
1578 3099 1640 3135 Oft
1676 3099 1860 3143 ausgelegt
1892 3098 1964 3133 und

242 3157 433 3192 ubersetzt.
