2164 3535
273 196 355 238 534
561 193 630 229 Die
657 192 916 229 oberdeutsche
943 192 1096 228 Provinz
1121 193 1211 229 iiber
1236 193 1293 228 die
1320 205 1410 229 neue
1437 194 1480 229 R..
1507 199 1548 230 st.
1580 199 1676 233 1835.

529 415 788 482 Regulae
839 414 1136 464 Praefecti
1186 414 1444 467 Studior.
1483 415 1746 468 inferior.

413 546 526 598 Reg.
557 546 593 586 2.
657 543 751 585 Non
793 543 961 586 videtur
1000 543 1119 586 ullibi
1161 548 1229 587 sat
1276 544 1388 586 clare
1429 556 1696 601 expressum,
1739 545 2005 600 disciplinam

274 634 440 664 morum
482 620 523 662 in
557 619 776 673 discipulis
810 619 1019 662 Classium
1057 619 1333 674 Superiorum
1366 619 1419 661 ad
1451 619 1717 663 Praefectum
1756 621 2005 664 inferiorum

275 699 479 751 spectare.
544 695 633 737 Imo
677 708 725 737 ex
758 694 914 748 regulis
946 695 1047 748 ipsis
1079 695 1222 748 potius
1255 695 1374 749 sequi
1414 695 1649 752 videretur,
1692 696 1729 738 ei
1761 696 2004 750 dirigendas

275 772 387 814 solas
427 771 647 813 inferiores
681 769 855 812 Scholas
896 769 1152 812 incumbere.
1215 770 1367 824 Itaque
1410 783 1505 813 cum
1545 783 1625 813 usu
1658 772 1870 831 contrario
1902 771 2006 815 haec

275 859 441 889 morum
482 845 702 899 disciplina
745 844 886 898 quoad
927 857 1069 888 omnes
1112 845 1304 888 alumnos
1346 846 1399 888 ad
1444 847 1708 890 Praefectum
1754 847 2003 890 inferiorum

276 923 502 979 pertineat,
534 922 576 964 id
607 921 672 965 hic
705 921 860 964 clarius
893 921 1186 976 explicandum
1220 922 1401 965 videtur.

416 999 520 1051 Reg
557 999 622 1040 24.
686 998 823 1040 Praef.
866 997 972 1040 Cum
1019 998 1188 1052 saepius
1231 998 1514 1041 necessarium
1546 998 1743 1041 videatur
1774 997 1920 1040 statim
1951 998 2009 1040 fe-

278 1074 438 1117 riarum
470 1074 588 1115 initio
633 1073 887 1127 quibusdam
928 1073 1134 1129 indicare,
1177 1073 1291 1127 quod
1331 1074 1559 1116 ascendere
1597 1076 1829 1129 nequeant,
1870 1073 1913 1115 in
1946 1086 2009 1115 re-

279 1150 378 1204 gula
401 1151 467 1192 24.
502 1149 711 1203 quaedam
742 1148 924 1191 latitudo
959 1147 1098 1191 danda
1131 1148 1310 1191 videtur.
1763 1134 1766 1136 v

581 1484 842 1551 Regulae
882 1484 1293 1534 Professorum
1342 1485 1708 1535 inferiorum.

420 1614 533 1666 Reg.
566 1614 602 1653 3.
667 1612 772 1655 Cum
814 1612 856 1654 in
898 1613 1042 1655 multis
1083 1613 1185 1655 locis
1225 1626 1315 1655 mos
1358 1626 1440 1655 non
1483 1614 1557 1670 sit,
1599 1617 1647 1656 ut
1686 1612 1740 1654 ad
1781 1611 2012 1655 Conciones

288 1689 678 1743 quadragesimales
702 1688 895 1742 discipuli
917 1693 1015 1731 eant
1036 1689 1101 1731 vel
1123 1689 1363 1745 mittantur,
1395 1702 1444 1731 ea
1465 1702 1563 1744 pars
1587 1689 1759 1742 regulae
1780 1686 2014 1730 omittenda

284 1766 462 1815 videtur,
495 1765 596 1819 quia
628 1765 691 1806 vel
724 1765 961 1820 antiquata,
994 1765 1057 1807 vel
1090 1777 1323 1818 paucorum
1354 1765 1543 1807 locorum
1576 1765 1759 1818 propria.

421 1841 534 1893 Reg.
562 1842 625 1882 14.
681 1839 887 1890 Quoniam
910 1840 951 1882 in
983 1840 1226 1883 borealibus
1250 1840 1483 1882 Provinciis
1516 1853 1591 1894 per
1622 1839 1813 1894 hyemem
1845 1842 2013 1894 tempus

285 1916 462 1960 Scholae
493 1916 608 1958 ultra
641 1915 747 1957 duas
780 1915 907 1957 horas
940 1928 1063 1958 mane
1086 1916 1153 1958 vix
1175 1916 1367 1969 protrahi
1390 1919 1564 1971 queant,
1596 1915 1795 1957 limitatio
1819 1914 2014 1957 addenda

285 1992 500 2034 videretur
532 1991 723 2044 regulae:
772 1991 869 2033 nisi
902 1991 1044 2033 aliud
1082 1990 1180 2033 loci
1220 1991 1539 2033 consuetudo
1582 1990 1641 2033 ob
1680 1990 1909 2033 rationes
1946 1991 2014 2033 le-

284 2067 490 2122 gitimas
523 2066 764 2119 postulet.

423 2143 535 2195 Reg.
562 2142 626 2183 18.
689 2141 783 2183 Non
816 2140 1005 2193 videtur,
1045 2141 1257 2194 quomodo
1290 2154 1386 2183 cum
1416 2142 1495 2185 hac
1526 2142 1694 2197 regula,
1727 2154 1812 2196 qua
1843 2141 2015 2195 linguae

285 2220 441 2262 latinae
473 2217 662 2260 studium
704 2220 793 2260 tam
824 2218 992 2260 fortiter
1023 2230 1071 2260 ac
1102 2231 1177 2271 per
1209 2218 1349 2260 omnia
1381 2217 1723 2271 commendatur,
1763 2219 1879 2260 stare
1910 2217 2014 2260 satis

286 2294 421 2348 possit
452 2293 641 2336 studium
673 2293 843 2346 linguae
875 2293 1146 2349 vernaculae,
1187 2293 1301 2346 quod
1341 2293 1465 2335 hodie
1498 2292 1655 2346 ubique
1687 2292 1775 2335 sive
1807 2304 1833 2333 a
1864 2292 2016 2346 guber-

286 2371 365 2413 niis
397 2370 483 2411 sive
516 2382 540 2410 a
571 2369 819 2422 parentibus
852 2368 957 2411 adeo
990 2372 1181 2422 urgetur,
1215 2372 1257 2411 et
1289 2370 1409 2423 cujus
1441 2369 1631 2411 defectus
1663 2367 1824 2411 Scholis
1856 2367 2015 2410 nostris

286 2445 580 2499 exprobratur.

425 2520 537 2573 Reg.
574 2520 649 2565 33,
692 2520 757 2560 234.
832 2518 1011 2561 Videtur
1050 2519 1245 2561 addenda
1287 2519 1495 2562 clausula:
1545 2518 1593 2561 si
1641 2518 2015 2573 discipulorum

287 2597 527 2638 numerus
560 2595 609 2637 id
641 2596 875 2648 patiatur
908 2599 1006 2641 etc:
1040 2596 1182 2638 etinim
1216 2596 1287 2637 ubi
1321 2608 1523 2637 numerus
1557 2607 1703 2637 eorum
1725 2607 1906 2648 magnus
1938 2597 2016 2649 est,

288 2672 354 2713 vix
387 2671 520 2713 altera
553 2671 728 2712 alterius
762 2669 939 2713 Scholae
972 2671 1199 2724 discipulos
1233 2684 1326 2712 cum
1360 2670 1539 2724 propriis
1573 2672 1756 2724 caperet.

426 2747 540 2797 Reg.
565 2746 630 2787 35.
692 2746 785 2787 Mos
819 2746 997 2799 eligendi
1028 2746 1306 2799 Magistratus
1338 2746 1379 2787 in
1412 2746 1556 2788 multis
1588 2746 1739 2788 saltem
1773 2744 2015 2798 regionibus

290 2822 404 2864 ultra
445 2821 622 2874 primam
667 2820 981 2864 Grammaticae
1023 2821 1218 2863 Scholam
1262 2822 1327 2862 vix
1370 2821 1540 2863 retineri
1583 2822 1743 2874 potest:
1792 2820 1893 2873 quia
1933 2832 2016 2862 non

290 2897 393 2939 satis
436 2896 696 2951 stimularet,
739 2897 822 2938 imo
866 2897 905 2938 in
941 2897 1102 2939 Scholis
1134 2897 1309 2950 paulum
1342 2896 1562 2938 altioribus
1594 2895 1765 2937 nomina
1797 2908 1820 2937 a
1853 2895 2014 2948 graecis

291 2973 354 3014 vel
386 2972 526 3013 latinis
561 2972 745 3014 mutuari
780 2972 1004 3014 ridiculum
1029 2972 1254 3014 videretur.
1311 2971 1450 3022 Quare
1474 2971 1680 3023 quaedam
1715 2970 1910 3013 limitatio
1944 2970 2015 3013 ad-

290 3046 473 3089 hibenda
504 3046 684 3090 videtur.
