2164 3535
260 287 340 328 176
786 285 1062 329 Heranbildung
1087 285 1151 320 der
1176 285 1315 320 Lehrer
1343 289 1442 322 1619.

395 424 515 475 Quod
549 438 646 468 vero
680 426 733 468 ad
765 426 1102 469 informationem
1136 429 1327 480 eorum1)
1360 427 1539 479 attinet,
1571 426 1769 469 hortatur
1800 427 1982 481 Congre-

258 500 371 553 gatio
412 500 642 554 ipsorum2)
674 500 902 553 Magistros
943 505 986 544 et
1017 501 1279 549 Directores,
1324 505 1372 543 ut
1408 502 1614 556 principio
1648 502 1936 544 vehementem
1949 503 1982 555 ³)

256 575 408 618 harum
448 575 670 617 literarum
713 589 899 618 amorem
937 577 978 618 in
1010 577 1201 631 ipsorum
1233 577 1382 619 animis
1416 577 1600 619 excitare
1632 581 1856 632 conentur,
1898 590 1979 619 non

257 651 381 693 modo
403 650 631 704 propositis
656 651 708 703 (si
734 655 901 704 tempus
925 653 1094 704 ferat)4)
1123 652 1451 694 accommodatis
1476 652 1726 703 rationibus,
1758 652 1832 694 sed
1854 652 1984 694 etiam

258 727 388 768 totius
421 724 648 768 Societatis
692 726 911 768 voluntate
953 731 995 768 et
1036 727 1255 769 commodo
1299 727 1525 781 publi005).
1588 727 1770 769 Proinde
1801 727 1986 769 eximant

257 802 338 843 illis
370 801 650 854 perniciosam
684 801 940 855 opinionem,
974 802 1086 843 intra
1117 815 1274 856 paucos
1307 802 1400 844 illos
1440 815 1593 853 annos,
1636 802 1789 856 quibus
1827 815 1981 856 pueros

258 876 424 918 docturi
456 879 577 930 sunt,
620 875 811 927 horumss)
845 877 1085 919 studiorum
1117 878 1303 920 fructum
1336 878 1539 925 existere:
1580 891 1684 920 neve
1714 878 1878 920 modica
1909 878 1982 920 illa

258 952 490 1005 doctrina⁷)
524 952 609 994 sint
641 953 846 1004 contenti,
886 965 1012 1006 quam
1046 954 1309 1007 repetitionis
1341 957 1532 1006 tempore
1565 953 1832 1007 arripuerint.
1897 952 1980 995 Sed

259 1027 463 1080 cogitent,
517 1028 596 1069 sibi
654 1031 885 1070 sementem
932 1027 1168 1069 faciendam
1216 1028 1498 1076 uberriinaess)
1547 1028 1817 1075 eruditionis,
1870 1040 1979 1081 quae

257 1103 435 1145 lectione
468 1107 723 1157 optimorum
747 1107 984 1155 auctorum,
1019 1103 1314 1144 observatione
1339 1103 1555 1158 historiae,
1589 1103 1746 1144 rituum
1770 1103 1980 1157 plaeclare

257 1179 466 1221 dictorum
490 1182 532 1220 et
554 1179 776 1227 factorum,
809 1179 1046 1231 cognitione
1071 1182 1397 1232 praeceptorum
1420 1178 1700 1231 eloquentiae,
1733 1178 1978 1231 sapientiae,

256 1254 505 1307 prudentiae
528 1253 752 1306 colligitur,
777 1253 829 1294 ad
852 1253 1040 1307 privatas
1065 1254 1396 1309 congressiones,
1420 1253 1473 1295 ad
1496 1253 1729 1308 conciones,
1757 1253 1809 1294 ad
1832 1266 1976 1295 omnes

258 1329 438 1382 denique
494 1328 683 1381 publicas
736 1327 972 1370 functiones
1026 1328 1261 1382 profutura.
1343 1328 1482 1379 Quare
1539 1341 1689 1381 parum
1741 1341 1785 1370 se
1834 1328 1981 1370 fecisse

258 1405 497 1446 existiment
528 1404 822 1454 Institutores,
865 1404 900 1446 si
940 1404 1110 1455 regulas
1151 1404 1210 1446 eis
1243 1404 1452 1446 duntaxat
1483 1403 1648 1445 scholas
1681 1403 1863 1445 habendi
1894 1406 1981 1446 tra-

258 1479 420 1530 dant&
452 1479 594 1532 potius
625 1479 667 1520 in
699 1491 747 1520 eo
780 1478 1123 1531 laborandumw)
1157 1482 1234 1529 est,
1268 1483 1316 1520 ut
1346 1479 1515 1532 ipsimet
1546 1479 1705 1520 versari
1734 1479 1774 1519 in
1798 1479 1980 1520 auctori-

256 1555 336 1597 bus
377 1567 471 1597 cum
512 1555 714 1610 utilitate,
757 1553 972 1596 fructuose
1013 1567 1121 1607 quae
1162 1554 1289 1607 digna
1321 1555 1499 1607 fuerint,
1544 1557 1747 1596 annotare
1780 1557 1907 1607 atque
1939 1554 1979 1595 in

258 1642 382 1672 usum
413 1630 593 1685 suum¹¹)
627 1634 871 1671 convertere
905 1629 1195 1681 addiscantffl).
1236 1654 1280 1659 —
1317 1630 1398 1672 Res
1430 1630 1523 1683 ipsa
1543 1641 1669 1682 porro
1693 1629 1896 1681 postulat,
1931 1632 1978 1670 ut

256 1705 341 1746 sint
372 1705 545 1759 assidui,
578 1718 628 1747 ne
661 1705 901 1747 studiorum
934 1705 1181 1747 remissione
1210 1705 1488 1757 languescant
1512 1704 1653 1752 animi,
1686 1706 1728 1746 et
1749 1717 1876 1757 quam
1898 1703 1981 1757 pri-

258 1794 374 1822 mum
407 1794 428 1822 e
461 1780 687 1822 seminario
720 1780 987 1834 einigrareffi)
1022 1780 1275 1822 desiderent.

398 1874 626 1915 Praeterea
657 1878 771 1914 certo
815 1873 959 1915 ordine
1001 1877 1128 1926 atque
1160 1873 1358 1915 methodo
1398 1876 1497 1914 sunt
1535 1871 1809 1926 informandi,
1853 1883 1980 1924 quani

258 1949 474 2003 expediret
506 1949 558 1990 ab
590 1961 672 1990 uno
706 1949 770 1989 vel
802 1948 994 2000 pluribus
1027 1948 1204 1990 eruditis
1228 1948 1327 1989 viris
1360 1947 1519 1998 confici,
1553 1951 1680 2000 atque
1703 1945 1977 2000 Superiorum

258 2024 512 2066 auctoritate
545 2024 880 2077 comprobari¹4J).
930 2024 996 2065 Ita
1018 2024 1125 2065 enim
1149 2023 1281 2071 fieret,
1315 2027 1362 2064 ut
1386 2022 1513 2064 etiam
1536 2021 1805 2063 mediocriter
1828 2021 1978 2063 doctus

258 2098 502 2141 Praefectus
535 2099 691 2140 certius
723 2099 816 2140 illos
848 2098 1096 2150 faciliusque
1130 2097 1341 2150 dirigeret.

397 2192 564 2233 Interea
586 2203 684 2232 vero
699 2191 762 2243 15),
795 2190 893 2231 dum
922 2191 964 2231 in
996 2190 1060 2231 his
1093 2193 1336 2243 versantur,
1370 2189 1647 2242 extorquendi
1679 2191 1779 2230 sunt
1810 2188 1860 2230 de
1892 2201 1978 2230 ma-

259 2266 382 2308 nibus
415 2279 557 2308 omnes
592 2266 642 2307 de
675 2265 940 2318 philosophia
972 2265 1283 2319 commentarii,
1324 2269 1372 2306 ut
1404 2265 1612 2318 tantisper
1643 2264 1755 2305 intra
1787 2264 1979 2306 classico-

259 2356 352 2383 rum
375 2346 596 2384 auctorum
619 2346 661 2383 et
682 2342 848 2383 illorum
865 2341 927 2391 ¹⁶),
959 2341 1031 2393 qui
1055 2340 1107 2382 ad
1131 2339 1424 2392 intelligendos
1447 2339 1598 2391 illosff)
1630 2339 1804 2393 faciunt,
1836 2338 1978 2380 lectio-

259 2431 352 2459 nem
385 2421 670 2459 coerceantur.

398 2509 587 2562 Denique
625 2508 867 2551 exacuenda
905 2512 970 2550 est
1009 2521 1152 2550 eorum
1192 2508 1345 2561 quibus
1387 2507 1483 2549 licet
1524 2506 1658 2548 modis
1706 2506 1915 2549 industria
1929 2507 1974 2558 ¹⁸)

259 2585 415 2627 crebris
447 2584 487 2625 in
520 2585 701 2626 triclinio
736 2583 1121 2636 exercitationibus,
1155 2583 1434 2631 examinibus,
1468 2594 1515 2623 ac
1547 2582 1728 2635 denique
1759 2582 1974 2636 proposito

258 2659 471 2712 profectus
504 2659 765 2707 testimonio,
808 2659 920 2711 quod
954 2659 1154 2700 Rectores
1187 2663 1229 2699 et
1262 2658 1467 2699 Praefecti
1509 2658 1560 2698 ad
1592 2658 1635 2698 P.
1672 2657 1973 2699 Provincialem

259 2748 303 2776 se
334 2735 642 2787 perscripturos
675 2747 767 2776 esse
799 2737 895 2775 ante
927 2733 1254 2775 denunciabunt.

398 2933 424 2974 ¹)
450 2931 494 2968 b1
520 2930 689 2975 ipsorum.
845 2929 872 2971 2)
899 2928 941 2965 bl
971 2939 1102 2963 eorum.
1260 2929 1288 2973 3)
1315 2928 1358 2965 b]
1391 2929 1631 2963 vehementur.
1783 2930 1811 2971 ⁴)
1838 2928 1881 2964 b1
1912 2928 1971 2962 ubi

260 2994 400 3033 tempus
426 2988 528 3023 feret.
669 2989 696 3018 5,
724 2987 771 3020 Et
798 2997 825 3020 c,
853 2998 885 3030 p.
913 2986 1014 3021 deest
1040 2987 1074 3020 in
1102 2988 1158 3023 bi.
1299 2988 1327 3030 6)
1353 2987 1397 3023 bi
1426 2998 1564 3021 omnem
1590 2997 1744 3021 suorum.
1872 2987 1900 3027 7)
1927 2986 1969 3022 b1

259 3058 375 3091 neque
401 3046 464 3080 illa
489 3046 580 3080 mod.
608 3045 639 3079 d.
762 3045 795 3087 8)
820 3044 864 3079 b1
894 3044 1018 3078 messis
1045 3050 1078 3080 et
1105 3056 1152 3079 er.
1282 3046 1310 3088 9)
1336 3045 1379 3080 b1
1409 3045 1437 3079 si
1464 3055 1536 3088 reg.
1563 3044 1662 3079 dunt.
1690 3045 1741 3079 eis
1767 3050 1809 3078 tr.
1836 3044 1910 3079 sch.
1937 3044 1970 3078 h.

262 3106 304 3150 10)
336 3105 377 3140 b1
406 3103 671 3138 elaborandum.
817 3103 857 3143 ¹¹)
890 3101 933 3137 bl
963 3102 998 3135 in
1025 3113 1128 3136 suum
1155 3114 1188 3137 u,
1338 3103 1378 3146 ¹2)
1412 3103 1454 3137 bl
1482 3102 1701 3137 condiscant.
1852 3103 1894 3145 13)
1927 3102 1968 3137 b1

261 3173 326 3197 em.
355 3173 373 3196 e
400 3172 483 3196 sem.
510 3161 583 3195 des.
751 3161 792 3202 ¹4)
819 3159 860 3193 b¹
890 3159 1038 3202 approb.
1209 3162 1247 3204 ¹⁵)
1273 3160 1314 3193 b¹
1343 3170 1408 3194 om.
1437 3170 1529 3194 vero.
1699 3160 1739 3203 16)
1766 3160 1809 3193 b¹
1837 3169 1969 3194 eorum.

263 3221 303 3267 17)
330 3221 372 3257 b1
401 3221 445 3254 ad
472 3220 520 3253 ill.
549 3220 609 3253 int.
755 3219 795 3261 ¹⁸)
824 3218 863 3252 bl
894 3218 989 3260 quib.
1018 3218 1072 3252 lic.
1100 3219 1212 3252 modis
1240 3219 1331 3253 illor.
1357 3218 1427 3252 iud.
