2164 3535
215 228 293 268 241
519 225 621 261 Neue
648 225 1012 269 Studienvorschlage
1039 225 1103 261 der
1128 226 1326 261 deutschen
1352 226 1504 263 Provinz
1534 230 1630 263 1830.

214 365 486 420 collegiorum
509 366 744 420 comparari
765 365 940 419 possint.
967 391 1017 396 -—
1045 367 1089 407 In
1112 365 1307 408 Helvetia
1329 366 1472 409 schola
1494 369 1613 409 sexta
1635 368 1937 421 correspondet

213 440 477 496 Rhetoricae,
509 453 618 495 quae
648 441 786 494 prima
816 442 993 483 vocatur
1023 441 1065 482 in
1098 440 1248 483 Gallia.

350 516 421 558 Ad
454 529 553 569 reg.
578 517 644 558 37.
700 516 1024 559 Anniversariae
1046 517 1288 559 vacationes
1317 530 1427 559 nunc
1456 518 1614 571 ubique
1637 518 1725 560 fere
1746 520 1936 572 tempore

213 592 412 646 aequales
465 595 566 633 sunt
617 605 693 645 pro
749 591 902 634 scholis
953 592 1246 648 inferioribus,
1305 592 1601 646 longioresque
1655 606 1730 646 pro
1786 593 1937 635 scholis

212 667 500 722 superioribus
541 670 807 710 statuuntur.
889 668 944 709 Et
986 668 1186 721 quoniam
1229 668 1504 710 intermediae
1546 668 1731 722 plurium
1774 668 1938 710 dierum

213 743 454 785 vacationes
488 743 719 796 plurimum
750 743 1004 797 perturbare
1036 743 1174 785 solent
1206 746 1455 785 consuetum
1488 743 1726 785 studiorum
1753 756 1938 799 cursum,

211 818 332 860 facile
363 818 567 872 supprimi
598 820 814 874 poterunt,
846 822 894 860 ut
925 818 1233 872 protrahantur
1265 831 1442 860 annuae.
1498 819 1676 861 Omnino
1700 819 1933 861 cavendum

212 893 393 950 videtur,
427 897 476 935 ut
505 894 546 935 in
582 894 706 936 variis
740 894 929 947 ejusdem
952 895 1103 936 saltem
1125 894 1371 936 Provinciae
1400 894 1587 947 collegiis
1611 894 1757 936 eadem
1781 895 1937 948 ubique

211 972 405 1011 servetur
436 970 558 1011 ratio.
614 995 663 1000 --
717 970 918 1012 Rationes
951 973 1115 1024 autem,
1154 983 1263 1024 quae
1295 970 1497 1025 suadent,
1538 972 1587 1011 ut
1617 970 1727 1012 idem
1769 973 1937 1024 tempus

212 1044 268 1087 sit
313 1045 580 1087 vacationum
626 1058 702 1100 pro
750 1046 943 1088 omnibus
989 1045 1143 1088 scholis
1195 1045 1484 1101 inferioribus,
1536 1048 1638 1088 sunt
1689 1047 1936 1098 sequentes:

216 1122 263 1162 19
297 1120 568 1163 Consuetudo
601 1121 788 1162 omnium
820 1121 1040 1174 regionum
1073 1121 1385 1174 cisalpinarum.
1450 1122 1503 1163 29
1538 1121 1791 1163 Distributio
1818 1133 1940 1174 prae-

213 1197 393 1239 miorum
433 1196 580 1239 eadem
619 1197 686 1239 die
718 1201 760 1239 et
792 1210 933 1239 coram
967 1197 1161 1239 omnibus
1194 1196 1398 1239 facienda.
1463 1197 1514 1239 39
1550 1196 1835 1239 Commoditas
1867 1209 1940 1250 pa-

213 1275 393 1328 rentum,
427 1273 499 1326 qui
531 1272 584 1314 ad
615 1272 722 1314 hanc
757 1272 1098 1314 distributionem
1130 1272 1373 1326 frequentes
1407 1272 1662 1314 conveniunt
1692 1274 1734 1313 et
1756 1272 1939 1325 plerum-

213 1360 294 1401 que
327 1350 477 1401 optant
500 1347 607 1389 filios
630 1360 774 1389 secum
797 1347 1018 1390 abducere.
1072 1349 1124 1390 49
1161 1347 1268 1398 Quia
1289 1347 1362 1402 illi,
1395 1347 1548 1401 quibus
1571 1347 1787 1389 breviores
1809 1346 1940 1389 feriae

211 1422 547 1479 indulgerentur,
580 1423 953 1465 obmurmurarent
983 1426 1112 1477 atque
1143 1423 1261 1465 inviti
1294 1422 1527 1465 studerent.

350 1498 499 1549 Quoad
541 1499 757 1541 convictus
800 1501 944 1540 autem
983 1499 1025 1540 in
1058 1498 1321 1553 regionibus,
1361 1498 1402 1539 in
1436 1498 1589 1551 quibus
1622 1511 1712 1540 mos
1744 1510 1827 1540 non
1858 1501 1937 1554 est,

213 1576 261 1616 ut
283 1574 543 1617 convictores
566 1587 710 1617 omnes
734 1575 1039 1628 retineantur¹)
1064 1574 1269 1628 optimum
1292 1573 1407 1616 factu
1430 1573 1612 1630 videtur,
1644 1574 1723 1616 nisi
1746 1573 1939 1627 specialis

213 1649 352 1692 obstet
384 1650 507 1703 ratio,
539 1653 586 1692 ut
618 1650 879 1693 convictores
913 1663 1056 1692 omnes
1089 1650 1142 1692 ad
1175 1652 1372 1703 parentes
1405 1662 1504 1692 suos
1534 1650 1802 1691 vacationum
1834 1652 1938 1691 tem-

210 1738 313 1779 pore
345 1725 629 1768 remittantur.
676 1726 767 1768 Hoc
790 1726 899 1768 enim
922 1725 1130 1767 maximae
1153 1725 1351 1767 utilitatis
1375 1728 1503 1767 esset:
1540 1727 1589 1767 19
1626 1724 1939 1780 Superioribus,

210 1800 527 1843 Professoribus
560 1813 608 1843 ac
639 1800 871 1843 Praefectis
905 1801 1192 1857 convictuum,
1226 1801 1297 1854 qui
1329 1804 1427 1855 post
1457 1800 1623 1842 labores
1657 1801 1755 1842 anni
1784 1800 1939 1853 integri

212 1880 255 1918 et
295 1876 436 1929 quiete
479 1877 733 1930 privatoque
765 1877 907 1919 studio
938 1876 1146 1930 indigent,
1190 1879 1232 1918 et
1262 1879 1359 1930 post
1391 1876 1685 1930 dissipationes
1719 1876 1938 1918 continuas

210 1952 252 1992 in
286 1951 547 1993 convictibus
581 1952 647 1993 vix
670 1952 890 1993 evitandas
915 1952 1026 1993 vitae
1051 1951 1262 1993 communi
1286 1963 1333 1993 ac
1355 1951 1577 2004 religiosae
1600 1953 1700 1993 sunt
1721 1950 1938 2001 reddendi,

211 2040 263 2068 ne
295 2027 469 2080 spiritus
503 2028 671 2069 omnino
704 2028 950 2081 intepescat.
1017 2029 1069 2069 29
1104 2026 1218 2069 Utile
1251 2039 1421 2079 quoque
1453 2030 1517 2068 est
1551 2026 1652 2080 ipsis
1693 2026 1940 2068 convictori-

211 2101 305 2157 bus,
336 2115 435 2144 nam
467 2103 725 2156 experientia
758 2104 943 2156 constat,
977 2114 1068 2157 eos,
1101 2102 1173 2155 qui
1206 2106 1445 2153 remanent,
1486 2102 1634 2144 ceteris
1668 2101 1938 2155 abeuntibus,

213 2190 294 2219 non
335 2177 483 2219 eadem
524 2177 744 2219 alacritate
786 2177 1084 2219 scholasticum
1127 2177 1341 2230 sequentis
1385 2177 1482 2218 anni
1525 2189 1697 2219 cursum
1731 2178 1937 2230 repetere,

214 2265 298 2305 qua
339 2252 411 2306 qui
454 2252 577 2294 domo
609 2252 767 2294 reversi
799 2264 929 2294 novas
962 2253 1260 2306 occupationes
1296 2252 1417 2305 quasi
1448 2252 1546 2294 novi
1576 2252 1656 2305 ipsi
1689 2251 1940 2304 aggrediun-

213 2330 295 2369 tur.
364 2328 595 2370 Praeterea
652 2328 724 2381 qui
782 2328 823 2369 in
876 2328 1070 2370 convictu
1122 2330 1343 2370 remanent
1394 2328 1643 2381 plerumque
1694 2339 1776 2368 non
1831 2325 1940 2368 fiunt

212 2402 426 2459 meliores,
464 2403 559 2459 sed,
592 2403 759 2445 Nostris
792 2403 989 2457 permixti
1020 2403 1130 2445 inter
1160 2403 1278 2446 lusus
1312 2406 1354 2445 et
1385 2402 1667 2445 recreationes
1701 2401 1937 2456 continuas,

212 2479 543 2521 familiaritatem
587 2479 769 2532 aliquam
812 2479 982 2520 nimiam
1024 2478 1280 2521 contrahunt
1323 2479 1365 2520 in
1398 2481 1687 2531 contemptum
1720 2476 1836 2519 brevi
1870 2476 1937 2518 de-

212 2558 530 2607 generaturam3
578 2554 762 2607 querelis
804 2554 930 2596 etiam
979 2558 1020 2595 et
1067 2553 1531 2595 obmurmurationibus
1579 2566 1624 2595 se
1670 2552 1847 2594 tradunt
1895 2554 1938 2593 et

213 2630 392 2671 Nostros
425 2642 551 2682 saepe
583 2630 705 2682 quasi
738 2629 939 2671 authores
979 2634 1065 2672 tam
1107 2628 1302 2684 infelicis,
1345 2632 1393 2670 ut
1431 2629 1569 2682 ajunt,
1613 2628 1738 2670 sortis
1779 2627 1935 2668 invisos

212 2705 381 2747 habent.

352 2856 380 2898 1)
405 2865 434 2888 z.
454 2854 495 2888 B.
522 2854 557 2888 in
584 2854 715 2889 Italien
741 2855 957 2898 verbringen
984 2854 1041 2889 die
1067 2854 1241 2898 Z'oglinge
1268 2855 1346 2889 ihre
1373 2854 1516 2898 grossen
1533 2853 1665 2887 Ferien
1690 2852 1737 2886 im
1756 2851 1934 2886 Convicte.
