2164 3535
689 205 964 250 Heranbildung
988 205 1052 240 der
1075 204 1214 239 Lehrer
1242 206 1338 239 1622.
1791 204 1873 245 ‘2⁵23

157 349 230 392 sed
262 350 301 390 in
335 349 482 402 primis
514 347 591 389 hoc
622 347 713 387 loco
746 344 1035 387 observandae
1066 347 1167 385 sunt
1197 354 1341 384 omnes
1373 342 1535 393 figurae
1568 340 1877 383 sententiarum

156 424 281 465 utiles
327 422 556 465 excitandis
604 420 842 470 affectibus,
890 423 989 460 sunt
1034 418 1144 460 enim
1191 417 1399 470 quaedam
1446 416 1621 457 idoneae
1668 415 1722 456 ad
1768 427 1878 456 eom-

157 498 489 545 miserationem,
530 495 738 548 quaedam
781 493 833 534 ad
876 494 1005 543 iram,
1047 492 1256 545 quaedam
1288 492 1341 533 ad
1375 491 1478 533 alios
1511 490 1708 539 affectus3
1752 493 1879 541 atque

156 572 234 614 hac
281 572 320 613 in
362 584 407 612 re
448 569 674 623 plurimum
716 580 808 610 esse
847 567 1055 621 positum,
1103 567 1166 608 vel
1208 566 1345 619 exigui
1386 565 1629 608 exercitatio
1676 563 1878 617 temporis

159 646 365 689 ostendet.

295 737 463 779 Dictio
496 737 583 779 sive
615 735 839 778 elocutio
869 736 1101 787 spectatur,
1133 737 1225 774 tum
1248 734 1494 785 generatim,
1526 737 1616 774 tum
1639 733 1680 773 in
1704 731 1880 785 singulis

163 812 386 866 generibus
420 811 557 864 qualis
591 811 744 852 debeat
775 822 886 859 esse3
919 809 1150 860 generatim
1184 808 1288 850 satis
1322 809 1506 849 ostendit
1528 807 1762 861 Cyprianus
1795 807 1820 847 l.
1841 808 1879 848 3.

159 887 207 927 In
239 886 512 927 deliberativo
545 897 625 926 non
660 884 785 925 debet
816 895 908 925 esse
942 882 1169 924 admodum
1202 882 1435 935 exquisita,
1478 882 1551 923 sed
1594 881 1882 923 observandae

159 964 259 1002 sunt
280 961 528 1011 sententiae,
561 972 670 1012 quae
693 958 960 1011 prudentiam
985 957 1168 999 oratoris
1191 956 1430 1007 ostendant,
1455 956 1505 998 de
1531 956 1684 1009 quibus
1708 956 1880 997 Aristot.

160 1035 215 1086 II,
239 1037 304 1077 21.
367 1035 416 1076 In
448 1034 780 1076 demonstrativo
813 1031 1079 1074 observanda
1109 1035 1210 1074 sunt
1239 1044 1352 1084 quae
1385 1030 1435 1072 de
1468 1033 1705 1083 temperato
1731 1043 1882 1082 genere

161 1110 259 1151 alibi
291 1109 542 1151 monuimus.
604 1109 652 1149 In
679 1107 869 1161 judiciali
901 1106 1025 1148 debet
1057 1119 1149 1147 esse
1173 1106 1316 1147 'oratio
1351 1105 1529 1146 maxime
1562 1104 1794 1157 composita
1827 1103 1880 1144 ad

162 1184 347 1226 affectus.
413 1183 521 1225 Sunt
553 1186 695 1224 autem
728 1181 916 1235 duplices
949 1181 1136 1237 affectus,
1169 1181 1238 1222 alii
1271 1180 1425 1231 acerbi,
1460 1183 1507 1220 ut
1537 1180 1613 1231 ira,
1646 1179 1810 1229 odium3
1841 1178 1883 1218 in

160 1260 240 1301 illis
274 1258 532 1300 concitandis
565 1257 721 1299 debent
753 1257 882 1298 verba
914 1269 1006 1298 esse
1038 1268 1189 1309 aspera
1220 1258 1262 1296 et
1294 1255 1513 1305 volubilia,
1556 1253 1794 1306 frequentia
1824 1253 1884 1293 in-

163 1335 268 1387 cisa,
311 1337 353 1375 et
394 1333 536 1374 variae
575 1331 755 1385 periodi,
797 1331 925 1384 pedes
956 1343 1054 1372 vero
1088 1343 1112 1371 a
1143 1330 1342 1372 brevibus
1377 1330 1617 1371 desinentes
1650 1329 1689 1369 in
1723 1328 1884 1379 longas,

163 1408 409 1462 compositio
442 1407 634 1460 neglecta
665 1411 707 1448 et
738 1418 862 1459 saepe
895 1405 946 1447 (le
978 1405 1189 1446 industria
1218 1404 1360 1446 hiulca
1382 1407 1424 1446 et
1445 1416 1614 1456 aspera:
1647 1401 1884 1455 exemplum

163 1486 304 1537 potest
334 1495 425 1524 esse
457 1481 708 1535 principium
740 1481 900 1534 primae
932 1479 1216 1522 Catilinariae.
1282 1479 1330 1521 In
1372 1478 1609 1520 mitioribus
1653 1476 1885 1525 affectibus,

164 1558 301 1612 qualis
334 1559 400 1599 est
431 1555 754 1607 commiseratio,
787 1554 916 1597 verba
943 1558 1044 1596 sunt
1065 1554 1176 1596 lenia
1198 1557 1240 1596 et
1261 1552 1399 1603 tarda,
1433 1552 1560 1606 pedes
1584 1552 1728 1594 multis
1751 1551 1885 1603 longis

164 1636 420 1683 constantes,
453 1631 614 1685 periodi
646 1631 871 1683 longioreS,
904 1630 1150 1683 compositio
1182 1629 1346 1679 suavis3
1380 1641 1415 1669 v.
1451 1630 1556 1669 orat.
1586 1626 1667 1668 Cic.
1702 1638 1778 1679 pro
1810 1625 1888 1667 Mi-

164 1708 279 1759 lone,
322 1720 397 1760 pro
436 1706 619 1748 Rabirio.
685 1706 946 1747 Ornamenta
987 1705 1166 1757 denique
1209 1716 1258 1745 ea
1299 1704 1399 1744 sunt
1436 1701 1720 1755 observanda,
1763 1713 1886 1753 quae,

165 1794 259 1824 cum
303 1781 357 1822 ad
401 1782 626 1823 verborum
668 1784 863 1822 ornatum
903 1779 968 1821 vel
1007 1778 1259 1820 sententiam
1300 1780 1399 1818 sunt
1437 1776 1639 1827 illustria,
1683 1775 1886 1817 hactenus

164 1860 305 1898 tamen
338 1857 390 1898 ad
422 1857 566 1910 priora
596 1855 735 1908 capita
766 1854 901 1896 relata
929 1867 1011 1895 non
1044 1853 1238 1895 fuerunt:
1271 1852 1305 1893 si
1336 1852 1471 1893 relata
1494 1851 1663 1903 fuerint,
1696 1851 1797 1892 nihil
1821 1850 1886 1891 hic

166 1932 319 1974 attinet
351 1934 569 1983 annotare,
603 1930 715 1983 quod
748 1930 873 1971 etiam
907 1929 1009 1971 alias
1042 1927 1361 1981 intelligendum
1396 1931 1472 1967 est.

887 2357 1044 2412 Caput
1075 2357 1166 2399 vn.

624 2473 699 2522 De
737 2473 897 2539 politis
937 2473 1092 2538 epicis
1132 2479 1181 2520 et
1217 2471 1435 2537 tragicis.

308 2598 487 2642 Materia
546 2601 768 2654 utriusque
819 2598 1024 2653 poematis
1075 2598 1278 2640 dividitur
1328 2598 1369 2640 in
1423 2596 1610 2639 fabulam
1665 2598 1706 2638 et
1757 2594 1891 2648 episo-

171 2675 301 2717 dium.
370 2675 566 2717 Fabula
605 2675 644 2716 in
693 2675 756 2717 his
805 2674 974 2727 quidem
1021 2673 1244 2726 generibus
1293 2675 1358 2715 est
1397 2672 1494 2714 ficta
1538 2672 1647 2713 actio
1688 2682 1892 2723 personae

174 2750 335 2792 alienae
376 2750 574 2803 illustris,
616 2762 699 2791 una
740 2752 783 2791 et
823 2748 1019 2802 perfecta.
1083 2747 1180 2789 Dixi
1222 2747 1393 2797 »ficta«,
1445 2759 1526 2788 non
1567 2731 1697 2799 quod
1722 2745 1890 2786 omnino

171 2827 312 2867 totum
353 2824 539 2878 fingatur
572 2849 621 2854 ——
656 2824 797 2877 epicae
836 2824 942 2865 enim
987 2826 1029 2864 et
1060 2823 1247 2875 tragicae
1279 2824 1507 2863 sumuntur
1538 2834 1585 2861 ex
1617 2820 1792 2861 historia
1825 2843 1889 2871 ——,

172 2899 247 2941 sed
282 2899 394 2952 quod
426 2901 565 2941 sumto
598 2899 765 2941 nomine
797 2910 1001 2951 personae
1033 2899 1076 2939 et
1107 2896 1246 2949 aliquo
1279 2895 1404 2946 facto,
1437 2907 1461 2936 a
1493 2907 1575 2947 quo
1607 2894 1680 2935 illa
1710 2905 1891 2946 persona

172 2977 273 3015 nota
313 2977 397 3027 est,
440 2974 648 3026 reliquum
688 2976 813 3026 poeta
852 2975 978 3025 prout
1015 2972 1116 3012 libet
1152 2970 1289 3023 fingit3
1333 2984 1369 3013 v.
1403 2982 1464 3021 gr.
1500 2982 1547 3011 ex
1587 2969 1763 3010 historia
1797 2980 1892 3008 eon-

173 3048 338 3099 stabat,
381 3048 562 3090 Aeneam
605 3047 773 3090 aliunde
815 3048 977 3089 venisse
1019 3047 1059 3087 in
1101 3045 1268 3087 Italiam
1310 3048 1438 3097 atque
1470 3044 1526 3085 ibi
1559 3047 1721 3097 partem
1755 3042 1890 3094 gentis

174 3135 374 3164 romanae
406 3123 615 3175 extitisse3
647 3123 719 3164 sed
752 3135 835 3175 quo
868 3135 982 3171 casu,
1015 3121 1167 3173 quibus
1199 3119 1410 3174 periculis,
1443 3119 1483 3160 id
1508 3122 1644 3159 totum
1666 3117 1745 3159 sibi
1768 3121 1894 3169 poeta
