2164 3535
225 203 309 244 220
760 198 1037 241 Heranbildung
1061 197 1124 231 der
1150 197 1288 232 Lehrer
1319 201 1414 233 1622.

226 341 402 383 alterius
427 339 684 394 respondent
707 339 906 382 membris
930 337 1235 392 praecedentiS‚
1268 340 1317 378 ut
1350 338 1428 380 ode
1451 339 1474 379 6
1507 337 1575 380 lib.
1603 340 1645 380 1:
1701 339 1883 381 »Decam
1916 342 1959 381 et

224 417 398 459 Alciden
422 428 662 470 puerosque
684 414 840 469 Ledae,
872 414 997 456 Hunc
1021 412 1155 466 equis,
1187 413 1307 454 illum
1331 425 1534 465 superare
1556 413 1710 466 pugnis
1733 413 1955 456 nobilem«

225 492 475 533 Numerus
507 490 548 531 in
583 489 767 531 camnine
799 487 990 543 quidem,
1031 488 1145 542 quod
1181 488 1408 529 uniformes
1447 486 1604 529 habeat
1643 487 1772 541 pedes
1812 491 1855 530 et
1885 488 1957 542 qui

226 566 395 608 minime
427 565 666 619 varientur,
698 576 780 605 non
814 575 1012 615 magnam
1044 562 1173 604 habet
1204 561 1517 616 difficultatem,
1551 561 1585 603 si
1620 561 1840 615 fugiantur
1871 562 1961 604 hia-

226 645 324 695 tus,
357 643 399 681 et
431 639 714 681 adhibeantur
745 650 819 680 eae
853 650 1073 693 caesurae,
1106 649 1215 690 quae
1246 636 1408 679 faciunt
1439 636 1492 678 ad
1525 637 1730 690 cujusque
1763 637 1959 680 carminis

226 715 492 768 elegantiam.
555 714 618 756 De
650 713 804 767 quibus
836 726 872 755 v.
909 725 1018 766 quae
1049 712 1177 754 habet
1210 711 1363 764 Georg.
1398 711 1613 754 Fabritius
1654 711 1723 754 lib.
1762 714 1786 753 6
1829 712 1880 754 de
1913 725 1959 755 re

226 791 402 845 poetica.
466 789 513 831 In
548 788 734 830 carmine
772 791 912 830 tamen
946 787 1210 837 hexametrO,
1255 786 1327 828 ubi
1365 786 1578 840 prioribus
1622 786 1722 829 locis
1756 787 1821 830 vel
1865 787 1960 830 dac-

226 866 338 920 tylus
374 865 437 907 vel
470 863 682 917 spondeus
715 863 908 917 ponitur,
954 862 1264 905 observandum
1306 864 1371 904 est
1411 862 1543 917 idem,
1587 862 1701 916 quod
1741 862 1792 905 de
1830 875 1960 917 prosa

227 941 419 983 diximus.
510 940 559 981 In
611 938 764 994 elegia,
824 938 923 991 quia
975 940 1213 991 temperata
1274 950 1367 979 esse
1425 937 1570 993 debet,
1637 938 1725 980 fere
1786 938 1959 980 alternis

227 1019 464 1070 ponuntur,
513 1027 650 1068 neque
701 1013 956 1056 adhibentur
996 1013 1056 1054 ita
1097 1012 1233 1054 crebri
1279 1011 1476 1067 spondei,
1522 1014 1570 1054 ut
1614 1013 1655 1054 in
1702 1012 1870 1054 heroico
1918 1015 1962 1055 et

227 1091 417 1134 bucolico
450 1091 694 1143 frequentes
727 1088 897 1142 dactyli.
953 1087 1150 1130 Ceterum
1182 1087 1287 1129 illud
1311 1087 1439 1129 etiam
1462 1088 1696 1130 notandum
1721 1090 1798 1143 est,
1831 1087 1960 1130 inter-

227 1167 327 1208 dum
359 1166 530 1208 brevius
563 1164 754 1206 desinere
786 1176 981 1220 sensum,
1022 1162 1237 1204 interdum
1269 1175 1368 1204 vero
1400 1162 1568 1215 longius
1607 1162 1821 1216 protrahi3
1864 1175 1959 1205 cum

225 1241 390 1294 longius
423 1238 690 1294 protrahitur
721 1250 887 1293 sensus,
920 1237 1082 1280 faciunt
1106 1238 1363 1280 ornatiorem
1387 1241 1429 1280 et
1458 1237 1689 1291 digniorem
1717 1238 1956 1280 dictionem.

227 1315 338 1358 Talis
373 1316 438 1357 est
469 1315 542 1356 illa
572 1314 912 1368 comprehensio:
977 1326 1113 1367 »quae
1145 1326 1248 1356 cura
1279 1317 1465 1367 patrum,
1497 1326 1659 1367 quaeve
1682 1314 1957 1365 Quiritiuml«

225 1391 383 1433 Notum
417 1390 554 1432 estin
599 1389 782 1442 elegiaco
825 1401 908 1430 non
950 1389 1103 1431 debere
1145 1402 1315 1431 sensum
1357 1388 1551 1442 protrahi
1593 1389 1707 1430 ultra
1744 1391 1960 1443 pentame-

225 1468 351 1507 trum.
416 1465 527 1507 Illud
560 1465 742 1507 fortasse
773 1477 855 1506 non
890 1464 1083 1507 omnibus
1117 1464 1479 1519 animadversum,
1519 1476 1601 1506 non
1634 1460 1748 1506 recte
1780 1463 1957 1517 singulis

227 1541 483 1583 hexametris
526 1540 714 1593 singulas
758 1539 993 1581 sententias
1036 1539 1265 1594 contineri,
1309 1539 1420 1592 quod
1463 1539 1766 1592 reprehensum
1811 1542 1875 1581 est
1916 1539 1957 1581 in

227 1615 393 1657 Tibullo
425 1616 466 1656 in
500 1615 685 1657 carmine
718 1614 771 1656 ad
794 1614 1045 1665 Messalam3
1078 1614 1282 1667 Virgilius
1314 1614 1425 1656 enim
1448 1626 1573 1667 saepe
1605 1613 1646 1655 in
1669 1613 1806 1655 medio
1830 1626 1956 1656 versu

227 1691 290 1733 vel
324 1690 459 1732 finivit
491 1691 554 1732 vel
589 1690 814 1732 inchoavit.
879 1690 1038 1732 Contra
1075 1690 1115 1731 in
1147 1688 1364 1743 phalaecio
1397 1701 1479 1731 non
1518 1689 1733 1742 eleganter
1765 1701 1789 1730 a
1820 1688 1957 1731 medio

227 1778 351 1808 versu
383 1766 608 1808 inchoatur
639 1778 773 1807 novus
806 1778 974 1820 sensus,
1017 1764 1091 1807 sed
1135 1764 1352 1807 desinente
1383 1764 1568 1806 carmine
1604 1764 1692 1806 fere
1731 1763 1857 1806 etiam
1889 1763 1958 1805 de-

225 1841 325 1883 sinit
356 1854 517 1884 sensus.

967 2212 1127 2267 Caput
1157 2212 1220 2254 Vl.

731 2327 803 2375 De
841 2326 1151 2376 orationibus
1191 2325 1464 2375 Ciceronis.

366 2453 639 2496 Pervenimus
673 2454 726 2496 ad
767 2454 873 2496 illud
916 2454 1192 2508 scriptionum
1236 2466 1390 2506 genus„
1432 2454 1473 2494 in
1515 2465 1598 2506 quo
1640 2453 1883 2494 dominatur
1914 2456 1957 2494 et

229 2531 380 2581 regnat
412 2529 566 2584 oratio,
606 2542 742 2583 neque
781 2532 948 2572 tantum
984 2530 1072 2582 jam
1105 2529 1263 2571 mulcet
1300 2530 1343 2570 et
1374 2528 1557 2571 delectat
1589 2528 1770 2583 animos,
1808 2527 1882 2570 sed
1913 2528 1953 2570 in

228 2616 523 2656 quamcunque
556 2604 725 2646 libuerit
755 2608 919 2658 partem
951 2604 1082 2646 flectit
1114 2617 1162 2646 ac
1194 2607 1348 2657 movet,
1381 2603 1495 2656 quod
1518 2602 1678 2656 grande
1711 2606 1753 2644 et
1775 2602 1954 2644 sublime

229 2678 431 2720 orationis
465 2691 597 2731 genus
631 2678 796 2721 dicitur.
860 2679 908 2721 Id
942 2691 1052 2721 nunc
1085 2678 1295 2731 quomodo
1329 2678 1382 2719 ab
1413 2678 1503 2731 ipso
1537 2677 1806 2731 eloquentiae
1837 2678 1953 2720 fonte

228 2753 438 2801 trahatur.
472 2753 668 2807 deinceps
702 2754 1033 2805 observabimus„
1067 2767 1149 2795 non
1182 2753 1296 2807 quod
1329 2765 1472 2795 omnes
1507 2753 1718 2795 orationes
1742 2752 1953 2794 Ciceronis

229 2828 269 2869 in
312 2828 481 2869 sublimi
522 2840 674 2880 genere
716 2832 940 2871 versentur
980 2832 1097 2877 (sunt
1138 2829 1247 2870 enim
1288 2827 1497 2880 quaedam
1540 2827 1737 2882 humiles,
1784 2830 1833 2868 ut
1876 2839 1953 2881 pro

231 2902 443 2954 Quinctio,
477 2902 705 2953 Caecinna„
738 2904 888 2945 Roscio
923 2903 1142 2953 comoedo;
1186 2903 1292 2944 aliae
1324 2903 1365 2944 in
1397 2902 1598 2944 mediocri
1630 2906 1672 2944 et
1703 2904 1952 2956 temperato,

231 2981 278 3019 ut
310 2991 385 3031 pro
418 2979 509 3030 lege
540 2978 727 3029 Manilia,
761 2992 837 3031 pro
870 2979 1071 3021 Marcello
1106 2979 1218 3033 cet),
1250 2978 1323 3020 sed
1357 2978 1470 3031 quod
1502 2978 1542 3019 in
1576 2977 1653 3019 hac
1684 2977 1951 3030 potissimum

229 3056 351 3105 parte
384 3066 557 3105 operum
591 3053 802 3095 Ciceronis
843 3053 1022 3095 sublime
1064 3053 1168 3095 illud
1210 3065 1341 3105 genus
1383 3052 1632 3105 reperiatur.
1696 3053 1758 3093 De
1799 3050 1952 3093 oratio-

230 3127 353 3169 nibus
394 3128 581 3181 priorum
621 3140 822 3181 generum
865 3128 965 3169 nihil
1008 3131 1178 3182 praeter
1214 3128 1300 3181 jain
1344 3127 1455 3169 dicta
1494 3126 1831 3180 observabimus,
1871 3125 1950 3167 nisi
