<?xml version="1.0" encoding="UTF-8"?>
<!DOCTYPE html PUBLIC "-//W3C//DTD XHTML 1.0 Transitional//EN"
    "http://www.w3.org/TR/xhtml1/DTD/xhtml1-transitional.dtd">
<html xmlns="http://www.w3.org/1999/xhtml" xml:lang="en" lang="en">
 <head>
  <title>
</title>
<meta http-equiv="Content-Type" content="text/html;charset=utf-8" />
  <meta name='ocr-system' content='tesseract 3.04.00' />
  <meta name='ocr-capabilities' content='ocr_page ocr_carea ocr_par ocr_line ocrx_word'/>
</head>
<body>
  <div class='ocr_page' id='page_1' title='image "./ratiostudiorumet16jesu_0438.png"; bbox 0 0 2164 3535; ppageno 0'>
   <div class='ocr_carea' id='block_1_1' title="bbox 210 199 1631 246">
    <p class='ocr_par' dir='ltr' id='par_1_1' title="bbox 210 199 1631 246">
     <span class='ocr_line' id='line_1_1' title="bbox 210 199 1631 246; baseline -0.002 -9"><span class='ocrx_word' id='word_1_1' title='bbox 210 206 294 246; x_wconf 84' lang='lat'>414</span> <span class='ocrx_word' id='word_1_2' title='bbox 516 201 619 236; x_wconf 88' lang='lat' dir='ltr'>Neue</span> <span class='ocrx_word' id='word_1_3' title='bbox 646 199 1009 243; x_wconf 71' lang='lat' dir='ltr'>Studienvorschlage</span> <span class='ocrx_word' id='word_1_4' title='bbox 1036 199 1101 234; x_wconf 86' lang='lat' dir='ltr'>der</span> <span class='ocrx_word' id='word_1_5' title='bbox 1126 199 1324 234; x_wconf 82' lang='lat' dir='ltr'>deutschen</span> <span class='ocrx_word' id='word_1_6' title='bbox 1350 199 1504 234; x_wconf 88' lang='lat' dir='ltr'>Provinz</span> <span class='ocrx_word' id='word_1_7' title='bbox 1532 202 1631 236; x_wconf 83' lang='lat'>1830.</span> 
     </span>
    </p>
   </div>
   <div class='ocr_carea' id='block_1_2' title="bbox 244 265 1931 285">
    <p class='ocr_par' dir='ltr' id='par_1_2' title="bbox 244 265 1931 285">
     <span class='ocr_line' id='line_1_2' title="bbox 244 265 1931 285; baseline 0 0"><span class='ocrx_word' id='word_1_8' title='bbox 244 265 1931 285; x_wconf 95' lang='lat' dir='ltr'> </span> 
     </span>
    </p>
   </div>
   <div class='ocr_carea' id='block_1_3' title="bbox 211 338 1941 1903">
    <p class='ocr_par' dir='ltr' id='par_1_3' title="bbox 211 338 1938 1062">
     <span class='ocr_line' id='line_1_3' title="bbox 347 338 1934 396; baseline -0.002 -11"><span class='ocrx_word' id='word_1_9' title='bbox 347 343 419 385; x_wconf 89' lang='lat' dir='ltr'>Ad</span> <span class='ocrx_word' id='word_1_10' title='bbox 450 355 547 396; x_wconf 83' lang='lat' dir='ltr'>reg.</span> <span class='ocrx_word' id='word_1_11' title='bbox 577 344 643 384; x_wconf 69' lang='lat'>2⁴2.</span> <span class='ocrx_word' id='word_1_12' title='bbox 706 341 754 383; x_wconf 89' lang='lat' dir='ltr'>In</span> <span class='ocrx_word' id='word_1_13' title='bbox 797 353 912 382; x_wconf 90' lang='lat' dir='ltr'>more</span> <span class='ocrx_word' id='word_1_14' title='bbox 953 339 1138 393; x_wconf 89' lang='lat' dir='ltr'>positum</span> <span class='ocrx_word' id='word_1_15' title='bbox 1178 339 1244 382; x_wconf 92' lang='lat' dir='ltr'>hic</span> <span class='ocrx_word' id='word_1_16' title='bbox 1286 343 1351 382; x_wconf 88' lang='lat' dir='ltr'>est</span> <span class='ocrx_word' id='word_1_17' title='bbox 1391 343 1441 381; x_wconf 91' lang='lat' dir='ltr'>ut</span> <span class='ocrx_word' id='word_1_18' title='bbox 1481 352 1655 382; x_wconf 80' lang='lat' dir='ltr'>examen</span> <span class='ocrx_word' id='word_1_19' title='bbox 1697 338 1793 395; x_wconf 91' lang='lat' dir='ltr'>fiat,</span> <span class='ocrx_word' id='word_1_20' title='bbox 1834 341 1934 383; x_wconf 89' lang='lat' dir='ltr'>solis</span> 
     </span>
     <span class='ocr_line' id='line_1_4' title="bbox 211 415 1932 468; baseline -0.002 -8"><span class='ocrx_word' id='word_1_21' title='bbox 211 417 568 460; x_wconf 80' lang='lat' dir='ltr'>examinatoribus</span> <span class='ocrx_word' id='word_1_22' title='bbox 601 420 643 458; x_wconf 91' lang='lat' dir='ltr'>et</span> <span class='ocrx_word' id='word_1_23' title='bbox 674 415 952 458; x_wconf 86' lang='lat' dir='ltr'>examinando</span> <span class='ocrx_word' id='word_1_24' title='bbox 983 415 1293 468; x_wconf 85' lang='lat' dir='ltr'>praesentibus,</span> <span class='ocrx_word' id='word_1_25' title='bbox 1326 427 1421 456; x_wconf 89' lang='lat' dir='ltr'>cum</span> <span class='ocrx_word' id='word_1_26' title='bbox 1454 428 1529 468; x_wconf 89' lang='lat' dir='ltr'>per</span> <span class='ocrx_word' id='word_1_27' title='bbox 1560 415 1637 457; x_wconf 87' lang='lat' dir='ltr'>hoc</span> <span class='ocrx_word' id='word_1_28' title='bbox 1667 415 1809 456; x_wconf 88' lang='lat' dir='ltr'>multis</span> <span class='ocrx_word' id='word_1_29' title='bbox 1833 427 1932 467; x_wconf 90' lang='lat' dir='ltr'>que-</span> 
     </span>
     <span class='ocr_line' id='line_1_5' title="bbox 212 491 1932 544; baseline -0.003 -9"><span class='ocrx_word' id='word_1_30' title='bbox 212 494 309 535; x_wconf 88' lang='lat' dir='ltr'>relis</span> <span class='ocrx_word' id='word_1_31' title='bbox 347 496 389 535; x_wconf 89' lang='lat' dir='ltr'>et</span> <span class='ocrx_word' id='word_1_32' title='bbox 429 491 892 534; x_wconf 87' lang='lat' dir='ltr'>obmurmurationibus</span> <span class='ocrx_word' id='word_1_33' title='bbox 935 493 1258 544; x_wconf 77' lang='lat' dir='ltr'>praecaveatur:</span> <span class='ocrx_word' id='word_1_34' title='bbox 1308 503 1441 543; x_wconf 91' lang='lat' dir='ltr'>prona</span> <span class='ocrx_word' id='word_1_35' title='bbox 1482 491 1591 532; x_wconf 91' lang='lat' dir='ltr'>enim</span> <span class='ocrx_word' id='word_1_36' title='bbox 1632 493 1696 532; x_wconf 89' lang='lat' dir='ltr'>est</span> <span class='ocrx_word' id='word_1_37' title='bbox 1731 491 1932 543; x_wconf 89' lang='lat' dir='ltr'>juventus</span> 
     </span>
     <span class='ocr_line' id='line_1_6' title="bbox 212 565 1935 620; baseline -0.002 -10"><span class='ocrx_word' id='word_1_38' title='bbox 212 572 377 618; x_wconf 70' lang='lat' dir='ltr'>nostra,</span> <span class='ocrx_word' id='word_1_39' title='bbox 419 572 468 609; x_wconf 90' lang='lat' dir='ltr'>ut</span> <span class='ocrx_word' id='word_1_40' title='bbox 505 567 692 609; x_wconf 87' lang='lat' dir='ltr'>studium</span> <span class='ocrx_word' id='word_1_41' title='bbox 732 566 916 620; x_wconf 89' lang='lat' dir='ltr'>partium</span> <span class='ocrx_word' id='word_1_42' title='bbox 960 570 1003 607; x_wconf 81' lang='lat' dir='ltr'>et</span> <span class='ocrx_word' id='word_1_43' title='bbox 1043 578 1322 618; x_wconf 89' lang='lat' dir='ltr'>personarum</span> <span class='ocrx_word' id='word_1_44' title='bbox 1356 566 1643 619; x_wconf 80' lang='lat' dir='ltr'>acceptionem</span> <span class='ocrx_word' id='word_1_45' title='bbox 1677 565 1935 618; x_wconf 79' lang='lat' dir='ltr'>suspicetur3</span> 
     </span>
     <span class='ocr_line' id='line_1_7' title="bbox 212 640 1937 696; baseline -0.002 -11"><span class='ocrx_word' id='word_1_46' title='bbox 212 644 323 685; x_wconf 90' lang='lat' dir='ltr'>unde</span> <span class='ocrx_word' id='word_1_47' title='bbox 355 643 614 696; x_wconf 89' lang='lat' dir='ltr'>comparatio</span> <span class='ocrx_word' id='word_1_48' title='bbox 646 641 886 683; x_wconf 82' lang='lat' dir='ltr'>instituitur</span> <span class='ocrx_word' id='word_1_49' title='bbox 916 641 1027 682; x_wconf 89' lang='lat' dir='ltr'>inter</span> <span class='ocrx_word' id='word_1_50' title='bbox 1058 640 1323 693; x_wconf 79' lang='lat' dir='ltr'>interrogata</span> <span class='ocrx_word' id='word_1_51' title='bbox 1356 641 1479 683; x_wconf 90' lang='lat' dir='ltr'>unius</span> <span class='ocrx_word' id='word_1_52' title='bbox 1513 644 1555 682; x_wconf 92' lang='lat' dir='ltr'>et</span> <span class='ocrx_word' id='word_1_53' title='bbox 1587 641 1778 696; x_wconf 84' lang='lat' dir='ltr'>alterius,</span> <span class='ocrx_word' id='word_1_54' title='bbox 1814 643 1856 682; x_wconf 88' lang='lat' dir='ltr'>et</span> <span class='ocrx_word' id='word_1_55' title='bbox 1887 653 1937 682; x_wconf 84' lang='lat' dir='ltr'>ex</span> 
     </span>
     <span class='ocr_line' id='line_1_8' title="bbox 212 716 1936 773; baseline -0.002 -13"><span class='ocrx_word' id='word_1_56' title='bbox 212 719 424 773; x_wconf 84' lang='lat' dir='ltr'>responsis</span> <span class='ocrx_word' id='word_1_57' title='bbox 459 718 537 760; x_wconf 89' lang='lat' dir='ltr'>rite</span> <span class='ocrx_word' id='word_1_58' title='bbox 569 717 633 759; x_wconf 91' lang='lat' dir='ltr'>vel</span> <span class='ocrx_word' id='word_1_59' title='bbox 665 729 887 770; x_wconf 87' lang='lat' dir='ltr'>perperam</span> <span class='ocrx_word' id='word_1_60' title='bbox 919 716 1144 757; x_wconf 86' lang='lat' dir='ltr'>intellectis</span> <span class='ocrx_word' id='word_1_61' title='bbox 1171 716 1379 769; x_wconf 84' lang='lat' dir='ltr'>judicium</span> <span class='ocrx_word' id='word_1_62' title='bbox 1411 716 1548 757; x_wconf 89' lang='lat' dir='ltr'>fertur</span> <span class='ocrx_word' id='word_1_63' title='bbox 1579 728 1604 756; x_wconf 91' lang='lat' dir='ltr'>a</span> <span class='ocrx_word' id='word_1_64' title='bbox 1637 716 1815 757; x_wconf 89' lang='lat' dir='ltr'>veritate</span> <span class='ocrx_word' id='word_1_65' title='bbox 1849 728 1936 757; x_wconf 89' lang='lat' dir='ltr'>om-</span> 
     </span>
     <span class='ocr_line' id='line_1_9' title="bbox 211 791 1938 854; baseline -0.002 -18"><span class='ocrx_word' id='word_1_66' title='bbox 211 795 308 836; x_wconf 92' lang='lat' dir='ltr'>nino</span> <span class='ocrx_word' id='word_1_67' title='bbox 350 794 567 835; x_wconf 89' lang='lat' dir='ltr'>absonum.</span> <span class='ocrx_word' id='word_1_68' title='bbox 609 817 683 854; x_wconf 9' lang='grc' dir='ltr'>ἦ-</span> <span class='ocrx_word' id='word_1_69' title='bbox 746 792 978 844; x_wconf 82' lang='lat' dir='ltr'>Propterea</span> <span class='ocrx_word' id='word_1_70' title='bbox 1017 792 1178 833; x_wconf 82' lang='lat' dir='ltr'>externi</span> <span class='ocrx_word' id='word_1_71' title='bbox 1220 792 1400 833; x_wconf 89' lang='lat' dir='ltr'>studiosi</span> <span class='ocrx_word' id='word_1_72' title='bbox 1441 804 1614 833; x_wconf 86' lang='lat' dir='ltr'>examen</span> <span class='ocrx_word' id='word_1_73' title='bbox 1657 791 1842 833; x_wconf 91' lang='lat' dir='ltr'>subeunt</span> <span class='ocrx_word' id='word_1_74' title='bbox 1871 791 1938 832; x_wconf 90' lang='lat' dir='ltr'>hic</span> 
     </span>
     <span class='ocr_line' id='line_1_10' title="bbox 211 866 1938 923; baseline -0.003 -11"><span class='ocrx_word' id='word_1_75' title='bbox 211 870 386 923; x_wconf 86' lang='lat' dir='ltr'>scripto,</span> <span class='ocrx_word' id='word_1_76' title='bbox 430 869 580 911; x_wconf 87' lang='lat' dir='ltr'>saltem</span> <span class='ocrx_word' id='word_1_77' title='bbox 622 881 670 909; x_wconf 83' lang='lat' dir='ltr'>ex</span> <span class='ocrx_word' id='word_1_78' title='bbox 711 870 854 920; x_wconf 87' lang='lat' dir='ltr'>parte,</span> <span class='ocrx_word' id='word_1_79' title='bbox 896 867 1073 919; x_wconf 79' lang='lat' dir='ltr'>singulis</span> <span class='ocrx_word' id='word_1_80' title='bbox 1115 867 1226 908; x_wconf 86' lang='lat' dir='ltr'>enim</span> <span class='ocrx_word' id='word_1_81' title='bbox 1269 867 1388 909; x_wconf 90' lang='lat' dir='ltr'>annis</span> <span class='ocrx_word' id='word_1_82' title='bbox 1429 879 1504 920; x_wconf 90' lang='lat' dir='ltr'>pro</span> <span class='ocrx_word' id='word_1_83' title='bbox 1547 879 1804 919; x_wconf 90' lang='lat' dir='ltr'>unoquoque</span> <span class='ocrx_word' id='word_1_84' title='bbox 1835 866 1938 907; x_wconf 89' lang='lat' dir='ltr'>Pro-</span> 
     </span>
     <span class='ocr_line' id='line_1_11' title="bbox 211 942 1932 998; baseline -0.002 -11"><span class='ocrx_word' id='word_1_85' title='bbox 211 945 370 987; x_wconf 86' lang='lat' dir='ltr'>fessore</span> <span class='ocrx_word' id='word_1_86' title='bbox 400 946 586 997; x_wconf 88' lang='lat' dir='ltr'>quatuor</span> <span class='ocrx_word' id='word_1_87' title='bbox 616 945 912 997; x_wconf 87' lang='lat' dir='ltr'>proponuntur</span> <span class='ocrx_word' id='word_1_88' title='bbox 944 942 1148 995; x_wconf 82' lang='lat' dir='ltr'>examina,</span> <span class='ocrx_word' id='word_1_89' title='bbox 1181 955 1362 996; x_wconf 86' lang='lat' dir='ltr'>quorum</span> <span class='ocrx_word' id='word_1_90' title='bbox 1395 943 1478 984; x_wconf 86' lang='lat' dir='ltr'>duo</span> <span class='ocrx_word' id='word_1_91' title='bbox 1510 943 1682 998; x_wconf 81' lang='lat' dir='ltr'>scripto,</span> <span class='ocrx_word' id='word_1_92' title='bbox 1720 942 1801 983; x_wconf 90' lang='lat' dir='ltr'>duo</span> <span class='ocrx_word' id='word_1_93' title='bbox 1834 954 1932 984; x_wconf 89' lang='lat' dir='ltr'>vero</span> 
     </span>
     <span class='ocr_line' id='line_1_12' title="bbox 211 1018 586 1062; baseline -0.005 0"><span class='ocrx_word' id='word_1_94' title='bbox 211 1021 306 1062; x_wconf 87' lang='lat' dir='ltr'>viva</span> <span class='ocrx_word' id='word_1_95' title='bbox 338 1032 437 1061; x_wconf 92' lang='lat' dir='ltr'>voce</span> <span class='ocrx_word' id='word_1_96' title='bbox 468 1018 586 1061; x_wconf 90' lang='lat' dir='ltr'>fiunt.</span> 
     </span>
    </p>

    <p class='ocr_par' dir='ltr' id='par_1_4' title="bbox 213 1092 1941 1903">
     <span class='ocr_line' id='line_1_13' title="bbox 349 1092 1938 1148; baseline -0.003 -10"><span class='ocrx_word' id='word_1_97' title='bbox 349 1097 420 1138; x_wconf 93' lang='lat' dir='ltr'>Ad</span> <span class='ocrx_word' id='word_1_98' title='bbox 453 1108 549 1148; x_wconf 78' lang='lat' dir='ltr'>reg.</span> <span class='ocrx_word' id='word_1_99' title='bbox 575 1096 641 1137; x_wconf 84' lang='lat'>30.</span> <span class='ocrx_word' id='word_1_100' title='bbox 705 1094 959 1147; x_wconf 86' lang='lat' dir='ltr'>Temporum</span> <span class='ocrx_word' id='word_1_101' title='bbox 992 1093 1100 1134; x_wconf 89' lang='lat' dir='ltr'>ratio</span> <span class='ocrx_word' id='word_1_102' title='bbox 1133 1093 1337 1148; x_wconf 86' lang='lat' dir='ltr'>postulat,</span> <span class='ocrx_word' id='word_1_103' title='bbox 1371 1096 1419 1134; x_wconf 88' lang='lat' dir='ltr'>ut</span> <span class='ocrx_word' id='word_1_104' title='bbox 1443 1094 1532 1146; x_wconf 81' lang='lat' dir='ltr'>jam</span> <span class='ocrx_word' id='word_1_105' title='bbox 1566 1093 1635 1134; x_wconf 89' lang='lat' dir='ltr'>alii</span> <span class='ocrx_word' id='word_1_106' title='bbox 1657 1093 1753 1134; x_wconf 88' lang='lat' dir='ltr'>libri</span> <span class='ocrx_word' id='word_1_107' title='bbox 1780 1092 1938 1134; x_wconf 88' lang='lat' dir='ltr'>nostris</span> 
     </span>
     <span class='ocr_line' id='line_1_14' title="bbox 213 1168 1934 1223; baseline -0.003 -8"><span class='ocrx_word' id='word_1_108' title='bbox 213 1173 479 1223; x_wconf 82' lang='lat' dir='ltr'>auditoribus</span> <span class='ocrx_word' id='word_1_109' title='bbox 513 1171 797 1223; x_wconf 79' lang='lat' dir='ltr'>assignentur.</span> <span class='ocrx_word' id='word_1_110' title='bbox 851 1169 987 1211; x_wconf 88' lang='lat' dir='ltr'>Hodie</span> <span class='ocrx_word' id='word_1_111' title='bbox 1020 1169 1188 1210; x_wconf 90' lang='lat' dir='ltr'>omnino</span> <span class='ocrx_word' id='word_1_112' title='bbox 1223 1168 1481 1210; x_wconf 87' lang='lat' dir='ltr'>omittendus</span> <span class='ocrx_word' id='word_1_113' title='bbox 1514 1171 1579 1210; x_wconf 88' lang='lat' dir='ltr'>est</span> <span class='ocrx_word' id='word_1_114' title='bbox 1612 1168 1861 1209; x_wconf 87' lang='lat' dir='ltr'>Aristoteles</span> <span class='ocrx_word' id='word_1_115' title='bbox 1894 1168 1934 1209; x_wconf 88' lang='lat' dir='ltr'>in</span> 
     </span>
     <span class='ocr_line' id='line_1_15' title="bbox 214 1243 1940 1301; baseline -0.003 -11"><span class='ocrx_word' id='word_1_116' title='bbox 214 1261 394 1301; x_wconf 87' lang='lat' dir='ltr'>eumque</span> <span class='ocrx_word' id='word_1_117' title='bbox 418 1245 741 1289; x_wconf 87' lang='lat' dir='ltr'>Commentaria.</span> <span class='ocrx_word' id='word_1_118' title='bbox 791 1245 948 1286; x_wconf 88' lang='lat' dir='ltr'>Verum</span> <span class='ocrx_word' id='word_1_119' title='bbox 981 1244 1108 1286; x_wconf 89' lang='lat' dir='ltr'>etiam</span> <span class='ocrx_word' id='word_1_120' title='bbox 1141 1244 1249 1285; x_wconf 87' lang='lat' dir='ltr'>male</span> <span class='ocrx_word' id='word_1_121' title='bbox 1283 1243 1520 1297; x_wconf 87' lang='lat' dir='ltr'>proficiunt,</span> <span class='ocrx_word' id='word_1_122' title='bbox 1554 1244 1589 1285; x_wconf 89' lang='lat' dir='ltr'>si</span> <span class='ocrx_word' id='word_1_123' title='bbox 1620 1244 1823 1296; x_wconf 86' lang='lat' dir='ltr'>incipiant</span> <span class='ocrx_word' id='word_1_124' title='bbox 1844 1256 1940 1296; x_wconf 90' lang='lat' dir='ltr'>pro-</span> 
     </span>
     <span class='ocr_line' id='line_1_16' title="bbox 214 1318 1941 1375; baseline -0.003 -10"><span class='ocrx_word' id='word_1_125' title='bbox 214 1324 372 1365; x_wconf 87' lang='lat' dir='ltr'>miscue</span> <span class='ocrx_word' id='word_1_126' title='bbox 403 1323 542 1375; x_wconf 82' lang='lat' dir='ltr'>legere</span> <span class='ocrx_word' id='word_1_127' title='bbox 575 1333 854 1374; x_wconf 88' lang='lat' dir='ltr'>quaecunque</span> <span class='ocrx_word' id='word_1_128' title='bbox 888 1332 995 1361; x_wconf 89' lang='lat' dir='ltr'>nova</span> <span class='ocrx_word' id='word_1_129' title='bbox 1026 1319 1067 1360; x_wconf 94' lang='lat' dir='ltr'>in</span> <span class='ocrx_word' id='word_1_130' title='bbox 1090 1319 1224 1361; x_wconf 89' lang='lat' dir='ltr'>lucem</span> <span class='ocrx_word' id='word_1_131' title='bbox 1248 1318 1472 1372; x_wconf 77' lang='lat' dir='ltr'>prodeunt,</span> <span class='ocrx_word' id='word_1_132' title='bbox 1506 1332 1581 1361; x_wconf 89' lang='lat' dir='ltr'>nec</span> <span class='ocrx_word' id='word_1_133' title='bbox 1604 1332 1700 1360; x_wconf 85' lang='lat' dir='ltr'>raro</span> <span class='ocrx_word' id='word_1_134' title='bbox 1723 1319 1941 1360; x_wconf 88' lang='lat' dir='ltr'>inveniun-</span> 
     </span>
     <span class='ocr_line' id='line_1_17' title="bbox 213 1394 1940 1451; baseline -0.003 -11"><span class='ocrx_word' id='word_1_135' title='bbox 213 1401 285 1440; x_wconf 88' lang='lat' dir='ltr'>tur</span> <span class='ocrx_word' id='word_1_136' title='bbox 316 1399 387 1451; x_wconf 91' lang='lat' dir='ltr'>qui</span> <span class='ocrx_word' id='word_1_137' title='bbox 419 1411 441 1439; x_wconf 93' lang='lat' dir='ltr'>e</span> <span class='ocrx_word' id='word_1_138' title='bbox 469 1398 668 1439; x_wconf 87' lang='lat' dir='ltr'>continua</span> <span class='ocrx_word' id='word_1_139' title='bbox 688 1397 866 1438; x_wconf 88' lang='lat' dir='ltr'>lectione</span> <span class='ocrx_word' id='word_1_140' title='bbox 890 1395 1221 1449; x_wconf 88' lang='lat' dir='ltr'>Ephemeridum</span> <span class='ocrx_word' id='word_1_141' title='bbox 1245 1395 1288 1446; x_wconf 83' lang='lat' dir='ltr'>(J</span> <span class='ocrx_word' id='word_1_142' title='bbox 1293 1397 1502 1447; x_wconf 85' lang='lat' dir='ltr'>ournaux)</span> <span class='ocrx_word' id='word_1_143' title='bbox 1527 1398 1569 1436; x_wconf 91' lang='lat' dir='ltr'>et</span> <span class='ocrx_word' id='word_1_144' title='bbox 1591 1395 1786 1437; x_wconf 88' lang='lat' dir='ltr'>similium</span> <span class='ocrx_word' id='word_1_145' title='bbox 1812 1394 1940 1436; x_wconf 86' lang='lat' dir='ltr'>libro-</span> 
     </span>
     <span class='ocr_line' id='line_1_18' title="bbox 215 1470 1940 1524; baseline -0.003 -9"><span class='ocrx_word' id='word_1_146' title='bbox 215 1487 308 1516; x_wconf 89' lang='lat' dir='ltr'>rum</span> <span class='ocrx_word' id='word_1_147' title='bbox 354 1474 537 1515; x_wconf 79' lang='lat' dir='ltr'>maxima</span> <span class='ocrx_word' id='word_1_148' title='bbox 583 1473 741 1515; x_wconf 89' lang='lat' dir='ltr'>solidae</span> <span class='ocrx_word' id='word_1_149' title='bbox 789 1472 1005 1514; x_wconf 89' lang='lat' dir='ltr'>doctrinae</span> <span class='ocrx_word' id='word_1_150' title='bbox 1048 1471 1303 1513; x_wconf 88' lang='lat' dir='ltr'>detrimenta</span> <span class='ocrx_word' id='word_1_151' title='bbox 1343 1471 1576 1524; x_wconf 86' lang='lat' dir='ltr'>patiuntur.</span> <span class='ocrx_word' id='word_1_152' title='bbox 1640 1495 1693 1500; x_wconf 88' lang='lat'>——</span> <span class='ocrx_word' id='word_1_153' title='bbox 1756 1470 1940 1511; x_wconf 88' lang='lat' dir='ltr'>Annales</span> 
     </span>
     <span class='ocr_line' id='line_1_19' title="bbox 214 1546 1941 1601; baseline -0.003 -10"><span class='ocrx_word' id='word_1_154' title='bbox 214 1549 411 1591; x_wconf 89' lang='lat' dir='ltr'>litterarii</span> <span class='ocrx_word' id='word_1_155' title='bbox 443 1549 494 1591; x_wconf 88' lang='lat' dir='ltr'>de</span> <span class='ocrx_word' id='word_1_156' title='bbox 525 1549 665 1599; x_wconf 86' lang='lat' dir='ltr'>rebus,</span> <span class='ocrx_word' id='word_1_157' title='bbox 698 1560 808 1601; x_wconf 88' lang='lat' dir='ltr'>quae</span> <span class='ocrx_word' id='word_1_158' title='bbox 839 1548 879 1588; x_wconf 94' lang='lat' dir='ltr'>in</span> <span class='ocrx_word' id='word_1_159' title='bbox 913 1547 1098 1600; x_wconf 77' lang='lat' dir='ltr'>collegiis</span> <span class='ocrx_word' id='word_1_160' title='bbox 1131 1547 1286 1589; x_wconf 88' lang='lat' dir='ltr'>nostris</span> <span class='ocrx_word' id='word_1_161' title='bbox 1309 1549 1564 1599; x_wconf 73' lang='lat' dir='ltr'>tractantur,</span> <span class='ocrx_word' id='word_1_162' title='bbox 1598 1546 1765 1588; x_wconf 91' lang='lat' dir='ltr'>omnino</span> <span class='ocrx_word' id='word_1_163' title='bbox 1791 1557 1941 1587; x_wconf 86' lang='lat' dir='ltr'>consu-</span> 
     </span>
     <span class='ocr_line' id='line_1_20' title="bbox 216 1621 1941 1672; baseline -0.003 -5"><span class='ocrx_word' id='word_1_164' title='bbox 216 1625 328 1667; x_wconf 88' lang='lat' dir='ltr'>lendi</span> <span class='ocrx_word' id='word_1_165' title='bbox 374 1629 474 1666; x_wconf 91' lang='lat' dir='ltr'>sunt</span> <span class='ocrx_word' id='word_1_166' title='bbox 513 1624 849 1666; x_wconf 83' lang='lat' dir='ltr'>Professoribus:</span> <span class='ocrx_word' id='word_1_167' title='bbox 898 1623 956 1664; x_wconf 91' lang='lat' dir='ltr'>sic</span> <span class='ocrx_word' id='word_1_168' title='bbox 1003 1623 1112 1664; x_wconf 87' lang='lat' dir='ltr'>enim</span> <span class='ocrx_word' id='word_1_169' title='bbox 1162 1623 1379 1664; x_wconf 89' lang='lat' dir='ltr'>historiam</span> <span class='ocrx_word' id='word_1_170' title='bbox 1428 1621 1679 1663; x_wconf 84' lang='lat' dir='ltr'>litterariam</span> <span class='ocrx_word' id='word_1_171' title='bbox 1726 1621 1941 1672; x_wconf 82' lang='lat' dir='ltr'>scientiae,</span> 
     </span>
     <span class='ocr_line' id='line_1_21' title="bbox 217 1696 1939 1755; baseline -0.003 -13"><span class='ocrx_word' id='word_1_172' title='bbox 217 1714 345 1754; x_wconf 89' lang='lat' dir='ltr'>quam</span> <span class='ocrx_word' id='word_1_173' title='bbox 386 1700 559 1755; x_wconf 84' lang='lat' dir='ltr'>docent,</span> <span class='ocrx_word' id='word_1_174' title='bbox 608 1700 763 1752; x_wconf 88' lang='lat' dir='ltr'>optime</span> <span class='ocrx_word' id='word_1_175' title='bbox 803 1698 1030 1740; x_wconf 86' lang='lat' dir='ltr'>addiscunt</span> <span class='ocrx_word' id='word_1_176' title='bbox 1071 1702 1133 1751; x_wconf 90' lang='lat' dir='ltr'>et,</span> <span class='ocrx_word' id='word_1_177' title='bbox 1181 1698 1215 1739; x_wconf 89' lang='lat' dir='ltr'>si</span> <span class='ocrx_word' id='word_1_178' title='bbox 1257 1710 1367 1750; x_wconf 87' lang='lat' dir='ltr'>quae</span> <span class='ocrx_word' id='word_1_179' title='bbox 1407 1710 1540 1739; x_wconf 87' lang='lat' dir='ltr'>novae</span> <span class='ocrx_word' id='word_1_180' title='bbox 1583 1696 1799 1750; x_wconf 87' lang='lat' dir='ltr'>opiniones</span> <span class='ocrx_word' id='word_1_181' title='bbox 1853 1696 1939 1737; x_wconf 91' lang='lat' dir='ltr'>sive</span> 
     </span>
     <span class='ocr_line' id='line_1_22' title="bbox 218 1770 1937 1827; baseline -0.003 -9"><span class='ocrx_word' id='word_1_182' title='bbox 218 1777 343 1818; x_wconf 90' lang='lat' dir='ltr'>utiles</span> <span class='ocrx_word' id='word_1_183' title='bbox 375 1776 462 1818; x_wconf 86' lang='lat' dir='ltr'>sive</span> <span class='ocrx_word' id='word_1_184' title='bbox 493 1775 641 1817; x_wconf 84' lang='lat' dir='ltr'>noxiae</span> <span class='ocrx_word' id='word_1_185' title='bbox 673 1774 942 1827; x_wconf 85' lang='lat' dir='ltr'>emerserint,</span> <span class='ocrx_word' id='word_1_186' title='bbox 981 1773 1035 1814; x_wconf 90' lang='lat' dir='ltr'>ad</span> <span class='ocrx_word' id='word_1_187' title='bbox 1067 1772 1396 1815; x_wconf 88' lang='lat' dir='ltr'>confirmandam</span> <span class='ocrx_word' id='word_1_188' title='bbox 1430 1785 1573 1814; x_wconf 89' lang='lat' dir='ltr'>veram</span> <span class='ocrx_word' id='word_1_189' title='bbox 1605 1772 1841 1814; x_wconf 88' lang='lat' dir='ltr'>doctrinam</span> <span class='ocrx_word' id='word_1_190' title='bbox 1874 1770 1937 1812; x_wconf 90' lang='lat' dir='ltr'>vel</span> 
     </span>
     <span class='ocr_line' id='line_1_23' title="bbox 219 1850 1276 1903; baseline -0.003 -10"><span class='ocrx_word' id='word_1_191' title='bbox 219 1852 272 1893; x_wconf 86' lang='lat' dir='ltr'>ad</span> <span class='ocrx_word' id='word_1_192' title='bbox 304 1852 454 1894; x_wconf 86' lang='lat' dir='ltr'>falsam</span> <span class='ocrx_word' id='word_1_193' title='bbox 486 1851 787 1893; x_wconf 84' lang='lat' dir='ltr'>confutandam</span> <span class='ocrx_word' id='word_1_194' title='bbox 818 1850 1029 1892; x_wconf 84' lang='lat' dir='ltr'>discutere</span> <span class='ocrx_word' id='word_1_195' title='bbox 1061 1852 1276 1903; x_wconf 81' lang='lat' dir='ltr'>poterunt.</span> 
     </span>
    </p>
   </div>
   <div class='ocr_carea' id='block_1_4' title="bbox 262 2177 1905 2248">
    <p class='ocr_par' dir='ltr' id='par_1_5' title="bbox 262 2177 1905 2248">
     <span class='ocr_line' id='line_1_24' title="bbox 262 2177 1905 2248; baseline -0.002 -18"><span class='ocrx_word' id='word_1_196' title='bbox 262 2181 485 2248; x_wconf 81' lang='lat' dir='ltr'>Regulae</span> <span class='ocrx_word' id='word_1_197' title='bbox 523 2197 813 2228; x_wconf 83' lang='lat' dir='ltr'>communes</span> <span class='ocrx_word' id='word_1_198' title='bbox 854 2178 1201 2228; x_wconf 84' lang='lat' dir='ltr'>Professorum</span> <span class='ocrx_word' id='word_1_199' title='bbox 1239 2178 1556 2244; x_wconf 85' lang='lat' dir='ltr'>superiorum</span> <span class='ocrx_word' id='word_1_200' title='bbox 1591 2177 1905 2227; x_wconf 80' lang='lat' dir='ltr'>facultatum.</span> 
     </span>
    </p>
   </div>
   <div class='ocr_carea' id='block_1_5' title="bbox 221 2306 1943 3188">
    <p class='ocr_par' dir='ltr' id='par_1_6' title="bbox 221 2306 1943 3188">
     <span class='ocr_line' id='line_1_25' title="bbox 359 2306 1943 2362; baseline -0.004 -11"><span class='ocrx_word' id='word_1_201' title='bbox 359 2309 430 2351; x_wconf 89' lang='lat' dir='ltr'>Ad</span> <span class='ocrx_word' id='word_1_202' title='bbox 467 2322 566 2362; x_wconf 81' lang='lat' dir='ltr'>reg.</span> <span class='ocrx_word' id='word_1_203' title='bbox 600 2310 637 2349; x_wconf 77' lang='lat'>3.</span> <span class='ocrx_word' id='word_1_204' title='bbox 700 2308 897 2350; x_wconf 89' lang='lat' dir='ltr'>Admissa</span> <span class='ocrx_word' id='word_1_205' title='bbox 944 2307 1146 2349; x_wconf 88' lang='lat' dir='ltr'>divisione</span> <span class='ocrx_word' id='word_1_206' title='bbox 1192 2306 1433 2349; x_wconf 88' lang='lat' dir='ltr'>scholarum</span> <span class='ocrx_word' id='word_1_207' title='bbox 1482 2306 1767 2359; x_wconf 86' lang='lat' dir='ltr'>superiorum,</span> <span class='ocrx_word' id='word_1_208' title='bbox 1816 2307 1943 2358; x_wconf 90' lang='lat' dir='ltr'>prout</span> 
     </span>
     <span class='ocr_line' id='line_1_26' title="bbox 221 2381 1940 2440; baseline -0.003 -13"><span class='ocrx_word' id='word_1_209' title='bbox 221 2398 332 2427; x_wconf 87' lang='lat' dir='ltr'>nunc</span> <span class='ocrx_word' id='word_1_210' title='bbox 363 2385 559 2440; x_wconf 81' lang='lat' dir='ltr'>habetur,</span> <span class='ocrx_word' id='word_1_211' title='bbox 592 2384 695 2427; x_wconf 89' lang='lat' dir='ltr'>satis</span> <span class='ocrx_word' id='word_1_212' title='bbox 729 2383 894 2426; x_wconf 88' lang='lat' dir='ltr'>difficile</span> <span class='ocrx_word' id='word_1_213' title='bbox 916 2383 1097 2433; x_wconf 81' lang='lat' dir='ltr'>videtur,</span> <span class='ocrx_word' id='word_1_214' title='bbox 1130 2387 1177 2424; x_wconf 92' lang='lat' dir='ltr'>ut</span> <span class='ocrx_word' id='word_1_215' title='bbox 1198 2383 1418 2425; x_wconf 87' lang='lat' dir='ltr'>Professor</span> <span class='ocrx_word' id='word_1_216' title='bbox 1446 2382 1597 2435; x_wconf 88' lang='lat' dir='ltr'>aliquis</span> <span class='ocrx_word' id='word_1_217' title='bbox 1620 2381 1940 2423; x_wconf 88' lang='lat' dir='ltr'>instructionem</span> 
     </span>
     <span class='ocr_line' id='line_1_27' title="bbox 223 2455 1943 2514; baseline -0.004 -12"><span class='ocrx_word' id='word_1_218' title='bbox 223 2474 270 2502; x_wconf 83' lang='lat' dir='ltr'>ex</span> <span class='ocrx_word' id='word_1_219' title='bbox 302 2461 490 2514; x_wconf 86' lang='lat' dir='ltr'>professo</span> <span class='ocrx_word' id='word_1_220' title='bbox 523 2460 576 2502; x_wconf 90' lang='lat' dir='ltr'>ad</span> <span class='ocrx_word' id='word_1_221' title='bbox 609 2460 835 2513; x_wconf 88' lang='lat' dir='ltr'>discipulos</span> <span class='ocrx_word' id='word_1_222' title='bbox 867 2459 1033 2500; x_wconf 87' lang='lat' dir='ltr'>habeat.</span> <span class='ocrx_word' id='word_1_223' title='bbox 1087 2459 1135 2500; x_wconf 90' lang='lat' dir='ltr'>In</span> <span class='ocrx_word' id='word_1_224' title='bbox 1168 2458 1435 2500; x_wconf 83' lang='lat' dir='ltr'>inferioribus</span> <span class='ocrx_word' id='word_1_225' title='bbox 1468 2457 1621 2499; x_wconf 85' lang='lat' dir='ltr'>scholis</span> <span class='ocrx_word' id='word_1_226' title='bbox 1652 2469 1773 2499; x_wconf 91' lang='lat' dir='ltr'>nemo</span> <span class='ocrx_word' id='word_1_227' title='bbox 1804 2455 1943 2508; x_wconf 88' lang='lat' dir='ltr'>aptior</span> 
     </span>
     <span class='ocr_line' id='line_1_28' title="bbox 224 2531 1942 2587; baseline -0.003 -10"><span class='ocrx_word' id='word_1_228' title='bbox 224 2536 276 2577; x_wconf 88' lang='lat' dir='ltr'>ad</span> <span class='ocrx_word' id='word_1_229' title='bbox 318 2536 558 2577; x_wconf 86' lang='lat' dir='ltr'>concionem</span> <span class='ocrx_word' id='word_1_230' title='bbox 599 2535 834 2577; x_wconf 88' lang='lat' dir='ltr'>habendam</span> <span class='ocrx_word' id='word_1_231' title='bbox 879 2535 931 2576; x_wconf 88' lang='lat' dir='ltr'>ad</span> <span class='ocrx_word' id='word_1_232' title='bbox 973 2534 1215 2587; x_wconf 82' lang='lat' dir='ltr'>frequentes</span> <span class='ocrx_word' id='word_1_233' title='bbox 1259 2533 1508 2586; x_wconf 87' lang='lat' dir='ltr'>discipulos,</span> <span class='ocrx_word' id='word_1_234' title='bbox 1551 2545 1678 2585; x_wconf 89' lang='lat' dir='ltr'>quam</span> <span class='ocrx_word' id='word_1_235' title='bbox 1717 2532 1805 2584; x_wconf 91' lang='lat' dir='ltr'>ipse</span> <span class='ocrx_word' id='word_1_236' title='bbox 1841 2531 1942 2572; x_wconf 84' lang='lat' dir='ltr'>Pro-</span> 
     </span>
     <span class='ocr_line' id='line_1_29' title="bbox 223 2608 1942 2665; baseline -0.003 -13"><span class='ocrx_word' id='word_1_237' title='bbox 223 2612 377 2665; x_wconf 84' lang='lat' dir='ltr'>fessor,</span> <span class='ocrx_word' id='word_1_238' title='bbox 419 2623 542 2663; x_wconf 88' lang='lat' dir='ltr'>quem</span> <span class='ocrx_word' id='word_1_239' title='bbox 588 2614 724 2652; x_wconf 89' lang='lat' dir='ltr'>totum</span> <span class='ocrx_word' id='word_1_240' title='bbox 757 2613 799 2651; x_wconf 89' lang='lat' dir='ltr'>et</span> <span class='ocrx_word' id='word_1_241' title='bbox 830 2610 966 2651; x_wconf 89' lang='lat' dir='ltr'>solum</span> <span class='ocrx_word' id='word_1_242' title='bbox 998 2610 1038 2650; x_wconf 92' lang='lat' dir='ltr'>in</span> <span class='ocrx_word' id='word_1_243' title='bbox 1073 2609 1258 2650; x_wconf 82' lang='lat' dir='ltr'>oninium</span> <span class='ocrx_word' id='word_1_244' title='bbox 1295 2608 1519 2649; x_wconf 88' lang='lat' dir='ltr'>utilitatem</span> <span class='ocrx_word' id='word_1_245' title='bbox 1552 2608 1786 2661; x_wconf 88' lang='lat' dir='ltr'>impensum</span> <span class='ocrx_word' id='word_1_246' title='bbox 1819 2618 1942 2647; x_wconf 84' lang='lat' dir='ltr'>nove-</span> 
     </span>
     <span class='ocr_line' id='line_1_30' title="bbox 224 2680 1941 2739; baseline -0.004 -12"><span class='ocrx_word' id='word_1_247' title='bbox 224 2690 340 2733; x_wconf 67' lang='lat' dir='ltr'>runt3</span> <span class='ocrx_word' id='word_1_248' title='bbox 387 2685 482 2727; x_wconf 88' lang='lat' dir='ltr'>hinc</span> <span class='ocrx_word' id='word_1_249' title='bbox 520 2686 677 2739; x_wconf 89' lang='lat' dir='ltr'>passim</span> <span class='ocrx_word' id='word_1_250' title='bbox 718 2698 884 2727; x_wconf 88' lang='lat' dir='ltr'>summa</span> <span class='ocrx_word' id='word_1_251' title='bbox 923 2685 1109 2726; x_wconf 85' lang='lat' dir='ltr'>omnium</span> <span class='ocrx_word' id='word_1_252' title='bbox 1141 2685 1180 2725; x_wconf 89' lang='lat' dir='ltr'>in</span> <span class='ocrx_word' id='word_1_253' title='bbox 1214 2684 1493 2737; x_wconf 84' lang='lat' dir='ltr'>Praeceptore</span> <span class='ocrx_word' id='word_1_254' title='bbox 1525 2696 1602 2724; x_wconf 88' lang='lat' dir='ltr'>suo</span> <span class='ocrx_word' id='word_1_255' title='bbox 1634 2682 1805 2732; x_wconf 84' lang='lat' dir='ltr'>fiducia,</span> <span class='ocrx_word' id='word_1_256' title='bbox 1847 2680 1941 2721; x_wconf 90' lang='lat' dir='ltr'>hinc</span> 
     </span>
     <span class='ocr_line' id='line_1_31' title="bbox 224 2756 1939 2814; baseline -0.004 -12"><span class='ocrx_word' id='word_1_257' title='bbox 224 2761 343 2814; x_wconf 89' lang='lat' dir='ltr'>proin</span> <span class='ocrx_word' id='word_1_258' title='bbox 386 2761 549 2802; x_wconf 86' lang='lat' dir='ltr'>fructus</span> <span class='ocrx_word' id='word_1_259' title='bbox 590 2761 848 2802; x_wconf 88' lang='lat' dir='ltr'>uberrimus:</span> <span class='ocrx_word' id='word_1_260' title='bbox 901 2761 941 2801; x_wconf 92' lang='lat' dir='ltr'>in</span> <span class='ocrx_word' id='word_1_261' title='bbox 984 2760 1136 2801; x_wconf 86' lang='lat' dir='ltr'>scholis</span> <span class='ocrx_word' id='word_1_262' title='bbox 1179 2761 1326 2801; x_wconf 88' lang='lat' dir='ltr'>contra</span> <span class='ocrx_word' id='word_1_263' title='bbox 1367 2758 1654 2812; x_wconf 87' lang='lat' dir='ltr'>superioribus</span> <span class='ocrx_word' id='word_1_264' title='bbox 1696 2756 1800 2798; x_wconf 87' lang='lat' dir='ltr'>varii</span> <span class='ocrx_word' id='word_1_265' title='bbox 1841 2759 1939 2796; x_wconf 88' lang='lat' dir='ltr'>sunt</span> 
     </span>
     <span class='ocr_line' id='line_1_32' title="bbox 224 2830 1940 2888; baseline -0.004 -11"><span class='ocrx_word' id='word_1_266' title='bbox 224 2835 489 2877; x_wconf 86' lang='lat' dir='ltr'>Professores</span> <span class='ocrx_word' id='word_1_267' title='bbox 520 2847 595 2888; x_wconf 89' lang='lat' dir='ltr'>pro</span> <span class='ocrx_word' id='word_1_268' title='bbox 628 2835 774 2876; x_wconf 89' lang='lat' dir='ltr'>iisdem</span> <span class='ocrx_word' id='word_1_269' title='bbox 809 2835 1046 2888; x_wconf 84' lang='lat' dir='ltr'>discipulis,</span> <span class='ocrx_word' id='word_1_270' title='bbox 1090 2835 1200 2876; x_wconf 87' lang='lat' dir='ltr'>unde</span> <span class='ocrx_word' id='word_1_271' title='bbox 1231 2834 1481 2888; x_wconf 87' lang='lat' dir='ltr'>plerumque</span> <span class='ocrx_word' id='word_1_272' title='bbox 1513 2845 1593 2874; x_wconf 92' lang='lat' dir='ltr'>non</span> <span class='ocrx_word' id='word_1_273' title='bbox 1627 2832 1764 2873; x_wconf 87' lang='lat' dir='ltr'>solum</span> <span class='ocrx_word' id='word_1_274' title='bbox 1805 2830 1940 2871; x_wconf 89' lang='lat' dir='ltr'>minor</span> 
     </span>
     <span class='ocr_line' id='line_1_33' title="bbox 224 2906 1941 2963; baseline -0.003 -12"><span class='ocrx_word' id='word_1_275' title='bbox 224 2911 265 2951; x_wconf 92' lang='lat' dir='ltr'>in</span> <span class='ocrx_word' id='word_1_276' title='bbox 307 2910 482 2963; x_wconf 83' lang='lat' dir='ltr'>singulis</span> <span class='ocrx_word' id='word_1_277' title='bbox 524 2910 696 2959; x_wconf 84' lang='lat' dir='ltr'>fiducia,</span> <span class='ocrx_word' id='word_1_278' title='bbox 743 2912 890 2963; x_wconf 90' lang='lat' dir='ltr'>utpote</span> <span class='ocrx_word' id='word_1_279' title='bbox 931 2910 1086 2959; x_wconf 78' lang='lat' dir='ltr'>divisa,</span> <span class='ocrx_word' id='word_1_280' title='bbox 1129 2908 1202 2950; x_wconf 86' lang='lat' dir='ltr'>sed</span> <span class='ocrx_word' id='word_1_281' title='bbox 1245 2922 1292 2950; x_wconf 83' lang='lat' dir='ltr'>ex</span> <span class='ocrx_word' id='word_1_282' title='bbox 1333 2908 1646 2961; x_wconf 86' lang='lat' dir='ltr'>comparatione</span> <span class='ocrx_word' id='word_1_283' title='bbox 1686 2906 1809 2947; x_wconf 90' lang='lat' dir='ltr'>unius</span> <span class='ocrx_word' id='word_1_284' title='bbox 1847 2917 1941 2958; x_wconf 90' lang='lat' dir='ltr'>pro-</span> 
     </span>
     <span class='ocr_line' id='line_1_34' title="bbox 225 2980 1937 3037; baseline -0.004 -11"><span class='ocrx_word' id='word_1_285' title='bbox 225 2986 395 3027; x_wconf 86' lang='lat' dir='ltr'>fessoris</span> <span class='ocrx_word' id='word_1_286' title='bbox 429 2998 523 3026; x_wconf 91' lang='lat' dir='ltr'>cum</span> <span class='ocrx_word' id='word_1_287' title='bbox 556 2986 704 3036; x_wconf 87' lang='lat' dir='ltr'>altero,</span> <span class='ocrx_word' id='word_1_288' title='bbox 737 2985 993 3037; x_wconf 86' lang='lat' dir='ltr'>quandoque</span> <span class='ocrx_word' id='word_1_289' title='bbox 1026 2988 1292 3037; x_wconf 89' lang='lat' dir='ltr'>contemptus</span> <span class='ocrx_word' id='word_1_290' title='bbox 1316 2983 1379 3023; x_wconf 79' lang='lat' dir='ltr'>vel</span> <span class='ocrx_word' id='word_1_291' title='bbox 1402 2983 1551 3023; x_wconf 85' lang='lat' dir='ltr'>saltem</span> <span class='ocrx_word' id='word_1_292' title='bbox 1575 2980 1864 3023; x_wconf 83' lang='lat' dir='ltr'>indifferentia.</span> <span class='ocrx_word' id='word_1_293' title='bbox 1887 3004 1937 3008; x_wconf 88' lang='lat'>——</span> 
     </span>
     <span class='ocr_line' id='line_1_35' title="bbox 227 3053 1941 3115; baseline -0.004 -15"><span class='ocrx_word' id='word_1_294' title='bbox 227 3059 367 3110; x_wconf 82' lang='lat' dir='ltr'>Quare</span> <span class='ocrx_word' id='word_1_295' title='bbox 404 3063 628 3115; x_wconf 88' lang='lat' dir='ltr'>putamus,</span> <span class='ocrx_word' id='word_1_296' title='bbox 678 3059 906 3112; x_wconf 85' lang='lat' dir='ltr'>discipulos</span> <span class='ocrx_word' id='word_1_297' title='bbox 944 3059 1215 3101; x_wconf 89' lang='lat' dir='ltr'>instruendos</span> <span class='ocrx_word' id='word_1_298' title='bbox 1259 3056 1427 3110; x_wconf 85' lang='lat' dir='ltr'>quidem</span> <span class='ocrx_word' id='word_1_299' title='bbox 1470 3069 1583 3111; x_wconf 84' lang='lat' dir='ltr'>esse,</span> <span class='ocrx_word' id='word_1_300' title='bbox 1633 3056 1726 3106; x_wconf 80' lang='lat' dir='ltr'>sed,</span> <span class='ocrx_word' id='word_1_301' title='bbox 1772 3055 1805 3096; x_wconf 90' lang='lat' dir='ltr'>si</span> <span class='ocrx_word' id='word_1_302' title='bbox 1851 3053 1941 3094; x_wconf 88' lang='lat' dir='ltr'>fieri</span> 
     </span>
     <span class='ocr_line' id='line_1_36' title="bbox 227 3130 1790 3188; baseline -0.004 -13"><span class='ocrx_word' id='word_1_303' title='bbox 227 3138 380 3188; x_wconf 84' lang='lat' dir='ltr'>potest,</span> <span class='ocrx_word' id='word_1_304' title='bbox 412 3148 487 3187; x_wconf 89' lang='lat' dir='ltr'>per</span> <span class='ocrx_word' id='word_1_305' title='bbox 518 3135 654 3176; x_wconf 86' lang='lat' dir='ltr'>virum</span> <span class='ocrx_word' id='word_1_306' title='bbox 687 3134 868 3187; x_wconf 87' lang='lat' dir='ltr'>aliquem</span> <span class='ocrx_word' id='word_1_307' title='bbox 901 3138 1022 3175; x_wconf 81' lang='lat' dir='ltr'>extra</span> <span class='ocrx_word' id='word_1_308' title='bbox 1054 3134 1293 3176; x_wconf 85' lang='lat' dir='ltr'>scholarum</span> <span class='ocrx_word' id='word_1_309' title='bbox 1326 3132 1562 3173; x_wconf 82' lang='lat' dir='ltr'>conflictum</span> <span class='ocrx_word' id='word_1_310' title='bbox 1594 3130 1790 3184; x_wconf 85' lang='lat' dir='ltr'>positum.</span> 
     </span>
    </p>
   </div>
  </div>
 </body>
</html>
