2164 3535
241 217 326 262 500
503 215 713 251 Beibericht
738 214 801 250 der
828 215 1255 252 Studien—Kommissare
1283 229 1346 252 zur
1371 216 1412 253 R.
1441 222 1483 253 st.
1510 228 1576 253 von
1606 221 1704 255 1832.

243 384 293 390 —
328 360 380 401 49
413 358 598 401 Additur
630 360 697 414 ut,
739 357 811 400 ubi
842 370 933 401 mos
964 358 1050 410 iarn
1080 358 1280 415 invaluit,
1321 359 1446 402 liceat
1476 359 1721 413 praelegere
1759 359 1967 402 faciliores

242 435 454 478 Ciceronis
489 434 721 485 orationes3
753 433 832 475 hoc
865 434 974 476 enim
1006 433 1053 476 fit
1085 435 1126 476 in
1158 434 1374 489 plerisque
1406 434 1601 489 Collegiis
1625 435 1790 478 Galliae
1822 438 1865 477 et
1886 436 1970 478 An-

241 511 369 564 gliae,
402 523 554 564 quare,
587 509 621 551 si
654 508 768 563 apud
800 522 875 551 nos
907 522 990 551 non
1023 509 1161 565 fieret,
1195 510 1317 563 quasi
1348 510 1488 552 minus
1520 511 1708 564 provecti
1739 510 1781 553 in
1813 511 1966 553 studiis

240 586 502 628 haberentur
542 585 735 638 discipuli
776 585 931 636 nostri;
976 585 1068 627 dein
1102 597 1185 638 quo
1224 585 1366 638 plures
1409 586 1621 629 orationes
1655 585 1868 629 Ciceronis
1902 599 1970 629 ex-

241 662 420 714 plicatae
452 661 611 703 fuerint
643 661 683 702 in
717 660 1069 713 praecedentibus
1102 659 1284 716 Scholis,
1317 664 1436 702 tanto
1470 660 1635 704 facilius
1667 661 1708 703 in
1741 661 1970 704 Rhetorica

240 736 551 790 praelegentur.
596 762 649 767 —-
692 738 743 778 59
778 737 841 778 Ex
882 736 1076 787 Graecis,
1120 735 1274 778 omisso
1314 736 1479 789 Aesopo
1523 738 1727 789 tanquam
1768 736 1970 792 faciliore,

240 813 413 866 ponitur
435 811 713 866 Xenophon
737 815 780 854 et
801 811 928 865 hujus
951 811 1122 865 similes,
1141 812 1266 865 juxta
1289 810 1403 854 dicta
1421 811 1474 854 ad
1498 824 1536 853 n.
1554 812 1648 853 104.
1669 836 1719 841 -
1739 813 1791 855 69
1815 811 1972 865 Aliqua

242 887 293 929 de
324 887 587 942 Mythologia
618 887 984 941 praescribuntur,
1017 886 1097 929 nisi
1129 890 1322 940 praestet
1353 899 1404 929 ea
1436 887 1476 928 in
1509 886 1648 928 media
1681 886 1971 929 Grammatica

240 962 425 1019 tradere,
457 966 633 1017 propter
664 963 831 1018 Poetas,
866 963 937 1015 qui
969 962 1010 1004 in
1044 961 1107 1004 his
1141 960 1304 1004 Scholis
1336 961 1550 1015 leguntur.

378 1044 428 1086 N.
454 1041 547 1089 144.
622 1044 695 1086 Ad
742 1056 842 1097 reg.
877 1045 914 1085 2.
994 1046 1043 1085 19
1081 1043 1325 1085 Recurrunt
1372 1055 1481 1096 quae
1527 1056 1566 1084 n.
1610 1046 1659 1085 19
1699 1043 1812 1085 dicta
1856 1045 1967 1085 sunt.

241 1121 292 1162 29
324 1119 507 1162 Additur
538 1120 579 1162 in
611 1119 689 1162 hac
721 1125 764 1162 et
794 1119 1064 1161 inferioribus
1098 1117 1261 1160 Scholis
1294 1116 1529 1160 Sabbatina
1561 1118 1827 1174 declamatio,
1859 1131 1969 1172 quae

240 1196 356 1238 utilis
379 1200 444 1238 est
474 1199 565 1237 tum
589 1195 642 1237 ad
674 1194 900 1236 variandas
924 1193 1173 1235 Scholarum
1207 1193 1544 1245 exercitationes,
1577 1197 1669 1235 tum
1692 1197 1741 1236 ut
1764 1206 1788 1235 a
1809 1193 1968 1236 teneris

240 1274 490 1314 assuescant
512 1271 592 1313 rite
623 1270 902 1325 pronuntiare
934 1269 1021 1310 sive
1054 1269 1187 1310 latina
1208 1268 1295 1310 sive
1329 1269 1569 1323 vernacula,
1602 1271 1645 1311 et
1676 1269 1834 1311 nimian
1858 1269 1968 1311 timi-

240 1347 417 1389 ditatem
450 1346 676 1400 deponant.

379 1422 430 1464 N.
456 1419 549 1467 145.
620 1421 693 1462 Ad
736 1434 832 1474 reg.
867 1423 905 1462 4.
981 1423 1029 1462 19
1062 1419 1302 1474 Expunctio
1345 1423 1388 1462 et
1435 1419 1596 1461 additio
1639 1420 1679 1461 in
1722 1420 1804 1462 fine
1844 1420 1968 1473 juxta

240 1499 354 1541 dicta
394 1498 447 1540 ad
489 1510 528 1538 n.
566 1498 645 1539 107
688 1500 730 1538 et
768 1498 859 1539 108.
931 1497 983 1538 29
1016 1496 1098 1537 Pro
1144 1495 1371 1537 lectione
1417 1494 1754 1537 Ciceroniana
1797 1495 1977 1549 ponitur·

239 1574 395 1617 lectio
449 1576 734 1627 auctorum,
788 1572 889 1625 quia
939 1584 1021 1613 non
1074 1571 1189 1613 solus
1242 1570 1388 1613 Cicero
1441 1570 1713 1624 praelegitur.
1796 1571 1847 1613 39
1887 1570 1995 1612 Pro-

244 1649 471 1693 »Graeca
511 1648 838 1691 describere«
886 1647 1060 1701 ponitur
1103 1646 1328 1688 »Graece
1371 1646 1661 1701 scribere«,
1700 1649 1750 1688 ut
1790 1646 1870 1688 rite
1910 1647 1970 1688 in-

240 1724 478 1778 telligatur,
526 1724 567 1765 in
615 1723 692 1765 hac
733 1726 775 1764 et
821 1725 1024 1775 sequente
1068 1721 1221 1763 Schola
1262 1722 1351 1775 Jam
1395 1721 1553 1775 aliquid
1598 1720 1759 1764 Graece
1802 1724 1968 1764 tentan-

240 1800 341 1842 dum
374 1813 478 1843 esse.

379 1875 427 1917 N.
453 1871 549 1919 146.
618 1874 690 1915 Ad
732 1886 830 1927 reg.
865 1875 903 1914 5.
979 1875 1028 1915 19
1063 1872 1396 1927 Praescribitur,
1438 1876 1487 1914 ut
1525 1877 1740 1927 comparet
1781 1873 1968 1926 linguam

240 1951 418 1993 latinam
449 1963 544 1992 cum
577 1950 723 2002 lingua
756 1949 895 2003 patria
925 1952 1101 2003 propter
1133 1948 1385 2001 utilitatem,
1418 1960 1528 2001 quae
1560 1962 1608 1990 ex
1641 1948 1718 1990 hac
1751 1960 1968 2002 compara-

241 2026 356 2067 tione
386 2026 427 2066 in
466 2025 655 2067 studium
698 2024 921 2077 utriusque
964 2024 1132 2076 linguae
1174 2023 1397 2066 redundat.
1462 2025 1514 2066 ⁴25>
1547 2023 1880 2079 Praescribitur,
1920 2027 1969 2065 ut

243 2101 469 2154 Scriptoris
503 2100 621 2142 latini
655 2100 784 2142 verba
816 2099 999 2152 eleganti
1031 2111 1226 2141 sermone
1259 2100 1399 2152 patrio
1433 2099 1645 2150 decurrat,
1678 2102 1727 2141 ut
1758 2098 1968 2153 intelligat

242 2176 468 2230 Magister,
510 2188 591 2217 non
636 2175 974 2228 qualemcunque
1016 2174 1269 2225 versionem,
1310 2175 1385 2216 sed
1424 2175 1683 2229 elegantem,
1723 2178 1965 2217 accuratam

242 2264 333 2294 esse
366 2250 638 2302 tradendam3
679 2263 812 2303 quare
844 2250 970 2291 etiam
1009 2253 1230 2303 putamus,
1275 2250 1492 2302 Magistris
1526 2250 1681 2292 nostris
1714 2262 1796 2292 non
1829 2251 1965 2292 solum

242 2326 589 2382 permittendum,
622 2325 694 2368 sed
728 2325 1103 2378 praescribendum
1134 2338 1226 2367 esse
1259 2337 1385 2367 usum
1419 2325 1660 2367 versionum
1694 2325 1965 2381 optimarum,

242 2402 342 2455 quia
363 2402 429 2444 vix
462 2408 629 2455 tempus
661 2400 886 2454 supererit,
920 2403 967 2441 ut
999 2400 1089 2442 aliis
1124 2400 1266 2442 multis
1300 2400 1472 2442 distenti
1505 2404 1703 2442 accurate
1735 2404 1778 2442 et
1800 2400 1966 2454 elegan-

242 2481 309 2519 ter
351 2478 526 2519 latinam
569 2480 785 2519 auctorem
825 2476 1051 2518 vernacule
1089 2475 1282 2520 reddant.
1345 2477 1397 2518 39
1431 2476 1587 2518 Utrum
1628 2475 1842 2518 versiones
1885 2475 1967 2517 dic-

242 2552 397 2595 tandae
443 2553 528 2594 sint
572 2552 613 2593 in
660 2551 738 2593 hac
785 2554 828 2593 et
872 2550 1143 2593 inferioribus
1191 2551 1367 2607 scholis,
1421 2551 1564 2604 aliqua
1610 2554 1674 2594 est
1721 2550 1966 2605 opinionum

243 2628 459 2670 dissensio.
522 2627 601 2670 ΡΡ.
628 2626 834 2681 Deputati
857 2625 1033 2676 Galliae,
1067 2625 1245 2678 Siciliae,
1279 2626 1428 2668 Italiae
1461 2629 1504 2668 et
1525 2625 1781 2668 Germaniae
1812 2628 1967 2680 putant

243 2702 481 2745 dictandas:
528 2706 577 2744 19
612 2702 711 2755 quia
743 2702 811 2743 vix
842 2700 932 2744 fieri
964 2704 1144 2755 possunt
1177 2701 1451 2755 repetitiones
1485 2703 1722 2755 auctorum,
1755 2714 1791 2743 v.
1816 2713 1853 2753 g.
1887 2712 1964 2754 pro

242 2778 541 2831 speciminibus
589 2778 767 2830 publicis
814 2778 893 2820 nisi
942 2777 1139 2820 dictetur.
1219 2779 1269 2820 29
1308 2777 1390 2819 Per
1441 2776 1715 2818 dictationem
1761 2775 1964 2818 versionis

242 2853 405 2896 facilior
445 2852 494 2894 fit
533 2853 716 2906 analysis
763 2853 1094 2906 grammaticalis
1143 2855 1185 2894 et
1226 2852 1460 2906 explicatio.
1536 2852 1588 2894 39
1627 2852 1835 2894 Exercent
1874 2863 1965 2894 ver-

241 2929 379 2970 siones
412 2927 596 2970 dictatae
628 2928 787 2981 stylum
819 2928 1104 2970 vernaculum.
1167 2927 1249 2969 Sed
1280 2928 1368 2969 PP.
1393 2927 1597 2980 Deputati
1628 2926 1819 2983 Angliae,
1851 2926 1964 2969 Gali-

242 3003 330 3045 ciae
353 3006 396 3044 et
418 3003 647 3057 Hispaniae
668 3015 750 3044 non
775 3006 958 3055 censent,
988 3003 1230 3057 hujusmodi
1253 3002 1525 3044 dictationem
1548 3015 1639 3044 esse
1660 3002 1961 3044 necessariam:

247 3081 294 3120 19
329 3078 428 3130 quia
459 3077 717 3131 experientia
747 3081 927 3132 constat,
959 3078 1086 3120 etiam
1119 3078 1208 3119 sine
1239 3077 1316 3119 hac
1349 3077 1454 3119 bene
1486 3077 1715 3130 procedere
1748 3077 1963 3131 repetitio-

242 3165 316 3194 nes
349 3165 530 3197 annuas:
565 3155 617 3195 29
649 3153 749 3206 quia
780 3165 906 3206 saepe
938 3153 1075 3195 versio
1108 3153 1267 3195 dictata
1299 3152 1507 3205 refugium
1540 3152 1620 3195 erit
1650 3153 1882 3206 pigrorum.
