2164 3535
545 236 771 280 Anordnung
795 235 858 270 des
883 235 935 280 3j.
963 235 1090 280 philos.
1118 235 1255 270 Kurses
1285 237 1382 271 1858.
1750 240 1829 280 571

255 376 324 417 49.
373 374 640 417 Conscientia
671 375 736 417 sui
769 379 834 417 est
874 376 982 418 ratio
1023 376 1211 418 formalis
1253 387 1480 429 personae,
1521 387 1595 416 seu
1627 387 1704 428 per
1743 387 1837 417 con-

109 449 329 492 scientiam
362 450 427 491 sui
459 453 614 491 natura
646 450 864 492 rationalis
897 451 1171 493 constituitur
1202 463 1395 504 persona.

251 525 317 566 50.
367 524 532 574 Anima,
565 526 730 578 corpori
754 526 886 576 unita,
919 526 1077 569 virtute
1109 527 1294 569 naturali
1315 526 1356 568 in
1389 538 1484 567 eum
1517 528 1675 567 statum
1699 526 1836 566 trans-

110 600 212 642 ferri
234 602 389 653 potest,
422 599 462 640 in
487 612 569 652 quo
603 613 627 642 a
660 613 833 654 corpore
865 601 1154 655 independens
1177 602 1229 643 ad
1262 602 1397 643 instar
1419 601 1583 643 animae
1613 602 1836 654 separatae

108 687 182 716 seu
214 675 309 727 puri
344 675 521 728 spiritus
555 680 782 728 cognoscat
814 680 856 718 et
887 676 1106 729 intelligat.

247 751 316 790 51.
366 749 485 791 Mens
517 754 664 792 nostra
695 763 766 803 eo,
798 751 911 804 quod
943 751 1061 793 finita
1093 752 1161 806 sit,
1194 752 1296 793 nihil
1329 752 1430 794 certi
1465 752 1516 794 ‹le
1547 750 1710 793 infinito
1744 753 1836 803 pot-

114 826 180 866 est
210 824 335 866 scire:
369 825 629 878 proindeque
661 838 685 866 a
717 825 836 867 nobis
870 826 1080 878 disputari
1112 826 1163 868 de
1194 827 1264 868 illo
1297 839 1513 880 nunquam
1547 825 1726 871 debets).

246 900 312 940 52.
359 899 595 941 Existentia
627 900 703 941 Dei
735 905 800 942 est
831 901 965 954 prima
1000 901 1175 952 veritas,
1220 913 1328 954 quae
1362 905 1474 943 certe
1508 900 1834 953 cognoscitur2).

245 975 311 1015 53.
366 974 427 1015 Ex
460 975 685 1017 existentia
722 976 829 1018 entis
870 976 1153 1029 contingentis
1195 976 1303 1018 male
1346 976 1571 1018 deducitur
1613 976 1836 1019 existentia

107 1048 214 1091 entis
247 1050 487 1103 necessarii,
520 1049 557 1091 h.
593 1063 626 1091 e.
667 1050 742 1092 Dei
756 1051 801 1102 ³).

244 1126 310 1166 54.
361 1124 615 1178 Hujiismodi
650 1125 956 1168 demonstratio
990 1126 1067 1168 Dei
1109 1139 1157 1168 ex
1197 1126 1415 1168 effectibus
1457 1127 1607 1168 saltem
1650 1139 1731 1168 non
1772 1131 1836 1168 est

107 1199 297 1252 perfecta
328 1199 415 1241 sive
448 1199 694 1253 apodictica.

246 1276 311 1317 55.
362 1275 423 1315 Ex
457 1275 794 1317 consideratione
836 1289 975 1318 rerum
1016 1279 1254 1318 creatarum
1288 1276 1365 1318 Dei
1409 1277 1592 1329 cognitio
1633 1278 1672 1318 in
1715 1277 1834 1319 nobis

112 1349 212 1391 oriri
244 1362 327 1391 non
360 1353 514 1403 potest,
548 1350 621 1392 sed
654 1353 820 1392 tantum
852 1350 1007 1405 perfici.

246 1425 311 1465 56.
359 1424 615 1478 Principium
649 1425 833 1467 sentiens
875 1425 922 1467 fit
963 1427 1200 1479 intelligens
1243 1426 1337 1468 idea
1379 1427 1486 1469 entis
1528 1426 1563 1469 ei
1607 1428 1835 1470 communi-

108 1501 216 1553 cata,
250 1512 359 1552 quae
391 1499 561 1552 quidem
594 1500 688 1542 idea
720 1504 784 1543 est
815 1501 908 1554 ipsa
940 1501 1075 1543 forma
1105 1502 1359 1543 intellectus.

245 1576 310 1615 57.
361 1573 582 1628 ObJ'ectum
616 1575 728 1617 reale
760 1575 878 1617 ideae
911 1577 1020 1619 entis
1053 1577 1435 1620 transcendentalis
1468 1582 1509 1619 ct
1531 1578 1834 1630 generalissimi

107 1651 171 1691 est
203 1649 329 1691 Deus.

245 1725 311 1766 58.
362 1724 599 1778 Conceptus
633 1724 739 1766 finiti
773 1728 813 1766 et
847 1726 1152 1778 contingentis,
1196 1729 1343 1780 utpote
1385 1727 1632 1781 negativus,
1675 1727 1835 1780 absque

106 1799 276 1851 praevio
309 1802 352 1840 et
390 1798 642 1841 affirmativo
686 1804 890 1854 conceptu
934 1801 1043 1842 entis
1084 1801 1233 1843 infiniti
1275 1806 1318 1844 et
1358 1802 1581 1844 necessarii
1627 1802 1835 1845 efformari

106 1873 253 1926 nequit

245 1951 310 1990 59.
360 1950 453 1992 Non
487 1961 712 2002 possumus
746 1951 964 2004 concipere
997 1951 1202 1993 essentias
1237 1965 1392 1999 rerum,
1426 1952 1503 1994 nisi
1538 1953 1707 2006 praevio
1742 1966 1835 1994 con-

108 2027 234 2077 ceptu
268 2025 357 2072 Dei,
391 2025 469 2066 etsi
494 2026 608 2067 Deus
631 2025 709 2067 hoc
741 2030 946 2080 conceptu
976 2039 1058 2068 non
1083 2031 1363 2080 cognoscatur
1386 2027 1537 2069 reflexe
1560 2031 1602 2069 et
1625 2028 1835 2079 distincte,

111 2099 185 2141 sed
221 2103 388 2141 tantum
421 2100 577 2142 directe
611 2104 653 2142 et
685 2101 799 2142 velut
832 2102 872 2143 in
907 2101 1095 2155 confuso,
1129 2103 1287 2144 scilicet
1320 2105 1365 2144 ut
1398 2115 1470 2144 ens
1504 2103 1756 2156 simpliciter.

244 2175 309 2215 60.
359 2174 460 2217 Idea
494 2176 568 2217 Dei
600 2179 649 2217 ut
680 2177 787 2218 entis
820 2177 1088 2231 simpliciter,
1131 2178 1209 2220 etsi
1254 2191 1335 2219 non
1379 2178 1558 2220 actualis
1602 2178 1674 2219 sed
1720 2178 1834 2219 habi-

108 2249 251 2305 tualis,
284 2262 359 2291 nec
392 2249 547 2292 reflexa
579 2250 650 2292 sed
685 2250 859 2303 directa,
891 2252 1021 2293 menti
1055 2256 1119 2294 est
1152 2253 1399 2295 essentialis.

244 2326 309 2366 61.
360 2325 521 2366 Lumen
568 2325 853 2368 intellectuale
900 2327 1153 2380 objectivum
1202 2332 1267 2369 est
1317 2340 1390 2369 ens
1440 2327 1648 2369 infinitum
1702 2327 1833 2369 menti

105 2411 328 2455 praesens,
368 2404 411 2442 et
450 2400 486 2442 ei
526 2400 659 2453 prima
701 2400 906 2455 principia
949 2401 1170 2455 objiciens;
1218 2402 1495 2455 subjectivum
1541 2404 1605 2444 est·
1644 2402 1734 2456 ipse
1776 2403 1835 2444 iu-

108 2474 306 2517 tellectus
340 2486 389 2517 ea
420 2476 571 2517 notitia
602 2476 868 2520 informatus.

247 2551 313 2591 62.
364 2550 506 2592 Prima
544 2551 821 2605 intelligibilia
864 2556 965 2595 sunt
1005 2553 1234 2607 archetypa
1280 2566 1355 2595 seu
1402 2554 1660 2608 exemplaria
1706 2553 1833 2595 divini

117 2624 378 2676 intellectus,
420 2638 443 2666 a
473 2625 592 2667 nobis
624 2626 664 2667 in
698 2639 743 2669 se
774 2627 896 2680 ipsis,
940 2640 1015 2681 per
1055 2628 1295 2669 intuitivam
1337 2628 1497 2670 scilicet
1537 2628 1677 2671 ideam
1711 2629 1833 2679 entis,

116 2699 294 2741 obscure
326 2700 475 2742 saltem
499 2704 539 2742 et
572 2701 772 2754 implicite
805 2703 984 2755 cognita,
1017 2715 1091 2756 per
1123 2716 1231 2756 quae
1264 2703 1426 2752 deinde,
1460 2704 1688 2746 accedente
1711 2717 1834 2746 sensa

112 2775 239 2830 tione,
272 2788 415 2817 rerum
448 2779 624 2818 naturas
656 2777 877 2830 perspicue
910 2782 951 2819 et
983 2778 1175 2832 explicite
1207 2780 1508 2832 cognoscimus.

245 2851 311 2892 63.
356 2851 463 2893 Actu
508 2851 711 2904 primario
754 2851 865 2904 (idea
897 2853 1004 2895 entis
1051 2853 1410 2903 universalissimi)
1455 2854 1693 2896 intellectus
1737 2854 1833 2895 eini-

115 2928 263 2967 nenter
298 2929 340 2967 et
371 2926 586 2980 implicite,
619 2927 699 2968 etsi
723 2927 879 2969 directe
902 2931 944 2970 et
964 2927 1252 2978 habitualiter,
1285 2929 1498 2981 cognoscit
1522 2942 1643 2971 omne
1666 2929 1833 2971 omnino

244 3088 269 3131 ¹)
301 3087 425 3122 Tamb.
452 3097 554 3131 prop.
581 3092 612 3122 4.
822 3089 850 3132 2)
877 3089 974 3123 Fort.
1001 3099 1102 3133 prop.
1129 3092 1160 3124 3.
1212 3089 1263 3123 Cf.
1290 3088 1495 3133 Roothaan,
1522 3099 1623 3133 prop.
1649 3092 1680 3123 2.

244 3144 273 3186 3)
299 3143 396 3178 Fort.
422 3154 523 3188 prop.
550 3148 581 3179 4.
