2164 3535
586 185 764 220 Gretser’s
790 184 983 219 Mecoenas
1011 183 1255 218 studiosorum
1282 193 1493 228 pauperum.
1812 185 1893 225 239

316 328 352 367 5.
401 325 463 367 Ne
493 325 534 367 in
566 325 825 378 negligentes
858 327 901 365 et
931 323 1125 376 indignos
1147 322 1307 376 absque
1328 322 1470 363 fructu
1494 320 1652 362 diutius
1675 320 1752 362 hoc
1775 320 1897 362 bene-

178 401 317 444 ficium
350 401 604 457 conferatur,
637 404 805 454 praeter
837 411 1057 441 commune
1080 398 1439 440 Scholasticorum
1470 409 1657 450 examen,
1689 395 1898 438 examina-

179 477 339 519 buntur
368 477 446 530 ipsi
479 480 699 530 praeterea
731 475 839 517 circa
860 473 1157 530 Bacchanalia,
1192 472 1355 516 Pascha
1387 472 1451 514 vel
1473 472 1762 514 Pentecosten.
1818 470 1897 521 Qui

180 565 277 594 vero
320 552 433 593 ultra
470 550 683 593 biennium
724 550 765 591 in
804 549 950 591 eadem
988 549 1130 591 schola
1177 548 1363 591 haeserit
1407 547 1522 589 nullo
1569 547 1692 589 modo
1739 545 1897 587 diutius

180 627 397 669 toleretur.

320 701 356 741 6.
406 699 543 741 Semel
576 702 650 739 aut
682 698 852 751 saepius
887 698 1035 750 quavis
1067 697 1331 740 hebdomade
1362 697 1668 740 exercebuntur
1690 696 1731 738 in
1755 698 1895 747 cantu,

182 775 234 817 ad
266 787 390 828 quem
423 787 518 817 cum
551 774 815 816 vocabuntur
847 772 986 826 parati
1019 772 1203 814 aderunt
1234 777 1276 814 et
1296 773 1512 815 Praefecto
1536 772 1723 814 Musicae
1753 772 1794 813 in
1822 783 1898 813 suo

182 850 330 902 officio,
364 850 424 891 uti
456 849 573 891 Patri
605 849 843 902 Pauperum
878 848 918 889 in
952 847 1137 900 reliquis,
1172 847 1225 888 ad
1256 852 1408 889 nutum
1441 847 1804 901 obtemperabunt.

322 928 356 967 7.
391 925 582 978 Denique
604 928 652 966 ut
668 924 874 977 gratiores
892 924 981 965 Deo
1004 923 1090 965 sint
1104 936 1180 976 pro
1199 922 1424 975 beneficiis,
1448 926 1490 964 et.
1512 923 1612 976 reip.
1633 922 1898 964 Christianae

182 1003 301 1042 tanto
333 1000 544 1042 utiliorem
577 1012 747 1053 operam
779 998 1006 1051 aliquando
1040 1000 1279 1051 praestent,
1321 1010 1404 1050 quo
1438 998 1572 1050 magis
1605 1010 1650 1039 se
1682 998 1769 1039 Deo
1806 1009 1898 1050 pro-

183 1076 284 1117 bare
315 1075 368 1117 ab
399 1075 570 1117 ineunte
597 1077 737 1116 aetate
759 1073 1036 1128 assueverint,
1069 1072 1244 1125 singulis
1267 1072 1497 1124 mensibus,
1529 1072 1608 1114 nisi
1633 1071 1897 1114 Confessario

183 1164 304 1193 secus
336 1150 542 1201 videatur,
575 1162 660 1191 una
691 1162 834 1191 omnes
866 1148 1180 1190 Eucharistiam
1213 1147 1408 1200 religiose
1439 1151 1621 1189 sumant.

328 1557 606 1614 Gretser’s
654 1560 958 1614 Mecoenas
1003 1559 1390 1614 studiosorum
1433 1576 1770 1631 pauperum.

324 1706 409 1748 Der
447 1706 668 1748 beriihmte
705 1706 913 1759 Theologe
951 1706 994 1747 P.
1029 1705 1162 1747 Jacob
1201 1704 1377 1747 Gretser
1418 1702 1617 1746 verfasste
1657 1703 1713 1744 im
1762 1704 1902 1745 ersten

187 1781 346 1823 Viertel
386 1781 460 1824 des
506 1784 569 1823 17.
603 1782 916 1824 Jahrhunderts
960 1782 1025 1823 ein
1068 1781 1271 1823 Buchlein
1314 1794 1367 1821 zu
1410 1780 1602 1822 Gunsten
1644 1778 1718 1820 der
1758 1791 1903 1820 armen

187 1856 441 1908 studentem
490 1857 665 1899 welches
713 1862 857 1899 zuei-st
896 1856 1244 1899 handschriftlich
1285 1855 1515 1897 verbreitet
1555 1854 1643 1896 und
1689 1854 1800 1895 dann
1846 1853 1903 1894 im

186 1931 317 1973 Jahre
353 1933 461 1973 1620
492 1945 544 1973 zu
577 1932 804 1985 Augsburg
836 1932 942 1974 ohne
973 1933 1184 1984 Nennung
1215 1931 1288 1972 des
1320 1931 1565 1972 Verfassers
1597 1928 1905 1972 veroffentlieht

187 2006 341 2048 wurde.
411 2006 513 2049 Dass
555 2008 599 2050 P.
633 2007 809 2050 Gretser
850 2007 1036 2049 wirklich
1077 2007 1151 2049 der
1181 2007 1405 2049 Verfasser
1442 2006 1517 2057 ist,
1559 2005 1659 2058 geht
1701 2018 1777 2047 aus
1810 2004 1904 2046 dem

187 2094 267 2123 von
299 2081 509 2125 Gretser's
551 2083 719 2135 eigener
749 2082 874 2124 Hand
912 2082 1237 2136 geschriebenen
1270 2081 1542 2124 Verzeichnis
1579 2081 1718 2122 seiner
1750 2080 1905 2123 Werke

186 2156 339 2199 hervor
370 2157 702 2211 (Sommervogel
735 2158 812 2210 ΙΙΙ,
848 2159 986 2211 1800).
1059 2159 1124 2200 Da
1163 2158 1228 2200 dle
1260 2156 1419 2199 Schrift
1456 2158 1498 2198 111
1531 2156 1597 2199 die
1629 2155 1768 2210 grosse
1799 2157 1906 2198 Aus-

188 2232 294 2284 gabe
325 2232 400 2274 der
422 2233 577 2275 Werke
600 2233 809 2276 Gretser's
841 2234 962 2276 keine
984 2233 1221 2275 Aufnahme
1252 2232 1462 2286 gesunden
1494 2232 1568 2274 hat
1590 2231 1675 2273 und
1699 2231 1905 2283 Original-

189 2307 348 2350 drucke
378 2320 459 2350 von
491 2308 724 2351 ausserster
755 2308 988 2351 Seltenheit
1017 2308 1124 2363 sind,
1163 2307 1374 2350 erscheint
1406 2307 1481 2350 der
1512 2306 1715 2348 Abdruek
1748 2306 1907 2358 einiger

190 2383 359 2437 Kapitel
397 2383 532 2426 dieses
570 2384 878 2427 interessanten
912 2383 1137 2426 Biichleins
1176 2397 1247 2426 um
1289 2395 1334 2425 so
1373 2382 1752 2435 gerechtfertigter.
1820 2381 1907 2423 Der

190 2457 297 2500 Titel
328 2459 480 2502 lautet:

328 2535 548 2578 Mecoenas
586 2535 873 2578 studiosorum
912 2547 1145 2588 pauperum
1185 2535 1271 2576 sive
1310 2546 1463 2576 causae
1504 2545 1579 2575 cur
1619 2532 1906 2574 adolescentes

191 2608 355 2662 piorum
386 2611 640 2653 liberalitate
672 2611 899 2665 adjuvandi
938 2611 1023 2653 sint
1061 2623 1166 2664 quos
1210 2611 1382 2664 propria
1413 2612 1578 2663 egestas
1612 2622 1636 2651 a
1666 2609 1905 2650 litterarum

190 2685 341 2727 studiis
373 2690 502 2728 arcet.
572 2686 756 2728 Auctore
787 2686 968 2739 quodam
1001 2699 1023 2728 e
1055 2685 1146 2728 Soc.
1181 2686 1282 2728 Jesu
1317 2686 1526 2738 Theologo
1559 2685 1777 2737 Augustae
1808 2683 1907 2725 Vin-

192 2760 268 2801 del.
311 2762 429 2802 1620.
480 2762 541 2803 4⁰.
590 2763 643 2803 25
666 2775 704 2815 p.
754 2763 943 2816 (Wiener
974 2761 1185 2814 Hofbibl.)

895 2958 984 3000 Ρίο
1016 2958 1211 3000 lectori.

329 3048 527 3091 Pluribus
560 3049 710 3092 abhinc
743 3050 877 3101 annis,
910 3050 1080 3103 quidam
1114 3063 1136 3093 e
1159 3049 1369 3092 Societate
1391 3049 1495 3092 Jesu
1518 3048 1769 3102 Theologus‚
1801 3049 1907 3091 mul-

192 3128 332 3166 torum
366 3128 536 3178 rogatu,
570 3125 697 3176 hunc,
731 3138 854 3179 quem
890 3125 1119 3179 epigraphe
1150 3138 1252 3179 prae
1283 3138 1328 3167 se
1359 3127 1460 3181 fert,
1492 3126 1778 3167 Mecoenatem
1812 3137 1906 3167 con-
