2164 3535
289 258 344 300 80
904 252 1112 296 Erklarung
1136 252 1200 287 der
1225 252 1400 287 Antoren.

289 395 431 438 Tertio
463 395 541 437 loci
574 395 753 448 aliquot,
787 398 877 436 tum
909 406 954 435 re
986 396 1075 434 tum
1107 391 1247 434 verbis
1279 391 1455 445 similes,
1489 391 1703 448 afferendi,
1736 392 1890 446 aliique
1923 405 2016 434 ora-

289 475 417 527 toreS‚
449 471 513 513 vel
545 474 708 524 poetae,
741 469 811 522 qui
839 468 982 510 eodem
1006 471 1231 521 praecepto
1255 467 1309 509 ad
1332 468 1490 521 aliquid
1512 468 1645 510 simile
1667 468 2014 522 persuadendum

289 547 353 588 vel
385 545 644 588 narrandum
677 545 743 587 usi
774 544 870 597 sint,
903 542 1174 596 producendi.
1231 543 1392 594 Quarto
1425 555 1491 585 res
1522 543 1639 596 ipsae
1662 544 1901 597 sapientum
1923 556 2015 584 sen-

290 622 446 677 tentiis,
478 621 512 663 si
544 634 610 662 res
643 619 771 669 ferat,
806 617 1128 660 confirmandae.
1194 618 1349 668 Quinto
1382 631 1430 660 ex
1463 618 1652 669 historiaq
1685 631 1735 660 ex
1766 618 1933 665 sabuli&
1966 631 2015 659 ex

289 697 401 738 omni
432 695 679 745 eruditione,
713 706 821 747 quae
853 693 906 735 ad
928 693 1066 735 locum
1089 693 1377 735 exornandum
1399 693 1569 745 faciant„
1603 693 1900 747 conquirenda.
1951 693 2016 734 Ad

288 775 522 815 extremum
562 769 691 812 verba
721 768 1038 823 perpendenda,
1079 781 1311 822 eorumque
1342 769 1602 825 proprietaS‚
1644 773 1841 821 ornatus„
1883 768 2015 822 copia,

288 859 489 889 numerus
522 844 821 888 observandus.
883 844 998 886 Haec
1030 848 1173 886 autem
1205 856 1287 885 non
1320 843 1412 886 ideo
1445 844 1576 886 allata
1607 847 1729 900 sunt,
1771 847 1820 885 ut
1850 856 2017 897 semper

289 922 428 964 omnia
459 923 727 963 consectetur
757 919 981 974 Magister,
1014 919 1089 962 sed
1122 923 1169 961 ut
1202 932 1250 962 ex
1283 920 1331 962 iis
1365 920 1535 973 seligatq
1570 933 1679 973 quae
1711 919 2017 973 opportuniora

288 997 554 1040 videbuntur.
620 996 705 1049 (lta
737 1008 822 1048 reg.
847 996 870 1037 8
904 995 1046 1041 Rliet.)

426 1079 474 1120 In
497 1077 774 1120 Humanitate
805 1076 1031 1129 praelectio
1065 1075 1313 1118 eruditionis
1346 1076 1605 1118 ornamentis
1632 1076 1781 1118 leviter
1802 1075 2017 1118 interdum

289 1166 463 1208 aspersa
499 1154 572 1209 sit,
616 1156 824 1206 quantum
864 1151 941 1192 loci
980 1150 1202 1204 explicatio
1234 1151 1436 1204 postulat.
1503 1151 1555 1194 Se
1586 1155 1724 1193 totum
1757 1152 1898 1205 potius
1930 1151 2018 1193 Ma-

288 1230 420 1283 gister
444 1228 632 1271 effundat
652 1229 692 1269 in
717 1227 894 1269 Latinae
915 1226 1085 1279 linguae
1108 1226 1441 1282 observationes,
1463 1227 1503 1268 in
1528 1227 1609 1268 vim
1633 1227 2014 1281 etymologiainque

288 1305 533 1358 verborum,
575 1316 703 1357 quam
744 1316 792 1344 ex
829 1302 1019 1356 probatis
1052 1305 1169 1356 petet
1201 1302 1473 1358 authoribus,
1515 1303 1694 1344 maxime
1726 1315 1776 1344 ex
1807 1302 2015 1356 antiquis3

288 1382 329 1422 in
351 1380 611 1423 locutionum
634 1391 757 1421 usum
780 1391 828 1420 ac
851 1378 1114 1432 varietatem,
1136 1378 1177 1419 in
1201 1378 1391 1421 authoris
1414 1378 1712 1431 imitationein3
1735 1391 1811 1421 nec
1833 1378 2016 1421 alienum

288 1458 422 1509 putet,
455 1455 612 1509 aliquid
645 1454 782 1508 patrio
814 1453 1028 1495 interdum
1060 1465 1253 1495 sermone
1285 1453 1447 1507 efferre,
1487 1454 1521 1495 si
1553 1455 1618 1496 vel
1650 1454 1703 1497 ad
1735 1455 2017 1508 interpretan-

288 1531 388 1572 dum
419 1531 460 1572 in
493 1530 637 1584 primis
670 1529 821 1581 valeat,
853 1529 918 1570 vel
950 1528 1107 1581 aliquid
1140 1528 1294 1570 habeat
1325 1529 1473 1572 eximii.
1539 1529 1715 1580 Quando
1749 1532 1891 1572 autem
1925 1542 2016 1571 ora-

287 1606 443 1648 tionem
486 1606 688 1659 explicat„
731 1606 958 1658 praecepta
998 1604 1101 1646 artis
1144 1604 1346 1657 exploret.
1408 1604 1474 1645 Ad
1514 1606 1748 1647 extremum
1779 1604 1939 1660 licebit,
1982 1605 2016 1647 si

288 1682 502 1733 videatur,
549 1681 688 1722 omnia
729 1680 866 1733 patrio
909 1692 1124 1731 sermone,
1172 1680 1246 1722 sed
1289 1692 1417 1733 quam
1460 1680 1793 1736 elegantissimo,
1837 1683 2014 1723 vertere.

290 1757 409 1811 (Reg.
435 1758 458 1798 5
492 1757 637 1810 Huni.)
707 1756 931 1797 Caeterum
975 1754 1164 1797 historici
1206 1758 1248 1797 et
1287 1759 1436 1809 poetae
1478 1756 1705 1809 praelectio
1747 1755 1851 1798 illud
1889 1755 2018 1798 habet

288 1832 521 1888 peculiare,
561 1831 675 1885 quod
712 1831 937 1873 historicus
980 1830 1156 1873 celerius
1190 1830 1277 1873 fere
1308 1831 1618 1882 excurrendus3
1660 1831 1701 1872 in
1732 1833 1858 1884 poeta
1889 1843 2016 1884 saepe

289 1908 475 1950 oratoria
515 1907 786 1961 paraphrasis
828 1911 1025 1950 accurate
1066 1907 1179 1948 facta
1215 1906 1444 1961 plurimum
1483 1906 1624 1952 decet:
1678 1905 2014 1961 faciendumque,

289 1987 337 2025 ut
393 1983 586 2037 discipuli
639 1986 788 2037 poetae
841 1983 1107 2036 oratorisque
1165 1982 1321 2035 stylum
1380 1982 1667 2024 internoscere
1722 1986 2013 2025 consuescant.

290 2060 408 2113 (Reg.
434 2060 487 2101 28
522 2059 655 2112 Com.)

427 2136 476 2177 In
499 2134 706 2189 Suprema
727 2135 1015 2177 Grammatica
1045 2133 1340 2189 praelectionis
1373 2132 1508 2175 fornia
1539 2133 1642 2176 haec
1674 2134 1764 2176 erit.
1826 2134 2015 2176 Primum

290 2211 459 2264 quidem
502 2214 799 2263 argumentum
842 2215 932 2251 tum
965 2210 1116 2252 Latino
1156 2213 1245 2250 tum
1287 2209 1425 2262 patrio
1464 2221 1657 2250 sermone
1689 2209 1893 2263 Magister
1923 2222 2012 2263 per·

290 2286 483 2339 stringat.
546 2285 714 2329 Deinde
745 2298 1089 2339 unamquamque
1122 2284 1343 2339 periodum
1376 2284 1435 2325 ita
1475 2284 1802 2337 interpretetur,
1846 2288 1893 2326 ut
1925 2298 2014 2327 ver-

290 2362 441 2404 nacula
480 2363 683 2415 expositio
717 2362 893 2404 Latinae
936 2360 1114 2403 subinde
1152 2360 1415 2413 subjiciatur.
1477 2359 1618 2401 Tertio
1651 2372 1676 2401 a
1708 2360 1844 2414 capite
1875 2372 2016 2402 recur-

291 2450 386 2479 rens
428 2438 530 2487 (nisi
570 2438 689 2480 malit
728 2438 809 2490 ipsi
847 2437 1112 2490 explicationi
1154 2436 1365 2487 inserere)
1409 2435 1528 2476 binas
1572 2438 1647 2476 aut
1688 2438 1831 2476 ternas
1864 2435 2017 2488 seligat

290 2525 426 2568 voces,
459 2525 639 2566 quarum
672 2513 754 2555 vim
787 2516 861 2554 aut
893 2512 1094 2564 originem
1127 2510 1338 2564 expendat
1370 2523 1538 2562 unoque
1571 2513 1646 2550 aut
1669 2510 1802 2552 altero
1827 2510 2015 2563 ejusdem

291 2589 539 2640 praesertim
582 2588 772 2629 authoris
812 2588 1000 2641 exemplo
1044 2586 1273 2628 confirmet.
1336 2586 1649 2628 Translationes
1690 2586 1816 2627 etiam
1849 2585 2016 2628 evolvat

292 2675 339 2704 ac
372 2663 645 2705 demonstret.
711 2663 892 2705 Fabulas
926 2675 1019 2704 cum
1052 2662 1237 2704 historiis
1270 2664 1312 2703 et
1343 2673 1451 2714 quae
1484 2660 1537 2702 ad
1570 2661 1849 2702 eruditionem
1888 2660 2015 2713 perti-

291 2740 405 2793 nent7
439 2738 472 2778 si
504 2750 612 2791 quae
642 2737 841 2789 incidant,
874 2737 989 2779 brevi
1020 2737 1227 2790 expediat.
1290 2736 1418 2777 Binas
1450 2735 1578 2776 etiam
1613 2739 1807 2778 ternasve
1838 2735 2013 2788 phrases

291 2812 571 2865 elegantiores
610 2816 819 2866 excerpat.
882 2813 1100 2854 Postremo
1143 2811 1362 2865 scriptoris
1405 2810 1533 2852 verba
1574 2810 1689 2863 vulgi
1721 2823 1913 2852 sermone
1946 2810 2015 2852 de-

293 2890 448 2929 currat.
511 2888 673 2930 Licebit
704 2892 847 2930 autem
879 2888 1078 2929 Latinum
1111 2888 1431 2941 argumentum,
1465 2886 1795 2941 observationes,
1828 2886 2015 2940 proprie-

292 2966 402 3005 tates
436 2964 478 3004 et
508 2962 683 3016 phrases
716 2976 842 3016 quam
875 2963 1119 3005 brevissime
1151 2961 1321 3004 dictare.
1387 2961 1505 3014 (Reg.
1532 2962 1555 3002 5
1591 2960 1716 3015 Supr.
1750 2961 1912 3014 Grani.)

429 3037 477 3078 In
510 3038 681 3090 reliquis
705 3037 1016 3080 Grammaticae
1039 3037 1253 3079 Classibus
1276 3037 1567 3090 praelectionis
1591 3037 1693 3079 haec
1715 3040 1840 3079 erunt
1862 3037 2011 3090 capita.

292 3112 430 3154 Primo
460 3112 679 3155 lectionem
712 3115 845 3155 totam
877 3113 1139 3155 continenter
1166 3113 1371 3165 Magister
1402 3113 1652 3165 pronunciet
1684 3114 1859 3166 ejusque
1890 3124 2013 3165 argu-

293 3190 479 3229 mentum
513 3188 758 3230 brevissime
790 3188 926 3240 patrio
959 3200 1150 3231 sermone
1181 3189 1452 3242 perstringat.
1503 3188 1695 3230 Secundo
1719 3187 1935 3241 periodum
1960 3188 2011 3230 ad
