<?xml version="1.0" encoding="UTF-8"?>
<!DOCTYPE html PUBLIC "-//W3C//DTD XHTML 1.0 Transitional//EN"
    "http://www.w3.org/TR/xhtml1/DTD/xhtml1-transitional.dtd">
<html xmlns="http://www.w3.org/1999/xhtml" xml:lang="en" lang="en">
 <head>
  <title>
</title>
<meta http-equiv="Content-Type" content="text/html;charset=utf-8" />
  <meta name='ocr-system' content='tesseract 3.04.00' />
  <meta name='ocr-capabilities' content='ocr_page ocr_carea ocr_par ocr_line ocrx_word'/>
</head>
<body>
  <div class='ocr_page' id='page_1' title='image "./ratiostudiorumet16jesu_0261.png"; bbox 0 0 2164 3535; ppageno 0'>
   <div class='ocr_carea' id='block_1_1' title="bbox 682 195 1906 241">
    <p class='ocr_par' dir='ltr' id='par_1_1' title="bbox 682 195 1906 241">
     <span class='ocr_line' id='line_1_1' title="bbox 682 195 1906 241; baseline -0.011 -3"><span class='ocrx_word' id='word_1_1' title='bbox 682 205 790 238; x_wconf 91' lang='lat' dir='ltr'>Arme</span> <span class='ocrx_word' id='word_1_2' title='bbox 817 202 1016 237; x_wconf 86' lang='lat' dir='ltr'>Studenten</span> <span class='ocrx_word' id='word_1_3' title='bbox 1042 199 1079 233; x_wconf 92' lang='lat' dir='ltr'>in</span> <span class='ocrx_word' id='word_1_4' title='bbox 1104 197 1299 241; x_wconf 83' lang='lat' dir='ltr'>Augsburg</span> <span class='ocrx_word' id='word_1_5' title='bbox 1327 198 1423 232; x_wconf 85' lang='lat'>1609.</span> <span class='ocrx_word' id='word_1_6' title='bbox 1826 195 1906 235; x_wconf 74' lang='lat'>237</span> 
     </span>
    </p>
   </div>
   <div class='ocr_carea' id='block_1_2' title="bbox 199 263 1872 284">
    <p class='ocr_par' dir='ltr' id='par_1_2' title="bbox 199 263 1872 284">
     <span class='ocr_line' id='line_1_2' title="bbox 199 263 1872 284; baseline 0 0"><span class='ocrx_word' id='word_1_7' title='bbox 199 263 1872 284; x_wconf 95' lang='lat' dir='ltr'> </span> 
     </span>
    </p>
   </div>
   <div class='ocr_carea' id='block_1_3' title="bbox 197 331 1910 553">
    <p class='ocr_par' dir='ltr' id='par_1_3' title="bbox 197 331 1910 553">
     <span class='ocr_line' id='line_1_3' title="bbox 335 331 1906 394; baseline -0.011 -5"><span class='ocrx_word' id='word_1_8' title='bbox 335 349 372 389; x_wconf 82' lang='grc'>6.</span> <span class='ocrx_word' id='word_1_9' title='bbox 416 345 682 388; x_wconf 88' lang='lat' dir='ltr'>Habitabunt</span> <span class='ocrx_word' id='word_1_10' title='bbox 712 343 797 385; x_wconf 91' lang='lat' dir='ltr'>bini</span> <span class='ocrx_word' id='word_1_11' title='bbox 829 342 894 383; x_wconf 87' lang='lat' dir='ltr'>vel</span> <span class='ocrx_word' id='word_1_12' title='bbox 926 340 1119 394; x_wconf 78' lang='lat' dir='ltr'>quaterni</span> <span class='ocrx_word' id='word_1_13' title='bbox 1153 337 1265 391; x_wconf 89' lang='lat' dir='ltr'>apud</span> <span class='ocrx_word' id='word_1_14' title='bbox 1296 336 1495 378; x_wconf 90' lang='lat' dir='ltr'>honestos</span> <span class='ocrx_word' id='word_1_15' title='bbox 1528 334 1637 376; x_wconf 91' lang='lat' dir='ltr'>cives</span> <span class='ocrx_word' id='word_1_16' title='bbox 1670 331 1906 374; x_wconf 88' lang='lat' dir='ltr'>Catholicos</span> 
     </span>
     <span class='ocr_line' id='line_1_4' title="bbox 197 407 1909 470; baseline -0.012 -4"><span class='ocrx_word' id='word_1_17' title='bbox 197 425 248 466; x_wconf 88' lang='lat' dir='ltr'>de</span> <span class='ocrx_word' id='word_1_18' title='bbox 280 423 451 464; x_wconf 87' lang='lat' dir='ltr'>consilio</span> <span class='ocrx_word' id='word_1_19' title='bbox 494 422 539 462; x_wconf 90' lang='lat' dir='ltr'>P.</span> <span class='ocrx_word' id='word_1_20' title='bbox 571 418 777 461; x_wconf 77' lang='lat' dir='ltr'>Praefecti</span> <span class='ocrx_word' id='word_1_21' title='bbox 811 428 1058 470; x_wconf 88' lang='lat' dir='ltr'>pauperum.</span> <span class='ocrx_word' id='word_1_22' title='bbox 1126 412 1334 455; x_wconf 84' lang='lat' dir='ltr'>Vitabunt</span> <span class='ocrx_word' id='word_1_23' title='bbox 1363 412 1592 452; x_wconf 88' lang='lat' dir='ltr'>nocturnas</span> <span class='ocrx_word' id='word_1_24' title='bbox 1625 407 1909 461; x_wconf 80' lang='lat' dir='ltr'>evagationes,</span> 
     </span>
     <span class='ocr_line' id='line_1_5' title="bbox 197 482 1910 553; baseline -0.012 -12"><span class='ocrx_word' id='word_1_25' title='bbox 197 499 365 553; x_wconf 88' lang='lat' dir='ltr'>publica</span> <span class='ocrx_word' id='word_1_26' title='bbox 397 496 593 549; x_wconf 75' lang='lat' dir='ltr'>hospitia,</span> <span class='ocrx_word' id='word_1_27' title='bbox 626 494 748 536; x_wconf 87' lang='lat' dir='ltr'>ludos</span> <span class='ocrx_word' id='word_1_28' title='bbox 781 492 1025 534; x_wconf 85' lang='lat' dir='ltr'>inhonestos</span> <span class='ocrx_word' id='word_1_29' title='bbox 1057 494 1099 531; x_wconf 89' lang='lat' dir='ltr'>et</span> <span class='ocrx_word' id='word_1_30' title='bbox 1121 487 1466 542; x_wconf 78' lang='lat' dir='ltr'>compotationes,</span> <span class='ocrx_word' id='word_1_31' title='bbox 1499 484 1680 536; x_wconf 91' lang='lat' dir='ltr'>denique</span> <span class='ocrx_word' id='word_1_32' title='bbox 1702 482 1910 524; x_wconf 88' lang='lat' dir='ltr'>malorum</span> 
     </span>
    </p>
   </div>
   <div class='ocr_carea' id='block_1_4' title="bbox 196 569 1911 695">
    <p class='ocr_par' dir='ltr' id='par_1_4' title="bbox 196 569 1911 695">
     <span class='ocr_line' id='line_1_6' title="bbox 196 569 668 616; baseline -0.015 0"><span class='ocrx_word' id='word_1_33' title='bbox 196 574 411 616; x_wconf 88' lang='lat' dir='ltr'>hominum</span> <span class='ocrx_word' id='word_1_34' title='bbox 444 569 668 612; x_wconf 84' lang='lat' dir='ltr'>consortia.</span> 
     </span>
     <span class='ocr_line' id='line_1_7' title="bbox 336 631 1911 695; baseline -0.009 -9"><span class='ocrx_word' id='word_1_35' title='bbox 336 649 372 687; x_wconf 75' lang='lat'>7.</span> <span class='ocrx_word' id='word_1_36' title='bbox 421 644 573 686; x_wconf 89' lang='lat' dir='ltr'>Nullus</span> <span class='ocrx_word' id='word_1_37' title='bbox 607 654 839 695; x_wconf 83' lang='lat' dir='ltr'>pauperum</span> <span class='ocrx_word' id='word_1_38' title='bbox 872 639 1230 682; x_wconf 83' lang='lat' dir='ltr'>Scholasticorum</span> <span class='ocrx_word' id='word_1_39' title='bbox 1262 642 1504 679; x_wconf 85' lang='lat' dir='ltr'>nostrorum</span> <span class='ocrx_word' id='word_1_40' title='bbox 1527 635 1567 676; x_wconf 90' lang='lat' dir='ltr'>in</span> <span class='ocrx_word' id='word_1_41' title='bbox 1592 633 1696 675; x_wconf 88' lang='lat' dir='ltr'>urbe</span> <span class='ocrx_word' id='word_1_42' title='bbox 1725 631 1911 673; x_wconf 77' lang='lat' dir='ltr'>ostiatim</span> 
     </span>
    </p>
   </div>
   <div class='ocr_carea' id='block_1_5' title="bbox 196 707 1921 2428">
    <p class='ocr_par' dir='ltr' id='par_1_5' title="bbox 196 707 1918 920">
     <span class='ocr_line' id='line_1_8' title="bbox 197 707 1918 775; baseline -0.009 -11"><span class='ocrx_word' id='word_1_43' title='bbox 197 722 347 775; x_wconf 83' lang='lat' dir='ltr'>stipem</span> <span class='ocrx_word' id='word_1_44' title='bbox 381 718 589 762; x_wconf 87' lang='lat' dir='ltr'>cantando</span> <span class='ocrx_word' id='word_1_45' title='bbox 622 717 685 758; x_wconf 88' lang='lat' dir='ltr'>vel</span> <span class='ocrx_word' id='word_1_46' title='bbox 709 715 856 768; x_wconf 89' lang='lat' dir='ltr'>quovis</span> <span class='ocrx_word' id='word_1_47' title='bbox 880 715 960 756; x_wconf 85' lang='lat' dir='ltr'>alio</span> <span class='ocrx_word' id='word_1_48' title='bbox 983 714 1106 755; x_wconf 92' lang='lat' dir='ltr'>modo</span> <span class='ocrx_word' id='word_1_49' title='bbox 1131 713 1301 765; x_wconf 87' lang='lat' dir='ltr'>colligat</span> <span class='ocrx_word' id='word_1_50' title='bbox 1322 713 1481 764; x_wconf 89' lang='lat' dir='ltr'>absque</span> <span class='ocrx_word' id='word_1_51' title='bbox 1503 721 1701 763; x_wconf 81' lang='lat' dir='ltr'>expressa</span> <span class='ocrx_word' id='word_1_52' title='bbox 1722 708 1766 749; x_wconf 88' lang='lat' dir='ltr'>P.</span> <span class='ocrx_word' id='word_1_53' title='bbox 1792 707 1918 749; x_wconf 87' lang='lat' dir='ltr'>Prae-</span> 
     </span>
     <span class='ocr_line' id='line_1_9' title="bbox 197 783 1914 849; baseline -0.008 -11"><span class='ocrx_word' id='word_1_54' title='bbox 197 796 294 838; x_wconf 80' lang='lat' dir='ltr'>fecti</span> <span class='ocrx_word' id='word_1_55' title='bbox 334 795 556 849; x_wconf 69' lang='lat' dir='ltr'>facultate,</span> <span class='ocrx_word' id='word_1_56' title='bbox 596 792 670 834; x_wconf 91' lang='lat' dir='ltr'>sed</span> <span class='ocrx_word' id='word_1_57' title='bbox 713 790 897 833; x_wconf 87' lang='lat' dir='ltr'>contenti</span> <span class='ocrx_word' id='word_1_58' title='bbox 932 790 1074 831; x_wconf 79' lang='lat' dir='ltr'>vivant</span> <span class='ocrx_word' id='word_1_59' title='bbox 1105 801 1155 829; x_wconf 89' lang='lat' dir='ltr'>ea</span> <span class='ocrx_word' id='word_1_60' title='bbox 1187 788 1470 841; x_wconf 70' lang='lat' dir='ltr'>eleemosyna,</span> <span class='ocrx_word' id='word_1_61' title='bbox 1511 797 1619 838; x_wconf 90' lang='lat' dir='ltr'>quae</span> <span class='ocrx_word' id='word_1_62' title='bbox 1652 785 1693 826; x_wconf 90' lang='lat' dir='ltr'>in</span> <span class='ocrx_word' id='word_1_63' title='bbox 1725 783 1914 837; x_wconf 87' lang='lat' dir='ltr'>singulas</span> 
     </span>
     <span class='ocr_line' id='line_1_10' title="bbox 196 866 879 920; baseline -0.012 -7"><span class='ocrx_word' id='word_1_64' title='bbox 196 869 481 913; x_wconf 77' lang='lat' dir='ltr'>hebdomades</span> <span class='ocrx_word' id='word_1_65' title='bbox 514 868 665 920; x_wconf 89' lang='lat' dir='ltr'>cuique</span> <span class='ocrx_word' id='word_1_66' title='bbox 697 866 879 907; x_wconf 89' lang='lat' dir='ltr'>dabitur.</span> 
     </span>
    </p>

    <p class='ocr_par' dir='ltr' id='par_1_6' title="bbox 198 934 1918 1223">
     <span class='ocr_line' id='line_1_11' title="bbox 336 934 1915 990; baseline -0.007 -4"><span class='ocrx_word' id='word_1_67' title='bbox 336 946 373 987; x_wconf 80' lang='lat'>8.</span> <span class='ocrx_word' id='word_1_68' title='bbox 423 944 718 986; x_wconf 88' lang='lat' dir='ltr'>Constituatur</span> <span class='ocrx_word' id='word_1_69' title='bbox 759 953 868 982; x_wconf 88' lang='lat' dir='ltr'>unus</span> <span class='ocrx_word' id='word_1_70' title='bbox 908 952 956 981; x_wconf 86' lang='lat' dir='ltr'>ex</span> <span class='ocrx_word' id='word_1_71' title='bbox 999 938 1263 989; x_wconf 79' lang='lat' dir='ltr'>cantoribus,</span> <span class='ocrx_word' id='word_1_72' title='bbox 1305 937 1375 990; x_wconf 91' lang='lat' dir='ltr'>qui</span> <span class='ocrx_word' id='word_1_73' title='bbox 1416 940 1604 978; x_wconf 88' lang='lat' dir='ltr'>caeteros</span> <span class='ocrx_word' id='word_1_74' title='bbox 1637 935 1813 988; x_wconf 89' lang='lat' dir='ltr'>singulis</span> <span class='ocrx_word' id='word_1_75' title='bbox 1846 934 1915 975; x_wconf 90' lang='lat' dir='ltr'>do-</span> 
     </span>
     <span class='ocr_line' id='line_1_12' title="bbox 198 1010 1918 1071; baseline -0.008 -8"><span class='ocrx_word' id='word_1_76' title='bbox 198 1021 387 1071; x_wconf 70' lang='lat' dir='ltr'>minicis,</span> <span class='ocrx_word' id='word_1_77' title='bbox 419 1019 538 1061; x_wconf 84' lang='lat' dir='ltr'>festis</span> <span class='ocrx_word' id='word_1_78' title='bbox 571 1022 614 1059; x_wconf 90' lang='lat' dir='ltr'>et</span> <span class='ocrx_word' id='word_1_79' title='bbox 653 1015 925 1059; x_wconf 81' lang='lat' dir='ltr'>recreationis</span> <span class='ocrx_word' id='word_1_80' title='bbox 959 1015 1105 1056; x_wconf 88' lang='lat' dir='ltr'>diebus</span> <span class='ocrx_word' id='word_1_81' title='bbox 1146 1014 1187 1055; x_wconf 90' lang='lat' dir='ltr'>in</span> <span class='ocrx_word' id='word_1_82' title='bbox 1228 1017 1355 1055; x_wconf 87' lang='lat' dir='ltr'>cantu</span> <span class='ocrx_word' id='word_1_83' title='bbox 1394 1025 1470 1066; x_wconf 92' lang='lat' dir='ltr'>per</span> <span class='ocrx_word' id='word_1_84' title='bbox 1511 1012 1656 1054; x_wconf 88' lang='lat' dir='ltr'>horam</span> <span class='ocrx_word' id='word_1_85' title='bbox 1696 1010 1862 1052; x_wconf 80' lang='lat' dir='ltr'>circiter</span> <span class='ocrx_word' id='word_1_86' title='bbox 1893 1021 1918 1050; x_wconf 87' lang='lat' dir='ltr'>a</span> 
     </span>
     <span class='ocr_line' id='line_1_13' title="bbox 199 1085 1914 1150; baseline -0.007 -12"><span class='ocrx_word' id='word_1_87' title='bbox 199 1096 375 1150; x_wconf 88' lang='lat' dir='ltr'>prandio</span> <span class='ocrx_word' id='word_1_88' title='bbox 408 1098 621 1142; x_wconf 75' lang='lat' dir='ltr'>exerceat3</span> <span class='ocrx_word' id='word_1_89' title='bbox 656 1093 708 1135; x_wconf 89' lang='lat' dir='ltr'>ad</span> <span class='ocrx_word' id='word_1_90' title='bbox 740 1105 878 1145; x_wconf 74' lang='lat' dir='ltr'>quem,</span> <span class='ocrx_word' id='word_1_91' title='bbox 912 1103 1006 1133; x_wconf 88' lang='lat' dir='ltr'>cum</span> <span class='ocrx_word' id='word_1_92' title='bbox 1029 1090 1307 1139; x_wconf 74' lang='lat' dir='ltr'>vocabuntur,</span> <span class='ocrx_word' id='word_1_93' title='bbox 1341 1101 1484 1130; x_wconf 91' lang='lat' dir='ltr'>omnes</span> <span class='ocrx_word' id='word_1_94' title='bbox 1508 1088 1690 1129; x_wconf 90' lang='lat' dir='ltr'>aderunt</span> <span class='ocrx_word' id='word_1_95' title='bbox 1711 1090 1753 1128; x_wconf 89' lang='lat' dir='ltr'>et</span> <span class='ocrx_word' id='word_1_96' title='bbox 1781 1085 1914 1127; x_wconf 88' lang='lat' dir='ltr'>eidem</span> 
     </span>
     <span class='ocr_line' id='line_1_14' title="bbox 199 1168 774 1223; baseline -0.007 -10"><span class='ocrx_word' id='word_1_97' title='bbox 199 1171 378 1214; x_wconf 86' lang='lat' dir='ltr'>libenter</span> <span class='ocrx_word' id='word_1_98' title='bbox 410 1168 774 1223; x_wconf 90' lang='lat' dir='ltr'>obtemperabunt.</span> 
     </span>
    </p>

    <p class='ocr_par' dir='ltr' id='par_1_7' title="bbox 200 1237 1918 1524">
     <span class='ocr_line' id='line_1_15' title="bbox 336 1237 1916 1297; baseline -0.006 -10"><span class='ocrx_word' id='word_1_99' title='bbox 336 1248 374 1287; x_wconf 83' lang='lat'>9.</span> <span class='ocrx_word' id='word_1_100' title='bbox 423 1244 672 1286; x_wconf 90' lang='lat' dir='ltr'>Munditiem</span> <span class='ocrx_word' id='word_1_101' title='bbox 711 1242 960 1297; x_wconf 81' lang='lat' dir='ltr'>servabunt,</span> <span class='ocrx_word' id='word_1_102' title='bbox 1002 1243 1090 1282; x_wconf 88' lang='lat' dir='ltr'>tam</span> <span class='ocrx_word' id='word_1_103' title='bbox 1129 1240 1240 1282; x_wconf 89' lang='lat' dir='ltr'>circa</span> <span class='ocrx_word' id='word_1_104' title='bbox 1277 1239 1438 1292; x_wconf 89' lang='lat' dir='ltr'>seipsos</span> <span class='ocrx_word' id='word_1_105' title='bbox 1477 1250 1604 1291; x_wconf 87' lang='lat' dir='ltr'>quam</span> <span class='ocrx_word' id='word_1_106' title='bbox 1637 1237 1747 1279; x_wconf 88' lang='lat' dir='ltr'>circa</span> <span class='ocrx_word' id='word_1_107' title='bbox 1778 1239 1916 1278; x_wconf 90' lang='lat' dir='ltr'>vestes</span> 
     </span>
     <span class='ocr_line' id='line_1_16' title="bbox 200 1311 1918 1369; baseline -0.006 -6"><span class='ocrx_word' id='word_1_108' title='bbox 200 1326 242 1364; x_wconf 92' lang='lat' dir='ltr'>et</span> <span class='ocrx_word' id='word_1_109' title='bbox 272 1320 588 1363; x_wconf 85' lang='lat' dir='ltr'>habitationem.</span> <span class='ocrx_word' id='word_1_110' title='bbox 644 1318 793 1360; x_wconf 91' lang='lat' dir='ltr'>Libros</span> <span class='ocrx_word' id='word_1_111' title='bbox 826 1330 874 1359; x_wconf 83' lang='lat' dir='ltr'>ex</span> <span class='ocrx_word' id='word_1_112' title='bbox 906 1317 1011 1359; x_wconf 89' lang='lat' dir='ltr'>cista</span> <span class='ocrx_word' id='word_1_113' title='bbox 1043 1328 1278 1369; x_wconf 89' lang='lat' dir='ltr'>pauperum</span> <span class='ocrx_word' id='word_1_114' title='bbox 1311 1315 1391 1356; x_wconf 90' lang='lat' dir='ltr'>sibi</span> <span class='ocrx_word' id='word_1_115' title='bbox 1423 1314 1544 1355; x_wconf 89' lang='lat' dir='ltr'>datos</span> <span class='ocrx_word' id='word_1_116' title='bbox 1577 1312 1756 1354; x_wconf 89' lang='lat' dir='ltr'>mundos</span> <span class='ocrx_word' id='word_1_117' title='bbox 1788 1314 1831 1353; x_wconf 86' lang='lat' dir='ltr'>et</span> <span class='ocrx_word' id='word_1_118' title='bbox 1858 1311 1918 1352; x_wconf 89' lang='lat' dir='ltr'>in-</span> 
     </span>
     <span class='ocr_line' id='line_1_17' title="bbox 200 1387 1916 1450; baseline -0.007 -11"><span class='ocrx_word' id='word_1_119' title='bbox 200 1402 342 1450; x_wconf 89' lang='lat' dir='ltr'>tegros</span> <span class='ocrx_word' id='word_1_120' title='bbox 375 1408 544 1437; x_wconf 89' lang='lat' dir='ltr'>servare</span> <span class='ocrx_word' id='word_1_121' title='bbox 577 1393 823 1443; x_wconf 70' lang='lat' dir='ltr'>studebunt,</span> <span class='ocrx_word' id='word_1_122' title='bbox 856 1394 904 1433; x_wconf 88' lang='lat' dir='ltr'>ut</span> <span class='ocrx_word' id='word_1_123' title='bbox 935 1391 1026 1444; x_wconf 86' lang='lat' dir='ltr'>alijs</span> <span class='ocrx_word' id='word_1_124' title='bbox 1060 1403 1228 1443; x_wconf 90' lang='lat' dir='ltr'>quoque</span> <span class='ocrx_word' id='word_1_125' title='bbox 1260 1392 1407 1442; x_wconf 89' lang='lat' dir='ltr'>postea</span> <span class='ocrx_word' id='word_1_126' title='bbox 1430 1389 1524 1430; x_wconf 92' lang='lat' dir='ltr'>usui</span> <span class='ocrx_word' id='word_1_127' title='bbox 1547 1401 1638 1430; x_wconf 92' lang='lat' dir='ltr'>esse</span> <span class='ocrx_word' id='word_1_128' title='bbox 1660 1387 1842 1441; x_wconf 79' lang='lat' dir='ltr'>possint3</span> <span class='ocrx_word' id='word_1_129' title='bbox 1874 1389 1916 1427; x_wconf 86' lang='lat' dir='ltr'>et</span> 
     </span>
     <span class='ocr_line' id='line_1_18' title="bbox 200 1465 1514 1524; baseline -0.006 -11"><span class='ocrx_word' id='word_1_130' title='bbox 200 1472 276 1513; x_wconf 90' lang='lat' dir='ltr'>hos</span> <span class='ocrx_word' id='word_1_131' title='bbox 307 1472 419 1524; x_wconf 90' lang='lat' dir='ltr'>ipsos</span> <span class='ocrx_word' id='word_1_132' title='bbox 454 1469 610 1512; x_wconf 89' lang='lat' dir='ltr'>abituri</span> <span class='ocrx_word' id='word_1_133' title='bbox 642 1468 759 1510; x_wconf 88' lang='lat' dir='ltr'>Patri</span> <span class='ocrx_word' id='word_1_134' title='bbox 790 1467 1031 1520; x_wconf 86' lang='lat' dir='ltr'>Pauperum</span> <span class='ocrx_word' id='word_1_135' title='bbox 1063 1465 1243 1507; x_wconf 90' lang='lat' dir='ltr'>fideliter</span> <span class='ocrx_word' id='word_1_136' title='bbox 1276 1465 1514 1506; x_wconf 86' lang='lat' dir='ltr'>restituent.</span> 
     </span>
    </p>

    <p class='ocr_par' dir='ltr' id='par_1_8' title="bbox 200 1537 1920 1899">
     <span class='ocr_line' id='line_1_19' title="bbox 340 1537 1917 1596; baseline -0.006 -9"><span class='ocrx_word' id='word_1_137' title='bbox 340 1547 402 1588; x_wconf 89' lang='grc'>10.</span> <span class='ocrx_word' id='word_1_138' title='bbox 453 1545 581 1587; x_wconf 83' lang='lat' dir='ltr'>Sacro</span> <span class='ocrx_word' id='word_1_139' title='bbox 614 1543 800 1596; x_wconf 85' lang='lat' dir='ltr'>quotidie</span> <span class='ocrx_word' id='word_1_140' title='bbox 834 1555 918 1595; x_wconf 89' lang='lat' dir='ltr'>qua</span> <span class='ocrx_word' id='word_1_141' title='bbox 950 1554 1027 1594; x_wconf 86' lang='lat' dir='ltr'>par</span> <span class='ocrx_word' id='word_1_142' title='bbox 1059 1544 1124 1582; x_wconf 87' lang='lat' dir='ltr'>est</span> <span class='ocrx_word' id='word_1_143' title='bbox 1152 1540 1324 1593; x_wconf 76' lang='lat' dir='ltr'>pietate,</span> <span class='ocrx_word' id='word_1_144' title='bbox 1358 1542 1401 1581; x_wconf 89' lang='lat' dir='ltr'>et</span> <span class='ocrx_word' id='word_1_145' title='bbox 1422 1539 1544 1580; x_wconf 89' lang='lat' dir='ltr'>statis</span> <span class='ocrx_word' id='word_1_146' title='bbox 1568 1538 1715 1579; x_wconf 90' lang='lat' dir='ltr'>diebus</span> <span class='ocrx_word' id='word_1_147' title='bbox 1739 1537 1917 1590; x_wconf 81' lang='lat' dir='ltr'>Litanijs</span> 
     </span>
     <span class='ocr_line' id='line_1_20' title="bbox 200 1612 1918 1671; baseline -0.006 -7"><span class='ocrx_word' id='word_1_148' title='bbox 200 1621 474 1664; x_wconf 82' lang='lat' dir='ltr'>decantandis</span> <span class='ocrx_word' id='word_1_149' title='bbox 506 1622 757 1671; x_wconf 74' lang='lat' dir='ltr'>intererunt,</span> <span class='ocrx_word' id='word_1_150' title='bbox 790 1623 837 1661; x_wconf 91' lang='lat' dir='ltr'>ut</span> <span class='ocrx_word' id='word_1_151' title='bbox 868 1619 995 1661; x_wconf 90' lang='lat' dir='ltr'>etiam</span> <span class='ocrx_word' id='word_1_152' title='bbox 1019 1618 1166 1659; x_wconf 85' lang='lat' dir='ltr'>diebus</span> <span class='ocrx_word' id='word_1_153' title='bbox 1190 1616 1400 1659; x_wconf 90' lang='lat' dir='ltr'>consuetis</span> <span class='ocrx_word' id='word_1_154' title='bbox 1424 1614 1706 1657; x_wconf 84' lang='lat' dir='ltr'>concionibus.</span> <span class='ocrx_word' id='word_1_155' title='bbox 1764 1612 1918 1654; x_wconf 83' lang='lat' dir='ltr'>Omnes</span> 
     </span>
     <span class='ocr_line' id='line_1_21' title="bbox 201 1688 1917 1752; baseline -0.006 -13"><span class='ocrx_word' id='word_1_156' title='bbox 201 1701 356 1752; x_wconf 74' lang='lat' dir='ltr'>autem,</span> <span class='ocrx_word' id='word_1_157' title='bbox 391 1700 597 1750; x_wconf 88' lang='lat' dir='ltr'>quantum</span> <span class='ocrx_word' id='word_1_158' title='bbox 630 1708 705 1748; x_wconf 89' lang='lat' dir='ltr'>per</span> <span class='ocrx_word' id='word_1_159' title='bbox 732 1698 915 1736; x_wconf 87' lang='lat' dir='ltr'>aetatem</span> <span class='ocrx_word' id='word_1_160' title='bbox 937 1694 1049 1748; x_wconf 67' lang='lat' dir='ltr'>licet,</span> <span class='ocrx_word' id='word_1_161' title='bbox 1082 1692 1306 1734; x_wconf 82' lang='lat' dir='ltr'>Sodalitati</span> <span class='ocrx_word' id='word_1_162' title='bbox 1329 1692 1374 1732; x_wconf 92' lang='lat' dir='ltr'>B.</span> <span class='ocrx_word' id='word_1_163' title='bbox 1402 1690 1586 1742; x_wconf 86' lang='lat' dir='ltr'>Virginis</span> <span class='ocrx_word' id='word_1_164' title='bbox 1609 1688 1917 1741; x_wconf 78' lang='lat' dir='ltr'>adscribentur,</span> 
     </span>
     <span class='ocr_line' id='line_1_22' title="bbox 201 1763 1920 1824; baseline -0.006 -10"><span class='ocrx_word' id='word_1_165' title='bbox 201 1775 242 1814; x_wconf 89' lang='lat' dir='ltr'>et</span> <span class='ocrx_word' id='word_1_166' title='bbox 282 1772 458 1824; x_wconf 86' lang='lat' dir='ltr'>singulis</span> <span class='ocrx_word' id='word_1_167' title='bbox 500 1770 714 1813; x_wconf 88' lang='lat' dir='ltr'>mensibus</span> <span class='ocrx_word' id='word_1_168' title='bbox 754 1772 828 1811; x_wconf 87' lang='lat' dir='ltr'>aut</span> <span class='ocrx_word' id='word_1_169' title='bbox 869 1769 994 1811; x_wconf 89' lang='lat' dir='ltr'>etiam</span> <span class='ocrx_word' id='word_1_170' title='bbox 1037 1768 1206 1821; x_wconf 87' lang='lat' dir='ltr'>saepius</span> <span class='ocrx_word' id='word_1_171' title='bbox 1245 1766 1519 1809; x_wconf 79' lang='lat' dir='ltr'>Sacramenta</span> <span class='ocrx_word' id='word_1_172' title='bbox 1564 1763 1834 1807; x_wconf 86' lang='lat' dir='ltr'>confessionis</span> <span class='ocrx_word' id='word_1_173' title='bbox 1878 1766 1920 1803; x_wconf 90' lang='lat' dir='ltr'>et</span> 
     </span>
     <span class='ocr_line' id='line_1_23' title="bbox 201 1845 879 1899; baseline -0.003 -11"><span class='ocrx_word' id='word_1_174' title='bbox 201 1846 504 1888; x_wconf 87' lang='lat' dir='ltr'>communionis</span> <span class='ocrx_word' id='word_1_175' title='bbox 536 1845 879 1899; x_wconf 86' lang='lat' dir='ltr'>frequentabunt.</span> 
     </span>
    </p>

    <p class='ocr_par' dir='ltr' id='par_1_9' title="bbox 201 1915 1921 2116">
     <span class='ocr_line' id='line_1_24' title="bbox 343 1915 1921 1974; baseline -0.005 -10"><span class='ocrx_word' id='word_1_176' title='bbox 343 1925 405 1964; x_wconf 85' lang='lat'>11.</span> <span class='ocrx_word' id='word_1_177' title='bbox 455 1922 579 1963; x_wconf 90' lang='lat' dir='ltr'>Mane</span> <span class='ocrx_word' id='word_1_178' title='bbox 610 1924 832 1974; x_wconf 83' lang='lat' dir='ltr'>surgentes</span> <span class='ocrx_word' id='word_1_179' title='bbox 865 1920 1048 1961; x_wconf 88' lang='lat' dir='ltr'>orabunt</span> <span class='ocrx_word' id='word_1_180' title='bbox 1078 1919 1316 1973; x_wconf 83' lang='lat' dir='ltr'>quadrante</span> <span class='ocrx_word' id='word_1_181' title='bbox 1347 1917 1475 1959; x_wconf 88' lang='lat' dir='ltr'>horae</span> <span class='ocrx_word' id='word_1_182' title='bbox 1506 1916 1622 1958; x_wconf 85' lang='lat' dir='ltr'>flexis</span> <span class='ocrx_word' id='word_1_183' title='bbox 1654 1915 1845 1971; x_wconf 73' lang='lat' dir='ltr'>genibus,</span> <span class='ocrx_word' id='word_1_184' title='bbox 1878 1917 1921 1955; x_wconf 92' lang='lat' dir='ltr'>et</span> 
     </span>
     <span class='ocr_line' id='line_1_25' title="bbox 202 1992 1920 2051; baseline -0.004 -12"><span class='ocrx_word' id='word_1_185' title='bbox 202 1998 368 2051; x_wconf 89' lang='lat' dir='ltr'>vesperi</span> <span class='ocrx_word' id='word_1_186' title='bbox 391 1997 579 2039; x_wconf 86' lang='lat' dir='ltr'>cubitum</span> <span class='ocrx_word' id='word_1_187' title='bbox 602 1997 805 2039; x_wconf 86' lang='lat' dir='ltr'>abeuntes</span> <span class='ocrx_word' id='word_1_188' title='bbox 828 2009 903 2050; x_wconf 85' lang='lat' dir='ltr'>per</span> <span class='ocrx_word' id='word_1_189' title='bbox 924 1995 1104 2037; x_wconf 87' lang='lat' dir='ltr'>alterum</span> <span class='ocrx_word' id='word_1_190' title='bbox 1128 1994 1409 2048; x_wconf 87' lang='lat' dir='ltr'>quadrantem</span> <span class='ocrx_word' id='word_1_191' title='bbox 1426 1992 1724 2034; x_wconf 87' lang='lat' dir='ltr'>conscientiam</span> <span class='ocrx_word' id='word_1_192' title='bbox 1742 1992 1920 2044; x_wconf 85' lang='lat' dir='ltr'>quisque</span> 
     </span>
     <span class='ocr_line' id='line_1_26' title="bbox 201 2073 619 2116; baseline -0.002 -1"><span class='ocrx_word' id='word_1_193' title='bbox 201 2086 321 2116; x_wconf 88' lang='lat' dir='ltr'>suam</span> <span class='ocrx_word' id='word_1_194' title='bbox 353 2073 619 2115; x_wconf 88' lang='lat' dir='ltr'>examinabit.</span> 
     </span>
    </p>

    <p class='ocr_par' dir='ltr' id='par_1_10' title="bbox 201 2142 1921 2428">
     <span class='ocr_line' id='line_1_27' title="bbox 342 2142 1920 2203; baseline -0.004 -13"><span class='ocrx_word' id='word_1_195' title='bbox 342 2150 405 2190; x_wconf 77' lang='lat'>12.</span> <span class='ocrx_word' id='word_1_196' title='bbox 457 2149 535 2190; x_wconf 86' lang='lat' dir='ltr'>Pro</span> <span class='ocrx_word' id='word_1_197' title='bbox 567 2147 926 2203; x_wconf 76' lang='lat' dir='ltr'>benefactoribus,</span> <span class='ocrx_word' id='word_1_198' title='bbox 968 2150 1056 2188; x_wconf 88' lang='lat' dir='ltr'>tam</span> <span class='ocrx_word' id='word_1_199' title='bbox 1088 2146 1191 2188; x_wconf 86' lang='lat' dir='ltr'>vivis</span> <span class='ocrx_word' id='word_1_200' title='bbox 1224 2158 1351 2200; x_wconf 88' lang='lat' dir='ltr'>quam</span> <span class='ocrx_word' id='word_1_201' title='bbox 1383 2145 1616 2200; x_wconf 78' lang='lat' dir='ltr'>defunctis,</span> <span class='ocrx_word' id='word_1_202' title='bbox 1659 2143 1797 2187; x_wconf 88' lang='lat' dir='ltr'>orabit</span> <span class='ocrx_word' id='word_1_203' title='bbox 1829 2142 1920 2195; x_wconf 91' lang='lat' dir='ltr'>qui-</span> 
     </span>
     <span class='ocr_line' id='line_1_28' title="bbox 201 2218 1921 2277; baseline -0.003 -11"><span class='ocrx_word' id='word_1_204' title='bbox 201 2225 304 2266; x_wconf 90' lang='lat' dir='ltr'>libet</span> <span class='ocrx_word' id='word_1_205' title='bbox 345 2224 535 2277; x_wconf 88' lang='lat' dir='ltr'>quotidie</span> <span class='ocrx_word' id='word_1_206' title='bbox 565 2224 781 2266; x_wconf 89' lang='lat' dir='ltr'>Psalmum</span> <span class='ocrx_word' id='word_1_207' title='bbox 813 2223 1015 2265; x_wconf 88' lang='lat' dir='ltr'>Miserere</span> <span class='ocrx_word' id='word_1_208' title='bbox 1057 2223 1119 2263; x_wconf 92' lang='lat' dir='ltr'>vel</span> <span class='ocrx_word' id='word_1_209' title='bbox 1158 2235 1289 2263; x_wconf 87' lang='lat' dir='ltr'>unum</span> <span class='ocrx_word' id='word_1_210' title='bbox 1327 2235 1349 2263; x_wconf 94' lang='lat' dir='ltr'>e</span> <span class='ocrx_word' id='word_1_211' title='bbox 1380 2225 1541 2275; x_wconf 87' lang='lat' dir='ltr'>septem</span> <span class='ocrx_word' id='word_1_212' title='bbox 1575 2220 1747 2274; x_wconf 86' lang='lat' dir='ltr'>psalmis</span> <span class='ocrx_word' id='word_1_213' title='bbox 1780 2218 1921 2272; x_wconf 91' lang='lat' dir='ltr'>poeni-</span> 
     </span>
     <span class='ocr_line' id='line_1_29' title="bbox 202 2295 1920 2353; baseline -0.003 -12"><span class='ocrx_word' id='word_1_214' title='bbox 202 2300 446 2342; x_wconf 89' lang='lat' dir='ltr'>tentialibus</span> <span class='ocrx_word' id='word_1_215' title='bbox 469 2299 700 2342; x_wconf 88' lang='lat' dir='ltr'>secundum</span> <span class='ocrx_word' id='word_1_216' title='bbox 723 2298 927 2353; x_wconf 76' lang='lat' dir='ltr'>ordinem,</span> <span class='ocrx_word' id='word_1_217' title='bbox 946 2300 988 2339; x_wconf 91' lang='lat' dir='ltr'>et</span> <span class='ocrx_word' id='word_1_218' title='bbox 1010 2298 1076 2339; x_wconf 91' lang='lat' dir='ltr'>die</span> <span class='ocrx_word' id='word_1_219' title='bbox 1095 2297 1270 2339; x_wconf 78' lang='lat' dir='ltr'>Sabbati</span> <span class='ocrx_word' id='word_1_220' title='bbox 1293 2297 1422 2338; x_wconf 91' lang='lat' dir='ltr'>addet</span> <span class='ocrx_word' id='word_1_221' title='bbox 1440 2296 1628 2338; x_wconf 88' lang='lat' dir='ltr'>Litanias</span> <span class='ocrx_word' id='word_1_222' title='bbox 1647 2295 1920 2345; x_wconf 76' lang='lat' dir='ltr'>Sanctorum3</span> 
     </span>
     <span class='ocr_line' id='line_1_30' title="bbox 204 2372 1658 2428; baseline -0.003 -10"><span class='ocrx_word' id='word_1_223' title='bbox 204 2377 303 2418; x_wconf 88' lang='lat' dir='ltr'>item</span> <span class='ocrx_word' id='word_1_224' title='bbox 336 2380 401 2418; x_wconf 90' lang='lat' dir='ltr'>ter</span> <span class='ocrx_word' id='word_1_225' title='bbox 431 2377 655 2418; x_wconf 85' lang='lat' dir='ltr'>Rosarium</span> <span class='ocrx_word' id='word_1_226' title='bbox 687 2375 733 2416; x_wconf 89' lang='lat' dir='ltr'>B.</span> <span class='ocrx_word' id='word_1_227' title='bbox 760 2375 942 2428; x_wconf 85' lang='lat' dir='ltr'>Virginis</span> <span class='ocrx_word' id='word_1_228' title='bbox 976 2373 1124 2427; x_wconf 85' lang='lat' dir='ltr'>quavis</span> <span class='ocrx_word' id='word_1_229' title='bbox 1158 2373 1420 2415; x_wconf 88' lang='lat' dir='ltr'>hebdomade</span> <span class='ocrx_word' id='word_1_230' title='bbox 1452 2372 1658 2414; x_wconf 88' lang='lat' dir='ltr'>recitabit.</span> 
     </span>
    </p>
   </div>
   <div class='ocr_carea' id='block_1_6' title="bbox 964 2549 1166 2556">
    <p class='ocr_par' dir='ltr' id='par_1_11' title="bbox 964 2549 1166 2556">
     <span class='ocr_line' id='line_1_31' title="bbox 964 2549 1166 2556; baseline -0.01 -2"><span class='ocrx_word' id='word_1_231' title='bbox 964 2549 1166 2556; x_wconf 61' lang='lat'>--—-—————</span> 
     </span>
    </p>
   </div>
   <div class='ocr_carea' id='block_1_7' title="bbox 237 2685 1896 2919">
    <p class='ocr_par' dir='ltr' id='par_1_12' title="bbox 237 2685 1896 2919">
     <span class='ocr_line' id='line_1_32' title="bbox 237 2685 1896 2754; baseline -0.003 -18"><span class='ocrx_word' id='word_1_232' title='bbox 237 2689 546 2737; x_wconf 75' lang='lat' dir='ltr'>Directiones</span> <span class='ocrx_word' id='word_1_233' title='bbox 586 2688 784 2753; x_wconf 83' lang='lat' dir='ltr'>aliquae</span> <span class='ocrx_word' id='word_1_234' title='bbox 825 2707 912 2754; x_wconf 80' lang='lat' dir='ltr'>pro</span> <span class='ocrx_word' id='word_1_235' title='bbox 957 2688 1099 2737; x_wconf 83' lang='lat' dir='ltr'>Patre</span> <span class='ocrx_word' id='word_1_236' title='bbox 1138 2705 1417 2754; x_wconf 87' lang='lat' dir='ltr'>pauperum</span> <span class='ocrx_word' id='word_1_237' title='bbox 1457 2685 1896 2735; x_wconf 81' lang='lat' dir='ltr'>Scholasticorum.</span> 
     </span>
     <span class='ocr_line' id='line_1_33' title="bbox 1005 2783 1126 2823; baseline -0.008 0"><span class='ocrx_word' id='word_1_238' title='bbox 1005 2783 1126 2823; x_wconf 85' lang='grc'><strong>1609.</strong></span> 
     </span>
     <span class='ocr_line' id='line_1_34' title="bbox 872 2873 1257 2919; baseline -0.003 -10"><span class='ocrx_word' id='word_1_239' title='bbox 872 2874 993 2919; x_wconf 83' lang='lat' dir='ltr'>(Ibid.</span> <span class='ocrx_word' id='word_1_240' title='bbox 1018 2873 1092 2909; x_wconf 85' lang='lat' dir='ltr'>fol.</span> <span class='ocrx_word' id='word_1_241' title='bbox 1117 2873 1192 2908; x_wconf 85' lang='lat'>348</span> <span class='ocrx_word' id='word_1_242' title='bbox 1202 2873 1257 2917; x_wconf 79' lang='lat' dir='ltr'>b.)</span> 
     </span>
    </p>
   </div>
   <div class='ocr_carea' id='block_1_8' title="bbox 206 2984 1920 3195">
    <p class='ocr_par' dir='ltr' id='par_1_13' title="bbox 206 2984 1920 3195">
     <span class='ocr_line' id='line_1_35' title="bbox 349 2984 1920 3043; baseline -0.003 -14"><span class='ocrx_word' id='word_1_243' title='bbox 349 2992 381 3030; x_wconf 91' lang='lat'>1.</span> <span class='ocrx_word' id='word_1_244' title='bbox 429 2989 574 3043; x_wconf 81' lang='lat' dir='ltr'>Pater,</span> <span class='ocrx_word' id='word_1_245' title='bbox 607 2990 671 3032; x_wconf 90' lang='lat' dir='ltr'>cui</span> <span class='ocrx_word' id='word_1_246' title='bbox 704 3003 938 3043; x_wconf 85' lang='lat' dir='ltr'>pauperum</span> <span class='ocrx_word' id='word_1_247' title='bbox 971 2989 1328 3031; x_wconf 82' lang='lat' dir='ltr'>Scholasticorum</span> <span class='ocrx_word' id='word_1_248' title='bbox 1360 3000 1459 3030; x_wconf 85' lang='lat' dir='ltr'>cura</span> <span class='ocrx_word' id='word_1_249' title='bbox 1493 2986 1746 3028; x_wconf 87' lang='lat' dir='ltr'>demandata</span> <span class='ocrx_word' id='word_1_250' title='bbox 1778 2984 1920 3035; x_wconf 76' lang='lat' dir='ltr'>fuerit,</span> 
     </span>
     <span class='ocr_line' id='line_1_36' title="bbox 207 3060 1916 3118; baseline -0.002 -14"><span class='ocrx_word' id='word_1_251' title='bbox 207 3063 474 3105; x_wconf 88' lang='lat' dir='ltr'>vehementer</span> <span class='ocrx_word' id='word_1_252' title='bbox 512 3064 565 3105; x_wconf 90' lang='lat' dir='ltr'>ad</span> <span class='ocrx_word' id='word_1_253' title='bbox 603 3064 680 3106; x_wconf 89' lang='lat' dir='ltr'>hoc</span> <span class='ocrx_word' id='word_1_254' title='bbox 720 3077 845 3107; x_wconf 89' lang='lat' dir='ltr'>suum</span> <span class='ocrx_word' id='word_1_255' title='bbox 883 3077 1035 3106; x_wconf 91' lang='lat' dir='ltr'>munus</span> <span class='ocrx_word' id='word_1_256' title='bbox 1074 3065 1245 3118; x_wconf 89' lang='lat' dir='ltr'>plenum</span> <span class='ocrx_word' id='word_1_257' title='bbox 1285 3064 1473 3106; x_wconf 87' lang='lat' dir='ltr'>caritatis</span> <span class='ocrx_word' id='word_1_258' title='bbox 1521 3066 1563 3104; x_wconf 92' lang='lat' dir='ltr'>et</span> <span class='ocrx_word' id='word_1_259' title='bbox 1604 3060 1916 3104; x_wconf 84' lang='lat' dir='ltr'>misericordiae</span> 
     </span>
     <span class='ocr_line' id='line_1_37' title="bbox 206 3136 1917 3195; baseline -0.002 -15"><span class='ocrx_word' id='word_1_260' title='bbox 206 3139 314 3181; x_wconf 85' lang='lat' dir='ltr'>affici</span> <span class='ocrx_word' id='word_1_261' title='bbox 352 3139 551 3181; x_wconf 84' lang='lat' dir='ltr'>studebit.</span> <span class='ocrx_word' id='word_1_262' title='bbox 614 3140 798 3181; x_wconf 88' lang='lat' dir='ltr'>Habebit</span> <span class='ocrx_word' id='word_1_263' title='bbox 836 3144 976 3182; x_wconf 91' lang='lat' dir='ltr'>autem</span> <span class='ocrx_word' id='word_1_264' title='bbox 1016 3153 1116 3195; x_wconf 83' lang='lat' dir='ltr'>prae</span> <span class='ocrx_word' id='word_1_265' title='bbox 1158 3140 1312 3195; x_wconf 77' lang='lat' dir='ltr'>oculis,</span> <span class='ocrx_word' id='word_1_266' title='bbox 1355 3142 1524 3192; x_wconf 85' lang='lat' dir='ltr'>praeter</span> <span class='ocrx_word' id='word_1_267' title='bbox 1565 3136 1917 3179; x_wconf 88' lang='lat' dir='ltr'>sustentationem</span> 
     </span>
    </p>
   </div>
  </div>
 </body>
</html>
