2164 3535
380 238 666 273 Ausserordentl.
686 239 883 282 Uebungen
907 250 938 273 a.
957 239 989 273 d.
1009 238 1135 284 Gymn.
1155 239 1186 275 d.
1206 243 1331 274 osterr.
1352 239 1512 274 Provinz.
1555 242 1652 276 1735.
1796 245 1874 284 139

293 378 510 420 Vocabula
550 379 649 420 item
683 379 934 421 Academiae
968 380 1148 422 Materia
1189 392 1280 422 esse
1322 383 1544 433 poterunt,
1588 393 1669 433 quo
1712 381 1879 422 nomine

156 452 319 505 appello
362 453 601 508 Primitiva,
644 466 714 495 seu
751 454 927 496 Radices
966 455 1005 496 in
1046 456 1202 497 Parva:
1247 454 1438 496 derivata
1479 458 1519 495 et
1564 455 1797 508 composita
1837 454 1878 495 in

156 527 397 580 I'rincipiis3
442 527 586 570 florem
619 528 843 571 latinitatis
877 529 916 570 in
950 529 1090 571 Media
1122 532 1164 572 et
1195 543 1393 583 suprema
1425 529 1749 571 Grammaticae.
1813 529 1879 570 In-

156 602 397 655 terrogandi
441 603 547 644 ratio
590 603 671 644 erit
701 603 766 644 vel
799 616 946 645 vocum
980 604 1265 657 singularum,
1310 605 1373 646 vel
1406 607 1453 646 ut
1484 617 1532 646 ex
1564 606 1753 657 tempore
1785 616 1880 644 con-

156 677 412 720 structiones
436 689 510 719 seu
535 678 726 732 Latinas,
759 691 832 719 seu
856 678 1145 734 Germanicas,
1175 692 1249 721 seu
1273 679 1465 721 Phrasim
1489 692 1511 721 e
1532 678 1634 721 flore
1656 678 1880 720 vernacule

155 751 336 793 reddant
368 755 443 792 aut
472 751 613 793 latine.

292 825 535 878 Composita
576 838 650 867 seu
684 826 817 867 Mixta
849 826 1077 868 Academia
1108 827 1208 882 erit,
1251 828 1284 869 si
1320 828 1664 870 Academicorum
1700 828 1877 881 singulis

155 913 239 942 una
271 901 463 953 quaestio
501 913 549 942 ex
581 900 791 948 Historia,
836 901 969 942 altera
1002 914 1050 942 ex
1083 901 1281 957 authore,
1324 903 1451 944 tertia
1484 917 1504 945 e
1538 903 1753 945 vocabulis
1785 916 1880 957 pro-

154 978 345 1028 ponetur.
408 975 524 1017 Haec
567 975 830 1017 examinandi
874 976 979 1017 ratio
1022 977 1252 1029 speciosior
1284 982 1367 1032 est,
1411 978 1453 1018 id
1486 981 1624 1019 tamen
1660 978 1787 1020 babet
1818 978 1879 1019 in-

154 1049 381 1103 commodi,
421 1049 535 1102 quod
567 1049 601 1091 si
634 1050 761 1103 paulo
794 1050 936 1104 plures
969 1050 1123 1092 fuerint
1158 1052 1417 1106 Academici,
1464 1053 1574 1094 ultra
1606 1054 1753 1095 horam
1785 1065 1880 1106 pro-

154 1124 249 1166 duci
283 1124 553 1166 Academiam
587 1137 757 1166 necesse
790 1125 859 1177 sit,
892 1125 1005 1178 quod
1039 1126 1278 1179 hospitibus
1311 1126 1492 1168 fortasse
1524 1128 1751 1180 ingratum.

297 1201 332 1239 1-3.
383 1199 663 1241 Examinandi
698 1203 842 1253 partes
875 1200 1128 1253 praecipuae
1161 1206 1287 1243 erunt.
1307 1201 1352 1242 P.
1378 1201 1599 1256 Praefecti,
1632 1202 1699 1243 cui
1724 1202 1881 1255 optime

155 1274 311 1327 cogniti
351 1276 467 1324 sunt,
511 1287 561 1316 ne
603 1277 743 1316 tamen
788 1275 971 1328 suspicio
1013 1275 1173 1331 veniat,
1218 1275 1269 1317 de
1300 1276 1614 1329 interrogandis
1643 1277 1729 1330 jam
1761 1289 1881 1330 prae-

155 1349 356 1404 monitos,
397 1362 472 1390 nec
511 1362 653 1391 omnes
695 1362 743 1391 ex
783 1349 976 1391 omnibus
1010 1363 1059 1391 ex
1091 1363 1227 1404 aequo
1261 1354 1434 1404 paratos
1468 1364 1579 1405 esse,
1622 1351 1799 1404 rogandi
1832 1364 1881 1392 ex

155 1423 391 1477 hospitibus
424 1424 610 1477 quidam,
652 1428 700 1466 ut
731 1425 969 1478 promiscue
1002 1426 1296 1478 quaestionem
1329 1440 1350 1468 e
1382 1426 1522 1468 libello
1554 1426 1783 1481 Historico,
1816 1426 1880 1468 vel

155 1499 446 1552 explicandam
486 1512 536 1540 ex
577 1499 766 1541 Authore
807 1499 1029 1552 periodum
1072 1504 1324 1554 proponant.
1394 1501 1677 1554 Ex-Principi
1719 1504 1761 1543 et
1802 1501 1882 1542 Ex-

156 1574 391 1616 Secretario
444 1574 676 1627 superioris
728 1574 916 1627 scholae,
974 1589 1021 1617 ac
1068 1576 1250 1618 fortasse
1297 1577 1398 1618 item
1446 1576 1706 1619 Consiliariis
1757 1590 1882 1618 unam

157 1650 449 1703 quaestionem
482 1649 681 1692 afferendi
709 1650 780 1703 jus
813 1650 906 1704 erit,
939 1650 1053 1703 quod
1084 1650 1127 1692 hi
1159 1664 1310 1704 niagno
1344 1652 1423 1694 sibi
1456 1652 1603 1694 honori
1639 1652 1812 1694 ducunt.

296 1733 331 1772 7.
382 1730 555 1780 Quoties
599 1730 861 1772 instituenda
895 1730 1132 1772 Academia.
1196 1730 1442 1774 Studiorum
1484 1733 1591 1774 ratio
1624 1733 1789 1785 aliquas
1822 1733 1882 1774 in-

156 1805 292 1847 vitatu
324 1810 619 1859 apparatuque
650 1806 809 1859 majore
841 1805 1056 1848 habendas
1088 1806 1249 1848 statuit.
1315 1807 1453 1860 Igitur
1489 1807 1598 1850 duae
1628 1808 1778 1850 saltem
1806 1812 1882 1850 aut

156 1884 243 1922 tres
276 1884 413 1922 erunt.
466 1880 525 1922 Ut
547 1880 781 1922 Historiam
815 1881 936 1934 plene
969 1881 1227 1931 condiscant,
1260 1887 1487 1935 postquam
1511 1882 1638 1924 libelli
1662 1883 1880 1925 dimidium

156 1955 433 2012 absolverint,
472 1956 627 2009 prima,
667 1957 802 1998 altera
835 1969 856 1998 e
889 1956 1061 1998 dimidio
1095 1957 1243 2012 altero,
1276 1957 1404 2010 idque
1436 1958 1562 2011 paulo
1596 1961 1693 1999 ante
1725 1957 1881 2000 festum

156 2031 292 2073 Natae
323 2031 508 2084 Virginis
539 2031 598 2072 ita
630 2031 850 2081 habeatur,
884 2035 932 2072 111
962 2032 1107 2073 statim
1140 2032 1192 2073 ab
1220 2032 1447 2074 Academia
1480 2032 1676 2074 absoluta
1709 2045 1883 2074 examen

156 2118 232 2160 pro
264 2106 461 2159 praemiis
493 2119 541 2148 ex
574 2106 721 2147 eadem
754 2106 944 2148 subeant.
1009 2107 1152 2148 Tertia
1186 2120 1283 2149 vero
1317 2120 1365 2149 ex
1395 2107 1586 2149 Authore
1617 2108 1880 2149 instituatur.

296 2181 417 2231 Quod
448 2181 482 2222 51
515 2181 557 2222 P.
594 2181 762 2223 Rectori
795 2181 903 2223 duae
943 2182 1079 2223 solum
1119 2182 1339 2224 habendae
1382 2182 1658 2235 videbuntur,
1701 2187 1883 2236 utraque

157 2269 204 2298 ex
238 2255 440 2311 Authore,
474 2256 675 2311 Historia,
710 2256 934 2298 Vocabulis
968 2257 1202 2310 composita
1235 2258 1326 2298 erit.

295 2332 331 2374 8.
383 2331 577 2372 Privatae
610 2330 862 2373 Academiae
894 2335 1007 2381 sunt,
1039 2345 1147 2384 quae
1180 2332 1269 2374 solo
1302 2332 1345 2376 P.
1381 2332 1611 2385 Praefecto,
1645 2333 1707 2374 vel
1741 2333 1882 2385 aliquo

157 2419 179 2447 c
211 2406 426 2458 Magistris
460 2405 661 2457 Collegis,
696 2406 759 2446 vel
792 2406 919 2447 Patre
951 2406 1228 2448 scholasticae
1261 2408 1319 2448 rei
1352 2408 1607 2462 amantiore,
1651 2407 1883 2460 praesenti-

158 2481 236 2522 bus
268 2479 396 2525 fiuntz
436 2481 500 2522 vel
532 2481 583 2522 ab
616 2481 716 2533 ipsis
749 2481 1032 2528 Academicis,
1074 2494 1255 2534 quorum
1288 2482 1443 2534 singuli
1477 2482 1689 2523 aemulum
1731 2486 1883 2535 parata

159 2555 406 2608 quaestione
437 2560 687 2608 provocent:
721 2556 942 2609 eidemque
974 2556 1157 2598 vicissim
1190 2556 1435 2609 provocanti
1468 2557 1773 2610 respondeant3
1817 2557 1881 2598 vel

159 2643 184 2672 a
222 2630 266 2671 P.
308 2630 528 2671 Praefecto
571 2630 863 2672 examinentur
909 2631 1075 2683 singuli.
1148 2631 1236 2672 Has
1284 2632 1603 2684 perfrequentes
1649 2644 1741 2673 esse
1787 2644 1882 2673 con-

160 2704 339 2755 veniret,
382 2717 429 2745 ac
463 2704 678 2746 Mensibus
710 2706 891 2747 fortasse
934 2705 1131 2758 singulis,
1177 2706 1289 2759 quod
1332 2706 1626 2759 percommode
1665 2706 1804 2761 fieret,
1847 2705 1882 2747 si

160 2780 202 2820 P.
246 2778 491 2821 Praefectus
534 2779 674 2821 studio
716 2780 953 2822 Iuventutis
1001 2780 1079 2822 sibi
1121 2781 1370 2824 commissae
1409 2781 1451 2823 id
1493 2781 1571 2823 sibi
1611 2781 1767 2823 laboris
1808 2781 1882 2822 im-

160 2859 354 2908 poneret,
397 2866 444 2895 ac
485 2858 589 2908 quot
631 2855 779 2897 diebus
814 2854 1086 2897 Sabbathinis
1128 2855 1233 2897 hora
1274 2856 1485 2897 matutina
1527 2856 1683 2909 alioqui
1716 2869 1882 2898 concer-

161 2929 310 2971 tationi
351 2929 583 2984 destinata,
623 2929 664 2970 in
700 2942 781 2970 una
815 2942 835 2971 e
869 2934 1054 2982 quatuor
1085 2930 1360 2973 Inferioribus
1394 2931 1609 2973 Classibus
1643 2931 1810 2973 adesset
1841 2934 1883 2972 et

161 3004 412 3059 exploraret,
445 3004 547 3056 quid
579 3004 722 3057 elapso
756 3004 899 3045 Mense
931 3005 1239 3057 progressionis
1272 3007 1428 3048 factum
1462 3006 1599 3048 fuerit.

299 3078 458 3131 Elapsa
488 3078 741 3121 Academiae
780 3079 883 3120 hora
927 3079 1096 3121 nomina
1139 3093 1284 3122 eorum
1315 3081 1611 3135 perleguntur,
1653 3081 1725 3134 qui
1758 3093 1882 3133 argu-

163 3154 348 3195 mentum
381 3165 655 3208 composuere
687 3154 850 3210 melius,
885 3154 948 3195 vel
979 3154 1074 3207 plus
1107 3155 1350 3208 diligentiae
1373 3156 1607 3211 ostendere,
1642 3169 1678 3196 v.
1702 3169 1739 3209 g.
1773 3155 1881 3198 Prae
