2164 3535
729 266 937 311 Gymnasial
946 287 959 292 -
968 266 1179 310 Padagogik
1208 267 1307 302 1736.
1796 268 1871 308 161

663 601 706 645 6.
758 600 937 645 Fleil's
975 601 1073 644 der
1111 599 1367 646 Schiiler.

446 728 516 768 De
562 726 906 768 assiduitate
952 726 1125 769 studii
1173 739 1228 769 ac
1273 727 1590 770 sedulitate

676 820 699 849 a.
740 807 1031 861 discipulis
1073 807 1351 861 exigenda.

822 887 972 932 (Kropf
992 898 1032 932 p.
1052 887 1128 922 232
1143 888 1217 932 ss.)

294 1004 472 1046 Omnino
505 1003 733 1046 assiduitas
765 1002 867 1045 haec
899 1003 1027 1045 studii
1060 1015 1107 1045 ac
1139 1002 1342 1045 sedulitas
1366 1003 1419 1044 ad
1441 1016 1615 1056 magnos
1638 1004 1753 1046 brevi
1775 1017 1869 1058 pro-

155 1092 324 1132 gressus
366 1079 407 1120 in
447 1078 584 1121 stadio
627 1091 708 1119 non
752 1078 855 1119 artis
897 1078 1021 1120 modo
1060 1081 1187 1131 atque
1224 1077 1523 1125 humanitatis,
1567 1091 1712 1121 verum
1744 1079 1870 1120 etiam

152 1155 321 1196 virtutis
362 1158 404 1196 et
442 1153 613 1207 pietatis
655 1152 868 1194 faciendos
910 1152 1082 1195 mirifice
1123 1153 1329 1196 conducit.
1403 1154 1582 1196 Paribus
1629 1155 1784 1208 quippe
1826 1160 1873 1197 ut

151 1230 379 1284 plurimum
418 1228 686 1270 incrementis
729 1231 959 1280 utrumque
1003 1228 1107 1269 illud
1147 1228 1274 1270 decus
1313 1228 1353 1269 in
1397 1227 1648 1271 Scholarum
1691 1230 1871 1271 alumnis

152 1305 374 1357 adolescit;
408 1317 455 1346 ac
495 1304 581 1346 fere
622 1303 683 1344 ita
722 1306 1015 1356 comparatum
1047 1307 1129 1353 est,
1168 1306 1216 1344 ut
1248 1303 1320 1356 qui
1353 1303 1520 1356 egregie
1552 1304 1745 1346 doctrina
1776 1317 1870 1358 pro-

150 1380 310 1435 ficiunt,
332 1380 567 1422 luculenter
587 1377 808 1432 proficiant
830 1381 873 1419 et
894 1378 1094 1419 moribus.
1128 1377 1334 1432 (Sacchin.
1360 1378 1400 1419 in
1418 1378 1593 1420 Paraen.
1618 1392 1650 1421 c.
1669 1381 1719 1421 19
1752 1393 1790 1421 n.
1809 1381 1864 1429 1.)

152 1455 344 1506 Quatuor
375 1457 516 1496 autem
549 1456 649 1495 sunt
676 1453 956 1506 potissimum,
989 1465 1098 1506 quae
1119 1452 1199 1495 huc
1222 1453 1475 1495 referuntur.
1530 1455 1561 1496 Ι.
1597 1454 1781 1497 Sollicite
1803 1468 1868 1497 ca-

152 1530 347 1585 vendum,
379 1530 527 1583 nequis
550 1528 866 1582 discipulorum,
895 1528 973 1570 nisi
997 1528 1234 1570 necessaria
1255 1528 1423 1570 omnino
1446 1542 1494 1570 ex
1518 1541 1659 1585 causa,
1681 1543 1868 1583 unquam

151 1606 262 1648 absit
299 1618 323 1647 a
361 1605 513 1646 schola.
577 1605 630 1646 II.
666 1603 932 1652 Curandum,
973 1608 1020 1644 ut
1051 1603 1233 1645 assiduis
1264 1607 1354 1644 tum
1387 1604 1427 1646 in
1460 1604 1603 1646 schola
1634 1609 1724 1647 tum
1757 1605 1869 1647 domi

152 1680 496 1734 occupationibus
544 1691 687 1721 01111165
735 1679 1028 1720 distineantur.
1107 1679 1181 1720 III.
1230 1679 1486 1721 Indicandus
1535 1680 1689 1733 privati
1737 1680 1866 1722 studii

150 1756 312 1797 modus.
362 1755 431 1796 IV.
457 1753 813 1796 Praescribendus
837 1753 938 1794 ordo
962 1753 1188 1801 actionum,
1218 1765 1323 1806 quas
1349 1754 1460 1795 domi
1483 1755 1670 1808 quotidie
1693 1755 1867 1801 obeant:

150 1842 289 1883 nequa
318 1842 416 1883 pars
449 1829 651 1882 temporis
684 1828 820 1870 minus
854 1831 966 1870 recte
998 1828 1189 1870 minusve
1221 1828 1382 1870 utiliter
1414 1829 1654 1872 collocetur.

287 1916 473 1957 Primum
515 1915 661 1967 itaque
701 1913 996 1955 assiduitatem
1036 1913 1077 1954 in
1116 1912 1259 1955 schola
1291 1914 1469 1956 maxime
1501 1927 1526 1956 a
1558 1915 1772 1969 discipulis
1805 1930 1868 1959 re-

150 1992 293 2045 quirat
326 1991 598 2043 Praeceptor,
641 2001 717 2031 nec
755 1988 932 2042 proinde
965 1988 1017 2029 ad
1050 1988 1219 2041 publica
1250 1990 1493 2042 spectacula
1524 1991 1611 2032 sive
1642 1992 1764 2034 ludos
1796 2004 1867 2034 605

150 2067 347 2109 dimittat.
402 2066 446 2108 Si
478 2066 571 2119 quis
604 2065 800 2119 abfuerit,
835 2065 1017 2117 aliquem
1051 2077 1101 2105 ex
1133 2064 1429 2117 condiscipulis
1462 2066 1525 2107 vel
1552 2067 1681 2108 alium
1703 2067 1755 2109 ad
1777 2068 1866 2121 ejus

151 2143 321 2184 domum
368 2142 511 2183 mittat
556 2145 616 2188 et,
663 2141 742 2182 nisi
788 2139 964 2181 idoneae
1009 2138 1241 2181 afferantur
1287 2141 1602 2197 excusationes,
1649 2142 1865 2184 absentiae

150 2230 326 2271 poenam
359 2221 511 2257 sumat.
575 2216 652 2266 Qui
686 2216 828 2269 plures
863 2215 949 2256 dies
982 2215 1071 2256 sine
1104 2226 1232 2256 causa
1264 2214 1477 2257 abfuerint
1514 2216 1566 2258 ad
1599 2216 1864 2259 Praefectum

150 2293 326 2348 remitti,
372 2305 447 2333 1166
492 2291 581 2333 51116
629 2291 718 2343 ejus
765 2303 970 2332 consensu
1011 2289 1141 2343 recipi
1178 2290 1344 2332 debent.
1408 2291 1492 2343 (Ita
1530 2304 1615 2345 reg.
1639 2293 1691 2333 41
1727 2291 1860 2344 Com.)

151 2368 259 2419 Quin
290 2367 395 2410 illud
427 2366 555 2413 adeo,
598 2366 631 2406 si
664 2365 816 2419 possit.
858 2364 1031 2415 efficiat,
1070 2377 1121 2406 ne
1153 2365 1246 2417 quis
1279 2365 1344 2406 vel
1374 2366 1522 2420 5611161,
1565 2366 1665 2407 (111111
1697 2367 1864 2409 scholae

149 2443 372 2493 habentur,
405 2445 523 2483 extra
555 2440 820 2494 gymnasium
853 2443 1031 2492 vagetur
1095 2439 1458 2482 Periculosissima
1490 2441 1599 2482 enim
1622 2453 1671 2483 ea
1692 2454 1758 2484 res
1781 2444 1862 2484 est:

150 2517 357 2571 siquidem
389 2521 479 2558 tum
511 2515 631 2569 pueri
658 2515 699 2556 in
722 2527 943 2568 perversos
965 2514 1086 2555 facile
1107 2514 1299 2555 incidunt
1320 2515 1485 2557 sodales
1508 2515 1864 2570 implicanturque

150 2593 363 2634 venenatis
405 2591 630 2646 illecebris,
672 2590 884 2642 semelque
926 2589 1037 2642 capti
1078 2588 1274 2631 facillime
1316 2590 1506 2632 funditus
1548 2595 1750 2644 pereunt„
1798 2592 1863 2634 vel

150 2672 262 2710 certe
294 2667 520 2720 degustata
551 2667 624 2708 otii
656 2665 949 2717 libertatisque
982 2664 1222 2717 dulcedine,
1269 2664 1410 2706 odium
1443 2665 1610 2707 scholae
1643 2669 1685 2708 et
1716 2668 1863 2723 musei,

149 2747 353 2796 tanquam
394 2742 617 2795 ergastuli,
661 2741 911 2794 concipiunt.
978 2739 1191 2793 (Sacchin.
1225 2739 1300 2782 loc.
1336 2740 1403 2781 cit.
1445 2753 1483 2781 n.
1508 2742 1567 2793 4⁴)
1629 2741 1776 2794 Neque
1813 2755 1863 2784 ex

148 2831 194 2860 re
234 2830 317 2860 non
356 2818 454 2865 erit,
496 2816 606 2871 siqui
647 2819 847 2858 notentur
888 2815 1103 2869 absentes,
1145 2814 1314 2857 mittere
1353 2815 1536 2868 aliquem
1567 2816 1781 2858 interdum
1813 2830 1861 2859 ex

149 2893 378 2947 discipulis,
410 2896 625 2947 spectatae
646 2892 741 2933 fidei
766 2891 1087 2946 adolescentem,
1119 2891 1191 2944 qui
1213 2891 1397 2944 compita
1421 2890 1640 2933 confestim
1663 2892 1860 2945 vicosque

150 2969 274 3010 obeat
305 2972 348 3010 et
378 2968 567 3021 publicas
598 2967 796 3008 ludorum
829 2966 1058 3019 perlustret
1089 2964 1275 3008 officinas
1308 2966 1441 3007 aliave
1473 2966 1600 3008 adeat
1636 2966 1747 3021 loca,
1790 2967 1860 3009 ubi

149 3042 403 3096 deprehendi
442 3042 550 3084 forte
583 3045 817 3095 opportune
849 3053 972 3094 posse
1003 3040 1236 3082 videantur.
1300 3042 1407 3093 (Iuv.
1442 3042 1493 3083 de
1525 3041 1618 3082 Rat.
1653 3041 1741 3082 doc.
1776 3054 1808 3082 c.
1836 3044 1859 3083 2

149 3131 184 3160 a.
210 3120 268 3170 5.)
329 3116 411 3159 Sed
443 3121 485 3158 et
515 3117 771 3169 cavendum,
804 3129 855 3157 ne
885 3115 1020 3164 facile,
1051 3115 1300 3169 praesertim
1332 3116 1624 3169 praelectionis
1657 3119 1858 3168 tempore.

149 3206 174 3234 a
204 3205 416 3245 quoquam
450 3192 642 3245 discipuli
665 3196 893 3233 evocentur
914 3204 935 3232 e
957 3191 1110 3232 schola.
1160 3192 1278 3244 (Reg.
1303 3194 1357 3233 44
1391 3192 1524 3244 Com.)
1578 3190 1715 3240 Quid?
1748 3192 1859 3244 quod

217 3268 404 3294 Monumenta
425 3268 595 3293 Germaniae
616 3267 820 3299 paedagogica
842 3266 916 3291 XVI.
1592 3262 1628 3294 ll
