2164 3535
370 236 588 272 Geschichte
613 245 659 270 an
687 235 756 270 den
783 233 999 279 Gymnasien
1026 232 1090 267 der
1114 229 1440 267 osterreichischen
1465 229 1629 264 Provinz.
1784 232 1862 272 125

788 503 889 543 Fur
920 500 1000 543 die
1031 500 1223 542 Poesie.

742 581 931 626 (Wagner
955 591 996 625 p.
1021 579 1273 624 ‘zac—228.)

283 677 376 719 Etsi
404 676 661 718 Rhetoricae
689 688 736 717 ac
764 674 1055 717 Humanitatis
1077 673 1343 716 Professores
1375 685 1420 714 se
1452 671 1504 713 ab
1534 669 1741 712 habendis
1764 669 1869 711 Aca-

144 752 292 795 demiis
323 752 422 805 jure
463 763 664 793 excusare
701 749 834 791 videri
873 749 1058 803 possint,
1099 748 1251 801 quibus
1283 759 1432 800 nempe
1465 746 1650 800 alioquin
1683 745 1868 798 quinque

144 830 388 870 menstruae
429 825 758 868 declamationes
802 824 1062 866 exhibendae
1104 826 1224 878 sunt,
1270 835 1399 864 unam
1445 825 1586 864 tamen
1629 820 1868 871 minimum;

144 913 322 955 eamque
352 901 620 955 historicam,
659 903 702 942 et
732 899 796 942 sin
827 899 967 940 minus
998 898 1234 952 publicam,
1277 897 1427 939 saltem
1459 897 1689 951 privatam,
1730 895 1774 937 id
1805 898 1871 937 est

144 977 190 1018 P.
223 974 442 1018 Praefecto
485 979 528 1018 et
568 975 815 1018 Rhetorices
856 974 1102 1016 Professore
1144 975 1366 1026 praesente
1407 971 1571 1013 institui
1615 971 1870 1027 conveniret,

145 1051 246 1105 quia
279 1053 314 1093 1.
349 1050 635 1104 experimento
669 1052 848 1106 constat,
881 1048 1108 1102 discipulos
1137 1047 1254 1089 nulla
1275 1046 1440 1088 ratione
1471 1044 1680 1088 efficacius
1711 1045 1870 1100 impelli

144 1139 269 1180 posse
301 1126 354 1168 ad
385 1126 619 1169 Historiam
652 1125 916 1180 discendam,
956 1123 1037 1166 nisi
1075 1123 1225 1165 saltem
1258 1120 1534 1174 semipublica
1566 1121 1708 1174 aliqua
1737 1121 1872 1163 solen-

145 1202 280 1244 nitate
310 1201 610 1255 periclitationi
642 1204 918 1255 exponantur.
953 1202 1201 1251 certumque
1224 1209 1356 1251 prope
1387 1196 1455 1252 sit,
1488 1195 1577 1238 sine
1608 1195 1687 1237 hac
1718 1207 1871 1249 parum

147 1278 222 1319 aut
251 1277 354 1319 nihil
384 1277 584 1320 facturos.
636 1278 673 1320 2.
706 1276 811 1318 Cum
833 1273 1175 1328 incomparabilis
1197 1272 1360 1314 utilitas
1393 1272 1461 1326 sit,
1494 1284 1570 1324 per
1590 1283 1661 1314 sex
1685 1269 1873 1326 Scholas‚

146 1352 397 1395 universalis
422 1352 635 1394 Historiae
667 1364 743 1393 nec
774 1350 885 1392 levia
916 1349 1193 1392 fundamenta
1219 1347 1385 1402 jecisse,
1418 1360 1465 1388 ac
1491 1347 1581 1400 Jam
1612 1346 1655 1387 in
1687 1349 1874 1399 quatuor

147 1427 292 1482 primis
324 1427 475 1470 libellis
509 1427 677 1480 egregie
709 1426 865 1468 versati
904 1428 1137 1479 ponantur,
1180 1436 1280 1465 sane
1314 1421 1540 1463 dolendum
1573 1421 1700 1477 foret,
1742 1421 1775 1463 si
1809 1434 1875 1463 ex-

147 1502 313 1544 haustis
354 1502 607 1556 antiquioris
647 1506 689 1543 et
726 1501 860 1554 magis
894 1500 1134 1542 salebrosae
1166 1498 1382 1540 Historiae
1414 1496 1619 1551 tenebriS‚
1661 1497 1703 1538 in
1734 1509 1876 1538 recen—

150 1578 258 1619 tiore
288 1577 386 1631 hac,
426 1577 687 1629 amoeniore,
728 1580 771 1617 et
806 1575 991 1617 faciliore
1034 1573 1278 1627 deficerent,
1322 1576 1602 1625 coeptumque
1634 1572 1875 1614 universum

151 1665 324 1694 cursum
372 1652 689 1705 abrumperent.
767 1652 803 1692 3.
848 1650 956 1701 Quia
997 1649 1223 1691 Academia
1271 1647 1476 1702 ejusmodi
1522 1647 1691 1688 minimo
1732 1647 1877 1688 labore

152 1727 363 1769 constabit
393 1726 644 1778 Professori,
685 1738 779 1768 cum
813 1739 837 1767 a
868 1725 1035 1779 publico
1069 1724 1258 1765 examine
1290 1735 1420 1776 prope
1452 1722 1568 1777 nihil,
1600 1722 1680 1764 nisi
1711 1722 1878 1763 nomine

152 1801 327 1843 differat.
390 1804 429 1843 4.
465 1801 659 1854 Accedit,
700 1801 813 1854 quod
852 1801 1097 1842 Menstruae
1138 1798 1465 1840 declamationes
1509 1797 1585 1839 soli
1626 1797 1878 1839 Rhetoricae

150 1875 385 1919 Professori
418 1889 442 1918 a
474 1876 638 1931 regula,
680 1888 763 1917 non
796 1875 897 1917 item
930 1874 1218 1915 Humanitatis
1250 1872 1486 1914 Professori
1516 1871 1877 1927 praescribantur,

151 1952 296 2005 itaque
328 1952 478 1994 saltem
511 1952 553 1993 in
585 1952 724 1993 locum
756 1951 880 1993 unius
912 1950 1062 1991 harum
1085 1949 1314 1991 Academia
1347 1952 1493 1990 nostra
1524 1948 1689 1989 institui
1721 1951 1876 2001 posset.

157 2022 274 2082 Vide,
306 2039 415 2080 quae
446 2027 524 2069 hac
560 2027 612 2069 de
644 2040 689 2069 re
720 2027 830 2068 infra
860 2027 900 2068 in
934 2026 1162 2067 Rhetorica
1193 2024 1478 2066 Instructione
1509 2024 1732 2066 habentur.

293 2102 448 2143 Forma
470 2115 598 2155 porro
623 2102 770 2144 eadem
793 2102 888 2157 erit,
920 2113 1029 2154 quae
1052 2101 1092 2142 in
1116 2100 1391 2143 Inferioribus
1415 2099 1634 2154 classibus,
1665 2099 1744 2141 nisi
1767 2099 1877 2153 quod

148 2177 238 2230 Jam
269 2176 400 2218 latine
432 2177 580 2219 haberi
613 2178 857 2220 conveniret
924 2177 987 2218 En
1012 2177 1267 2229 Paradigma
1288 2177 1448 2230 primae
1470 2175 1708 2217 Historicae
1731 2187 1880 2228 nempe

155 2265 177 2294 e
215 2252 344 2294 libelli
381 2252 554 2294 dimidio
594 2253 646 2294 ab
680 2254 872 2306 Augusto
915 2251 967 2293 ad
1007 2252 1335 2294 Constantinum
1375 2250 1577 2303 Magnum
1620 2250 1749 2291 trium
1791 2261 1880 2292 sae-

156 2328 361 2370 culorum.

550 2466 889 2517 Quaestiones
922 2465 1182 2519 longiores
1215 2465 1487 2520 simplices.

299 2560 413 2602 Haec
454 2559 538 2601 tria
577 2561 747 2603 saecula
789 2560 859 2613 qui
903 2559 1086 2602 dividis?
1150 2584 1199 2589 —-
1262 2559 1367 2600 Edic
1407 2558 1637 2600 Caesarum
1677 2557 1880 2613 ordinem,

157 2648 395 2690 numerum,
427 2634 620 2677 Nomina.
658 2660 707 2665 —
742 2635 1030 2677 Diocletianus
1063 2648 1138 2677 cur
1169 2635 1349 2687 collegas
1383 2634 1550 2689 ascivit,
1582 2637 1625 2676 et
1656 2634 1792 2686 quos?
1828 2658 1878 2664 —-

159 2710 245 2754 Cur
286 2711 498 2753 abdicavit
538 2712 751 2765 uterque?
815 2736 864 2741 -
927 2711 1091 2753 Probus
1132 2711 1203 2764 qui
1243 2710 1432 2752 electus?
1479 2709 1580 2763 quid
1623 2709 1787 2762 gessit?
1833 2711 1881 2750 ut

157 2785 294 2828 finiit‘?
358 2811 407 2816 ——
473 2785 616 2836 Qualis
655 2786 944 2828 Aurelianus?
991 2797 1100 2839 quae
1141 2785 1368 2838 praecipua
1408 2785 1560 2838 gesta?
1623 2809 1672 2814 -—
1736 2783 1881 2834 Qualis

160 2861 442 2904 Valerianus?
474 2860 611 2914 qualis
635 2860 885 2903 Gallienus?
917 2886 970 2890 —
1003 2861 1117 2902 Decii
1150 2860 1359 2902 interitus.
1410 2861 1464 2901 Et
1488 2860 1667 2902 Gallus?
1701 2884 1750 2890 —
1784 2858 1880 2900 Phi-

159 2937 262 2992 lippi
283 2935 545 2978 Millenarius
569 2949 716 2979 annus.
753 2962 802 2967 —
838 2936 949 2987 Quid
972 2936 1022 2978 de
1045 2935 1270 2979 Gordianis
1292 2936 1419 2978 Patre
1442 2940 1484 2978 et
1504 2935 1618 2977 filio?
1652 2959 1702 2965 -
1737 2934 1880 2985 Qualis

160 3011 415 3054 Maximinus
436 3011 604 3064 ingenio
620 3012 640 3053 ἱ)
671 3012 744 3065 qui
765 3011 903 3054 finiit‘?
936 3037 986 3042 —
1016 3012 1256 3053 Alexander
1276 3011 1456 3053 Severus
1481 3023 1564 3064 quo
1586 3010 1666 3052 fuit
1687 3009 1881 3063 ingenio?

164 3111 214 3118 —
250 3086 367 3138 Quae
397 3088 488 3142 ejus
519 3087 630 3130 vitae
656 3087 798 3129 ratio?
830 3100 940 3141 quae
970 3087 1151 3129 mortis?
1184 3111 1234 3117 —-
1269 3086 1507 3129 Describito
1540 3084 1878 3138 Heliogabalum.

164 3187 214 3193 --
248 3161 428 3204 Macrini
458 3161 585 3216 Opilii
619 3175 742 3206 casus
776 3167 1006 3205 recenseto.
1072 3187 1121 3193 -
1185 3162 1431 3205 Caracallae
1464 3161 1714 3216 crudelitas,
1757 3159 1880 3216 bella,
