2164 3535
702 226 910 270 Erklarung
935 226 999 261 der
1023 227 1197 260 Autoren.
1754 227 1808 268 83

229 370 483 422 Paradigma
513 369 610 411 talis
641 371 732 410 tum
755 367 1068 419 Ciceronianae,
1100 370 1191 408 tum
1213 365 1473 418 Virgilianae
1504 364 1811 418 explanationis

92 445 453 487 absolutissimum
494 444 622 486 habes
661 443 701 485 in
733 443 933 485 Methodo
965 443 1010 484 P.
1045 442 1226 484 Iuventii
1257 454 1332 494 pro
1365 440 1518 482 Schola
1548 439 1812 491 Rhetoricae,

92 520 146 562 ad
189 521 308 573 cujus
340 520 639 574 imitationem,
682 524 810 571 atque
853 521 901 559 ut
939 530 1098 559 morem
1131 520 1318 571 teneam,
1359 515 1529 557 unicum
1561 514 1710 557 saltem
1744 513 1816 555 ad-

87 595 252 648 jecero:
298 595 549 648 principium
591 593 919 635 confirmationis
962 606 1011 634 ex
1045 593 1235 634 oratione
1274 604 1349 646 pro
1382 591 1610 643 Muraena,
1651 588 1814 630 numeri

92 670 252 711 scilicet
287 672 352 720 11,
388 671 453 723 12,
488 669 551 710 13.

230 744 260 784 Ι.
310 743 628 795 Argumentum.
683 742 916 794 Postquam
937 741 978 782 in
1003 742 1172 783 exordio
1196 755 1345 784 causas
1369 741 1633 795 exposuisset
1655 739 1815 792 Cicero,

91 831 167 860 cur
188 819 436 860 Muraenam
469 820 616 859 contra
638 816 866 869 Sulpitium
899 819 942 857 et
964 815 1167 857 Catonem
1201 817 1386 870 alioquin
1419 816 1652 870 peramicos
1675 813 1816 856 defen-

92 893 275 935 dendum
309 892 585 945 suscepisset,
628 891 743 933 brevi
779 891 1068 944 propositione
1100 903 1148 932 ac
1180 891 1365 933 dilucida
1397 890 1651 933 defensionis
1684 889 1815 931 totius

91 980 299 1010 summam
333 967 517 1020 exponit,
550 967 686 1008 tribus
719 966 999 1008 accusationis
1028 966 1238 1018 capitibus
1262 966 1601 1019 respondentem,
1635 978 1814 1018 quorum

90 1043 273 1097 primum
315 1046 407 1084 erat
449 1055 472 1083 a
506 1041 684 1091 Catone,
727 1041 840 1094 quod
881 1041 1069 1083 moribus
1110 1042 1407 1097 solutioribus,
1449 1045 1492 1082 et
1523 1040 1704 1082 Consule
1736 1040 1816 1081 Ro-

90 1131 215 1159 mano
249 1117 431 1170 indignis
464 1117 566 1159 alias
605 1117 647 1158 in
680 1116 779 1158 Asia
810 1115 958 1169 fuerit,
998 1121 1126 1169 atque
1166 1117 1323 1158 saltare
1366 1117 1479 1158 visus
1521 1116 1594 1161 sit:
1636 1115 1813 1156 alterum

91 1192 204 1245 quod
235 1205 331 1233 cum
364 1192 528 1244 generis
561 1195 651 1233 tum
676 1191 918 1233 studiorum
942 1191 1162 1245 dignitate,
1194 1192 1469 1245 competitore
1490 1190 1670 1243 Sulpitio
1692 1190 1814 1242 longe

92 1271 205 1309 esset
236 1267 430 1317 inferior,
463 1267 637 1308 tertium
668 1266 781 1319 quod
814 1266 867 1307 ob
899 1266 1083 1308 ambitus
1116 1266 1273 1308 crimen
1305 1279 1381 1319 per
1408 1266 1522 1318 leges
1546 1277 1570 1306 a
1592 1265 1814 1307 consulatu

91 1344 203 1384 esset
235 1341 513 1395 repellendus.

228 1417 416 1458 Primum
437 1416 541 1458 illud
564 1416 709 1469 paucis
732 1416 869 1469 diluit,
894 1416 1049 1470 duplici
1073 1417 1271 1458 nimirum
1296 1416 1565 1470 Syllogismo:
1606 1419 1640 1458 1.
1675 1429 1817 1470 repre-

90 1491 336 1534 hendendus
383 1504 463 1533 non
517 1495 600 1545 est,
649 1492 722 1545 qui
763 1492 803 1532 in
845 1491 945 1533 Asia
984 1492 1256 1545 quantumvis
1299 1492 1539 1545 voluptaria
1578 1492 1812 1541 Provincia,

91 1567 283 1608 militiam
313 1567 426 1622 fecit,
458 1570 501 1608 et
533 1567 798 1608 continenter
831 1566 946 1622 vixit,
979 1567 1076 1609 talis
1109 1571 1250 1609 autem
1283 1567 1364 1609 fuit
1385 1567 1604 1622 Muraena,
1637 1580 1736 1620 ergo
1767 1580 1814 1608 ex

90 1641 168 1683 hoc
199 1642 336 1694 capite
367 1641 469 1683 nihil
501 1641 884 1694 reprehendendus.
948 1642 1003 1683 At
1033 1642 1206 1684 saltavit
1236 1643 1277 1684 in
1311 1642 1443 1684 Asia‘?
1505 1642 1554 1684 Id
1586 1655 1661 1695 per
1700 1655 1812 1684 men-

93 1716 258 1758 dacium
292 1720 334 1758 et
355 1717 609 1758 calumniam
632 1715 774 1769 affingi
798 1717 1000 1759 Murenae
1022 1717 1175 1771 probat
1196 1717 1274 1759 hoc
1296 1722 1559 1769 argumento.
1610 1719 1646 1759 2.
1681 1718 1813 1759 Nemo

92 1792 154 1832 vir
184 1791 350 1833 sobrius
383 1794 424 1832 et
454 1791 699 1833 moderatus
731 1792 873 1843 saltat,
906 1792 978 1834 sed
1002 1792 1251 1834 Muraenam
1284 1793 1704 1835 commessationibus
1738 1796 1813 1835 aut

93 1866 251 1908 deliciis
285 1866 474 1908 deditum
506 1879 627 1908 nemo
661 1879 840 1919 arguere
871 1870 1023 1920 potest,
1057 1879 1158 1920 ergo
1191 1880 1271 1909 non
1305 1867 1488 1909 saltavit.

206 1948 259 1989 II.
295 1947 547 2001 Explanatio
570 1947 832 2001 singularum
855 1948 1144 1990 Periodorum.
1186 1949 1378 1990 Intellexi
1399 1949 1588 1991 Iudices:
1621 1949 1810 1991 Alteram

91 2023 374 2064 accusationis
406 2027 570 2076 partem
604 2023 763 2065 versari
795 2023 836 2064 in
869 2023 1195 2076 reprehensione
1227 2023 1352 2077 vitae,
1385 2037 1459 2065 seu
1482 2036 1646 2065 morum
1670 2037 1695 2066 a
1717 2037 1811 2066 con-

90 2098 221 2139 sulari
252 2098 461 2151 gravitate
494 2111 541 2140 ac
572 2099 851 2140 sanctimonia
883 2098 1219 2139 abhorrentium:
1259 2098 1438 2140 alteram
1469 2099 1509 2140 in
1544 2099 1811 2142 contentione

90 2185 164 2215 seu
207 2173 520 2226 comparatione
553 2186 648 2215 cum
681 2173 859 2227 Sulpitio
892 2173 1091 2225 Aemulo,
1134 2185 1259 2226 quem
1291 2175 1333 2214 et
1363 2185 1516 2225 genere
1549 2178 1590 2215 et
1621 2175 1810 2228 scientia,

90 2251 133 2289 et
163 2247 314 2290 studiis
346 2248 552 2301 potiorem
586 2252 627 2290 te
659 2261 706 2290 ac
739 2249 971 2301 digniorem
1003 2249 1273 2302 praedicant,
1306 2250 1476 2291 tertiam
1504 2250 1544 2291 in
1568 2250 1811 2292 criminibus

91 2323 296 2376 ambitus,
329 2323 443 2376 quod
475 2323 611 2365 tribus
644 2324 858 2375 obeundo,
891 2324 1203 2376 blandimentis,
1235 2325 1468 2378 promissis,
1499 2326 1810 2381 largitionibus,

90 2398 211 2439 malis
243 2398 406 2440 artibus
440 2401 587 2440 contra
618 2398 732 2451 leges
765 2399 1030 2441 consulatum
1064 2400 1306 2452 quaesierit.

227 2473 391 2514 Harum
434 2474 563 2515 trium
605 2474 760 2529 prima,
803 2486 912 2526 quae
952 2475 1201 2527 gravissima
1240 2488 1331 2518 esse
1363 2475 1562 2526 debebat,
1604 2489 1714 2530 quae
1745 2489 1812 2517 ex-

91 2548 282 2600 aggerari
314 2549 491 2590 maxime
524 2548 724 2604 debebat,
767 2549 880 2602 quod
911 2549 962 2591 de
993 2549 1228 2601 luxurioso,
1269 2563 1316 2592 ac
1348 2550 1564 2603 improbae
1594 2551 1706 2593 vitae
1738 2550 1811 2592 ho-

90 2622 200 2664 mine
223 2626 402 2673 caetera,
436 2636 544 2676 quae
567 2623 773 2677 objecturi
795 2623 977 2678 fuerant,
1010 2624 1184 2666 crimina
1205 2624 1368 2666 facilius
1391 2625 1516 2668 fidem
1538 2626 1807 2679 reperissent,

90 2697 151 2738 ita
191 2697 272 2738 fuit
302 2697 467 2739 infirma
499 2698 654 2740 nullius
687 2698 884 2751 ponderis
918 2702 993 2740 aut
1023 2698 1256 2754 firmitatis,
1297 2699 1401 2741 adeo
1433 2700 1513 2742 levi
1544 2713 1671 2742 manu
1703 2705 1810 2742 trac-

90 2775 201 2827 tata,
243 2775 291 2813 ut
326 2772 419 2814 illos
452 2773 585 2826 magis
618 2774 683 2815 lex
716 2774 924 2827 quaedam
956 2774 1219 2816 accusatoria
1252 2774 1410 2827 aliquid
1444 2775 1581 2816 dicere
1613 2775 1809 2827 coegerit,

91 2859 218 2899 quam
250 2860 348 2889 vera
379 2848 655 2890 maledicendi
686 2848 865 2890 facultas
898 2849 1010 2901 quod
1042 2849 1312 2891 maledictum
1345 2850 1522 2900 ostendi,
1555 2850 1810 2903 probarique

89 2925 243 2974 posset.
315 2922 420 2964 Cum
461 2924 570 2965 enim
611 2937 814 2977 perquam
856 2924 1106 2966 invidiosum
1149 2928 1281 2979 esset,
1326 2925 1534 2967 hominem
1574 2924 1684 2977 frugi
1716 2937 1810 2977 pro-

91 2996 274 3049 bumque
313 2999 580 3041 accusatione
618 3012 789 3051 vexare,
828 3003 875 3040 ut
915 3000 957 3040 in
997 3012 1115 3042 reum
1147 3000 1421 3042 traducerent
1451 3000 1670 3055 invidiam,
1708 2999 1807 3040 nihil

90 3084 173 3112 non
205 3072 457 3125 probrorum
490 3072 699 3127 obJectare
731 3075 771 3115 in
806 3087 922 3115 more
953 3074 1177 3116 habebant.

229 3149 406 3201 Objecta
436 3151 500 3190 est
531 3149 568 3190 ei
600 3150 720 3203 Asia,
760 3162 867 3201 quae
901 3149 954 3191 ab
985 3162 1033 3191 eo
1065 3163 1147 3191 non
1181 3150 1233 3192 ad
1266 3150 1526 3203 voluptatem
1559 3149 1727 3191 delicias
1760 3162 1807 3191 ac

1535 3230 1579 3263 6-1·
