2164 3535
698 211 905 256 Gymnasial
917 233 928 238 -
938 212 1148 256 Padagogik
1177 213 1273 248 1736.
1763 217 1841 258 169

131 349 226 391 dam
257 362 339 392 non
372 354 566 405 agantur,
598 351 801 394 adversus
833 364 903 394 eos
935 351 1058 394 minis
1090 353 1291 405 profectO,
1324 352 1670 407 reprehensione,
1703 353 1842 407 objur-

129 424 317 476 gatione,
360 429 561 478 tanquam
603 425 719 479 igne,
762 426 934 481 malleo,
976 426 1127 468 incude
1159 426 1212 468 ad
1243 427 1401 469 ferrum
1434 426 1738 481 subigendum,
1782 428 1843 469 uti

129 503 307 553 oportet.
372 499 453 542 Sed
486 503 641 551 tamen„
675 513 769 542 cum
800 500 1009 542 lubricum
1042 501 1268 543 admodum
1293 501 1605 555 delicatumque
1628 503 1683 544 sit
1705 503 1845 556 objur-

127 574 264 627 gantis
303 573 504 627 officium,
544 587 679 628 neque
717 576 854 617 minus
895 575 1090 617 videatur
1121 576 1389 627 damnosum„
1428 577 1674 629 castigando
1706 577 1873 637 verbis

127 649 297 690 modum
339 649 536 691 excedere
575 662 703 702 quam
735 650 1002 699 verberibus,
1045 663 1213 693 necesse
1246 653 1326 693 erit
1358 656 1457 694 ante
1490 652 1649 702 omnia,
1692 652 1844 705 quibus

126 723 168 764 in
210 723 335 764 rebus
377 726 492 765 recta
534 723 784 776 objurgandi
824 724 931 765 ratio
972 724 1053 766 sita
1087 725 1161 776 sit,
1204 728 1293 767 tum
1327 739 1446 776 vero,
1490 726 1845 780 quemadmodum

126 796 281 839 habere
313 810 357 839 se
388 798 459 851 qui
492 798 689 851 objurgat
720 798 886 850 debeat,
918 803 1187 853 perspectum
1210 801 1374 844 habere.
1440 803 1679 855 Utrumque
1701 802 1845 856 paucis

129 871 412 926 expediamus.

263 946 414 1001 Itaque
453 947 711 1003 objurgatio,
754 952 802 990 ut
833 950 907 999 sit,
949 950 1085 1003 qualis
1118 962 1209 992 esse
1242 950 1386 1001 debet,
1425 951 1488 993 his
1523 952 1647 994 rebus
1680 952 1847 1006 potissi-

127 1036 241 1065 mum
281 1023 559 1065 contineatur.
621 1024 898 1066 Describatur
930 1025 1111 1077 primum
1143 1026 1290 1079 culpa,
1333 1026 1460 1079 idque
1493 1027 1691 1079 graphice
1722 1027 1842 1073 satis:

128 1098 277 1140 deinde
298 1097 547 1140 ostendatur
568 1098 816 1150 indignitas;
839 1102 930 1140 turn
954 1099 1107 1141 damna
1130 1103 1448 1145 enumerentur:
1472 1105 1686 1154 postremo
1708 1101 1846 1144 minae

129 1172 364 1227 addantur,
405 1172 440 1214 si
478 1172 706 1214 videbitur:
749 1185 858 1226 quae
891 1173 1061 1226 quidem
1094 1175 1304 1227 gravitate
1335 1175 1541 1230 quadam,
1584 1188 1631 1217 ac
1662 1176 1846 1229 pondere

127 1247 351 1290 verborum
374 1247 432 1289 sic
449 1247 729 1301 jactabuntur
750 1248 791 1289 in
815 1260 947 1302 reum,
982 1252 1030 1290 ut
1051 1249 1225 1291 lenitate
1248 1249 1518 1291 nihilominus
1542 1250 1847 1303 clementiaque

127 1325 427 1376 temperentur.
490 1323 636 1376 Neque
668 1326 823 1374 tamen,
856 1323 918 1365 his
954 1324 1081 1366 etiam
1115 1325 1356 1380 transactis,
1390 1328 1527 1366 totum
1551 1325 1779 1367 confecisse
1802 1338 1847 1367 se

128 1398 342 1450 negotium
375 1398 623 1451 objurgator
645 1398 811 1451 sapiens
835 1399 1104 1440 existimabit.
1154 1399 1380 1452 Reliquum
1403 1400 1513 1442 enim
1537 1403 1614 1455 est,
1646 1402 1695 1442 ut
1716 1401 1846 1442 errati

129 1473 377 1515 emendandi
410 1473 517 1515 ratio
552 1473 788 1527 aperiatur:
822 1474 1017 1516 videlicet
1039 1487 1090 1515 ne
1112 1474 1168 1516 sit
1183 1475 1326 1527 justae
1350 1474 1469 1516 Fabii
1492 1475 1690 1528 querelae
1711 1475 1846 1517 locus:

130 1561 284 1601 pueros
326 1561 406 1590 non
446 1549 606 1601 facere,
648 1560 756 1601 quae
794 1553 909 1590 recta
948 1552 1065 1601 sunt,
1108 1549 1266 1595 doceri:
1301 1549 1393 1599 sed,
1439 1562 1513 1591 cur
1543 1563 1626 1592 non
1658 1550 1845 1599 fecerint„

127 1623 336 1677 castigari.
401 1623 563 1677 (Sacch.
598 1637 629 1666 c.
658 1626 708 1666 12
742 1626 783 1666 et
813 1626 902 1667 Iuv‚
936 1626 959 1666 l.
996 1628 1046 1677 c.)

262 1699 322 1741 Et
363 1702 504 1741 autem
545 1712 589 1741 se
630 1704 743 1742 recte
783 1700 939 1742 habeat
981 1701 1186 1753 Magister
1229 1700 1339 1754 ipse,
1382 1700 1481 1742 dum
1524 1700 1742 1754 objurgat,
1783 1701 1846 1743 his

126 1774 304 1815 maxime
337 1773 498 1826 legibus
530 1774 788 1816 moderanda
821 1775 960 1816 omnia
992 1776 1070 1817 sibi
1103 1775 1328 1817 existimet.

266 1848 295 1889 Ι.
345 1849 450 1891 Cum
490 1852 533 1890 et
571 1849 695 1891 laude
727 1863 880 1903 pueros
914 1854 955 1892 et
988 1851 1192 1893 dedecore
1222 1851 1374 1892 ducere
1407 1864 1577 1893 necesse
1609 1851 1683 1903 sit,
1724 1851 1847 1893 dede-

127 1923 234 1966 coris
279 1927 440 1973 tamen,
486 1936 612 1977 quam
659 1924 816 1979 laudis,
863 1925 1030 1978 parcior
1075 1938 1166 1968 esse
1215 1930 1420 1979 perpetuo
1463 1926 1648 1968 studeat.
1729 1926 1843 1979 (Iuv.

128 2012 160 2041 c.
183 2000 210 2040 2
241 2011 277 2040 a.
304 2000 359 2052 1.)

264 2074 317 2116 II.
365 2074 566 2128 Apprime
598 2078 757 2124 caveat,
791 2088 843 2117 ne
875 2079 1060 2118 atrocem
1087 2076 1296 2132 animum,
1330 2077 1393 2118 vel
1427 2077 1610 2119 alienum
1633 2089 1847 2118 aversum—

127 2162 209 2202 que
241 2149 293 2191 ab
325 2162 392 2200 eo„
426 2162 549 2202 quem
582 2150 799 2206 objurgat,
831 2151 1110 2205 praeseferat.
1144 2152 1217 2194 sed
1250 2156 1472 2205 paternum
1505 2165 1672 2206 semper
1703 2164 1751 2194 ac
1781 2152 1846 2194 sui

128 2228 354 2277 potentem.
418 2225 523 2278 (Iuv.
558 2225 582 2265 l.
619 2237 651 2266 c.
686 2230 728 2267 et
759 2238 790 2268 c.
817 2227 841 2267 3
874 2238 908 2267 a.
935 2228 992 2278 2)

264 2305 338 2347 ΙΙΙ.
387 2305 423 2346 Α
455 2306 709 2347 contumelia
740 2306 851 2348 dicto
883 2308 1048 2349 factove
1074 2307 1292 2349 inferenda
1314 2308 1480 2349 omnino
1512 2308 1740 2359 abstineat3
1773 2321 1848 2350 nec

127 2381 207 2422 alio
240 2381 502 2433 quempiam,
544 2393 671 2434 quam
704 2394 780 2423 suo
813 2382 980 2423 nomine
1012 2383 1076 2424 vel
1110 2383 1356 2435 cognomine
1388 2383 1584 2436 appellet.
1650 2384 1767 2436 (Reg.
1793 2384 1848 2424 40

129 2456 261 2507 Com.)
322 2455 475 2497 Absint
516 2456 646 2509 igitur
689 2456 887 2512 indecora
926 2457 1154 2508 vocabula,
1198 2470 1306 2510 quae
1343 2457 1556 2499 interdum
1589 2470 1665 2510 pro
1699 2470 1848 2510 cogno-

128 2530 309 2572 minibus
349 2530 674 2575 adhaerescunt:
719 2532 859 2573 absint
890 2532 1019 2573 verba
1051 2535 1339 2585 contemptum
1373 2532 1569 2574 odiumve
1601 2533 1847 2585 redolentia,

127 2618 234 2659 quae
274 2605 507 2648 iaculorum
548 2607 684 2649 instar
726 2607 875 2649 acerbe
916 2606 1169 2661 infiguntur3
1215 2607 1356 2650 absint
1386 2621 1528 2658 voces,
1571 2621 1848 2661 quaecunque

126 2681 308 2734 patriam
340 2680 404 2722 vel
437 2693 567 2733 genus
602 2682 665 2724 vel
700 2682 801 2723 vitia
833 2682 1020 2735 corporis
1053 2685 1096 2723 et
1126 2686 1324 2729 naturae.
1368 2683 1402 2725 si
1435 2696 1544 2736 quae
1575 2684 1724 2738 insint,
1756 2696 1848 2737 per-

126 2756 352 2809 stringunt.
416 2757 535 2799 Talia
565 2757 719 2810 quippe
751 2757 991 2799 inimicitias
1025 2769 1105 2798 non
1138 2770 1234 2799 raro
1268 2758 1476 2800 suscitant
1508 2759 1622 2801 nullo
1655 2763 1846 2812 tempore

128 2831 400 2884 sepeliendas.
455 2832 517 2874 Ne
550 2836 710 2874 veteres
743 2832 912 2885 quidem
945 2831 1064 2873 facile
1096 2845 1229 2874 noxae
1262 2834 1583 2886 exprobrentur„
1616 2846 1722 2887 quas
1745 2834 1847 2875 obli-

128 2908 288 2948 teratas
311 2920 402 2949 esse
426 2908 626 2963 oportuit,
648 2921 699 2950 ne
720 2910 888 2950 tenaces
911 2912 953 2949 et
975 2907 1085 2949 avidi
1107 2908 1326 2950 criminum
1347 2909 1574 2951 videamur¹
1620 2909 1747 2951 Nulla
1768 2922 1847 2951 vox

131 2993 313 3034 unquam
346 2985 516 3034 praeter
547 2982 743 3024 decorum
777 2983 952 3024 excidat.
1002 2983 1113 3024 Nihil
1147 2988 1357 3037 erumpat,
1390 2984 1501 3037 quod
1526 2997 1619 3026 mox
1641 2984 1845 3026 indictum

128 3056 315 3099 velimus
349 3056 414 3097 vel
442 3069 525 3109 quo
558 3056 709 3099 deinde
740 3058 1040 3099 erubescamus
1075 3058 1249 3109 objecto.
1305 3060 1484 3100 Frustra
1516 3060 1624 3101 enim
1648 3072 1846 3101 revocare

129 3131 256 3173 verba
298 3144 514 3185 conemur,
558 3146 651 3175 cum
691 3133 963 3175 avolaverint.
1033 3134 1247 3188 Arripitur
1289 3134 1505 3176 confestim
1548 3134 1747 3188 quicquid
1787 3134 1846 3176 in-
