2164 3535
266 241 319 281 54
509 237 548 274 P.
574 237 771 282 Hermann,
799 241 955 281 quatuor
981 237 1105 282 capita
1131 237 1319 272 literarum
1345 237 1609 272 humaniorum.
1663 238 1760 273 1766.

393 533 591 587 Erlass
637 533 737 587 des
784 532 1144 586 Provinzials
1190 530 1259 586 Gr.
1306 530 1604 585 Hermann
1649 531 1740 586 fiir
1786 532 1876 585 die

265 637 728 692 oberdeutschen
759 634 1123 709 Gymnasien
1167 636 1310 690 iiber
1355 636 1465 690 den
1497 636 1997 690 humanistischen

648 741 959 815 Lehrplan.
1048 743 1096 795 7.
1142 740 1402 794 Februar
1449 741 1618 794 1766.

841 853 908 899 (Α.
934 854 981 891 e.
1006 854 1127 890 xm.
1154 854 1225 899 Na,
1253 854 1276 889 2
1303 863 1336 890 s.
1363 854 1423 898 p.)

266 969 512 1020 Quatuor
550 970 750 1025 capita7
788 983 925 1023 quae
965 970 1028 1013 ad
1061 969 1258 1012 Studia
1295 970 1589 1011 literarum
1628 969 1998 1012 humaniorum

982 1045 1285 1099 pertinent.

406 1151 440 1190 1.
491 1148 596 1191 Cum
634 1151 870 1203 praesentis
904 1150 1106 1203 temporis
1140 1149 1370 1192 necessitas
1403 1149 1643 1191 uberiorem
1675 1149 1802 1191 etiam
1833 1150 1875 1191 in
1907 1149 2000 1192 Dis-

264 1224 412 1277 cipulis
444 1224 602 1266 nostris
634 1225 863 1267 Doctrinae
895 1225 1149 1267 christianae
1181 1225 1376 1266 notitiam
1418 1225 1579 1277 exigat,
1624 1228 1753 1279 atque
1795 1225 1848 1267 ad
1889 1225 2000 1268 hunc

263 1298 388 1341 finem
428 1302 692 1353 opportunus
736 1300 790 1341 sit
830 1301 944 1342 visus
988 1300 1269 1342 catechismus
1313 1313 1337 1342 a
1367 1300 1412 1341 P.
1449 1300 1768 1354 Widenhofer1)
1812 1300 1999 1342 nonnihil

263 1377 428 1429 auctus,
462 1374 513 1416 de
545 1374 691 1416 ordine
723 1378 766 1417 et
787 1375 911 1418 modo
934 1376 1053 1417 illum
1078 1375 1321 1418 addiscendi
1345 1376 1567 1428 sequentia
1588 1379 1689 1417 sunt
1711 1375 1998 1418 observanda:

400 1450 449 1491 In
481 1450 827 1492 Rudimentis
867 1451 1005 1493 solum
1046 1451 1279 1493 addiscitur
1321 1454 1448 1504 caput
1486 1452 1693 1505 primum,
1733 1452 1774 1493 in
1807 1451 1998 1493 Gram-

263 1527 457 1568 matica
487 1526 671 1580 primum
703 1529 746 1569 et
776 1527 1024 1582 secundum,
1056 1527 1098 1568 in
1122 1526 1352 1580 Syntaxi
1385 1527 1586 1569 minore
1618 1527 1816 1581 primum,
1849 1539 1998 1569 secun-

264 1601 365 1643 dum
407 1605 449 1643 et
487 1602 683 1654 tertium,
728 1602 984 1656 Syntaxis
1026 1603 1193 1656 major
1225 1602 1576 1655 praecedentibus
1609 1602 1818 1656 capitibus
1852 1614 1999 1655 super-

264 1676 382 1718 addit
413 1679 629 1733 quartum,
661 1677 849 1719 Poesis
883 1678 1091 1733 quintum,
1124 1678 1415 1720 Rhetorica
1448 1678 1588 1719 omnia
1620 1678 1807 1731 quinque
1827 1677 1994 1730 repetit.

263 1752 311 1794 In
343 1752 392 1793 iis
424 1754 566 1794 tamen
589 1752 843 1809 Gymnasiis,
876 1754 917 1794 in
949 1753 1104 1806 quibus
1126 1752 1324 1807 Syntaxis
1356 1754 1493 1795 minor
1525 1757 1590 1795 est
1622 1753 1794 1803 abolita,
1827 1754 1869 1794 in
1893 1752 1997 1807 Syn-

265 1827 351 1869 taxi
391 1830 561 1881 praeter
601 1829 744 1882 priora
787 1829 925 1882 capita
958 1828 1191 1871 addiscitur
1222 1829 1417 1882 tortium,
1459 1829 1500 1870 in
1532 1829 1654 1871 Po‘esi
1687 1832 1912 1883 quartum,
1954 1828 1995 1869 in

263 1902 489 1946 Rhetorica
522 1904 731 1957 quintum.

402 1979 492 2021 Hoc
524 1978 694 2032 quidem
727 1992 836 2022 anno
869 1980 1034 2022 initium
1067 1979 1113 2021 fit
1144 1980 1186 2021 in
1219 1980 1318 2021 solis
1346 1980 1626 2030 Rudimentis,
1660 1991 1768 2021 anno
1802 1979 1996 2033 sequenti

264 2055 457 2108 sequitur
480 2054 781 2109 Grammatiea,
814 2059 855 2097 et
887 2056 945 2097 sic
978 2055 1187 2108 deinceps.
1223 2055 1323 2096 dum
1357 2068 1465 2097 anno
1499 2055 1647 2096 ultimo
1677 2055 1805 2097 etiam
1827 2055 1868 2096 in
1891 2054 1999 2096 Rhe-

262 2129 396 2171 torica
428 2129 617 2182 adeoque
648 2130 689 2171 in
722 2142 866 2172 omnes
899 2130 1064 2172 scholas
1098 2130 1378 2172 catechismus
1412 2131 1466 2172 sit
1496 2131 1699 2172 invectus.
1763 2130 1883 2171 Intra
1922 2129 1999 2171 hoc

265 2208 432 2257 tempus
474 2205 570 2246 illae
611 2204 812 2258 SchoIae,
865 2218 972 2258 quas
1012 2206 1115 2247 ordo
1158 2206 1346 2247 nondum
1390 2206 1545 2258 tangit,
1590 2219 1750 2247 morem
1792 2206 1997 2247 hactenus

265 2283 520 2333 usurpatum
553 2281 810 2323 continuent.

405 2355 525 2397 Circa
554 2355 726 2397 modum
759 2355 1001 2398 addiscendi
1034 2356 1168 2409 primo
1202 2357 1360 2398 'sextus
1389 2357 1497 2398 sacri
1530 2370 1704 2409 prorsus
1737 2360 1882 2398 exacte
1915 2369 1998 2398 me-

266 2431 439 2473 moriter
470 2432 725 2487 recitantur,
765 2432 949 2474 secundo
983 2433 1076 2486 ipsa
1108 2433 1350 2475 catechismi
1383 2434 1512 2475 verba
1544 2434 1585 2474 in
1618 2432 1764 2487 primis
1796 2434 1821 2473 4
1856 2432 1999 2473 classi-

265 2506 343 2547 bus
376 2507 537 2560 pariter
569 2508 804 2550 recitantur
835 2521 856 2549 c
889 2508 1104 2557 memoria,
1136 2508 1196 2549 ita
1225 2512 1378 2557 tamen,
1414 2512 1462 2550 ut
1485 2508 1745 2561 repetitionis
1769 2507 1996 2548 verborum

266 2584 341 2622 aut
370 2581 662 2624 haesitationis
700 2582 818 2624 nulla
850 2583 1017 2624 omnino
1049 2582 1259 2625 habeatur
1290 2584 1418 2636 rati03
1462 2583 1722 2625 substituere
1754 2586 1896 2624 autem
1928 2594 1997 2623 vo-

404 2719 430 2761 l)
457 2718 574 2752 Franz
602 2719 840 2754 Widenhofer
867 2720 900 2754 S.
928 2721 962 2755 J.
989 2720 1129 2759 (Fulda
1158 2722 1262 2766 1708,
1300 2723 1403 2765 1729,
1442 2724 1548 2758 17551
1586 2721 1728 2755 schrieb
1764 2721 1857 2755 auch
1883 2719 1996 2754 Rudi-

265 2780 386 2809 menta
417 2776 589 2811 hebraica
615 2776 803 2821 Herbipoli
842 2780 929 2814 1747
962 2779 1035 2813 und
1063 2779 1287 2814 Exercitium
1321 2779 1530 2814 hebraicum
1567 2779 1651 2813 ibid.
1705 2779 1780 2813 Der
1805 2778 1899 2813 Titel
1933 2777 1995 2811 des

265 2833 513 2868 Catechismus
540 2834 670 2868 lautet:
700 2835 787 2869 Ven.
816 2835 854 2869 P.
882 2835 920 2869 P.
950 2837 1084 2871 Canisii
1114 2837 1146 2871 S.
1171 2836 1204 2872 J.
1234 2837 1483 2871 Catechismus
1510 2838 1626 2871 minor
1653 2848 1746 2871 1111110
1774 2837 1810 2870 in
1840 2837 1994 2880 gratiam

265 2892 448 2927 studiosae
471 2893 674 2935 juventutis
701 2904 746 2927 ex
773 2894 933 2937 ejusdem
953 2896 1041 2929 Ven.
1060 2895 1180 2930 Patris
1206 2895 1341 2939 majore
1370 2906 1476 2939 opere
1504 2895 1745 2930 Catechistico
1775 2895 1887 2929 saeris
1914 2905 1992 2929 sen-

264 2950 387 2984 tentiis
423 2955 531 2993 atque
566 2950 741 2994 exemplis
774 2956 902 2985 auctus
936 2962 957 2986 a
988 2952 1027 2986 P.
1063 2952 1122 2987 Fr.
1150 2953 1238 2987 Xav.
1267 2953 1505 2987 Widenhofer
1540 2953 1761 2997 Herbipolae
1800 2955 1903 2996 1750,
1938 2954 1993 2988 80.

264 3018 322 3051 pp.
342 3010 396 3051 96,
423 3008 588 3042 mehrere
614 3007 805 3052 Auflagen‚
833 3009 926 3043 auch
954 3010 1122 3046 deutsch:
1151 3011 1300 3053 Auszug
1325 3010 1389 3044 der
1415 3010 1651 3045 christlichen
1678 3010 1796 3045 Lehre
1823 3021 1904 3044 zum
1924 3011 1993 3045 Ge-

267 3064 403 3098 brauch
432 3064 495 3098 der
522 3065 779 3100 studierenden
807 3066 964 3111 Jugend,
992 3068 1185 3111 Augsburg
1214 3069 1320 3105 1769:
1348 3069 1440 3102 auch
1468 3069 1586 3102 dieser
1613 3069 1786 3103 deutsche
1808 3069 1991 3103 Catechis-

264 3132 342 3156 mus
369 3122 415 3156 ist
434 3122 485 3156 oft
511 3122 704 3167 aufgelegt,
731 3123 823 3158 noch
851 3124 1029 3167 Freiburg
1049 3126 1192 3167 (Schw.)
1223 3129 1319 3160 1838.
1362 3126 1480 3168 Vergl.
1508 3126 1656 3169 tFedcr)
1685 3127 1902 3161 Geschichte
1928 3126 1990 3160 des

264 3178 661 3215 Katechismuswesens
688 3181 735 3215 im
762 3181 1009 3226 Wiirzburger
1033 3183 1185 3229 Bistum,
1212 3184 1411 3219 Heilbronn
1441 3186 1537 3220 1794.
