<?xml version="1.0" encoding="UTF-8"?>
<!DOCTYPE html PUBLIC "-//W3C//DTD XHTML 1.0 Transitional//EN"
    "http://www.w3.org/TR/xhtml1/DTD/xhtml1-transitional.dtd">
<html xmlns="http://www.w3.org/1999/xhtml" xml:lang="en" lang="en">
 <head>
  <title>
</title>
<meta http-equiv="Content-Type" content="text/html;charset=utf-8" />
  <meta name='ocr-system' content='tesseract 3.04.00' />
  <meta name='ocr-capabilities' content='ocr_page ocr_carea ocr_par ocr_line ocrx_word'/>
</head>
<body>
  <div class='ocr_page' id='page_1' title='image "./ratiostudiorumet16jesu_0289.png"; bbox 0 0 2164 3535; ppageno 0'>
   <div class='ocr_carea' id='block_1_1' title="bbox 453 233 1886 278">
    <p class='ocr_par' dir='ltr' id='par_1_1' title="bbox 453 233 1886 278">
     <span class='ocr_line' id='line_1_1' title="bbox 453 233 1886 278; baseline 0.001 -10"><span class='ocrx_word' id='word_1_1' title='bbox 453 233 702 269; x_wconf 87' lang='lat' dir='ltr'>Gemeinsame</span> <span class='ocrx_word' id='word_1_2' title='bbox 729 233 1062 278; x_wconf 86' lang='lat' dir='ltr'>Convictsordnung</span> <span class='ocrx_word' id='word_1_3' title='bbox 1087 233 1151 269; x_wconf 87' lang='lat' dir='ltr'>der</span> <span class='ocrx_word' id='word_1_4' title='bbox 1176 237 1302 268; x_wconf 76' lang='lat' dir='ltr'>osterr.</span> <span class='ocrx_word' id='word_1_5' title='bbox 1328 233 1481 268; x_wconf 89' lang='lat' dir='ltr'>Provinz</span> <span class='ocrx_word' id='word_1_6' title='bbox 1510 236 1608 269; x_wconf 82' lang='lat'>1654.</span> <span class='ocrx_word' id='word_1_7' title='bbox 1805 236 1886 277; x_wconf 80' lang='lat'>265</span> 
     </span>
    </p>
   </div>
   <div class='ocr_carea' id='block_1_2' title="bbox 168 309 368 313">
    <p class='ocr_par' dir='ltr' id='par_1_2' title="bbox 168 309 368 313">
     <span class='ocr_line' id='line_1_2' title="bbox 168 309 368 313; baseline 0 0"><span class='ocrx_word' id='word_1_8' title='bbox 168 309 368 313; x_wconf 95' lang='lat' dir='ltr'> </span> 
     </span>
    </p>
   </div>
   <div class='ocr_carea' id='block_1_3' title="bbox 610 306 1253 314">
    <p class='ocr_par' dir='ltr' id='par_1_3' title="bbox 610 306 1253 314">
     <span class='ocr_line' id='line_1_3' title="bbox 610 306 1253 314; baseline 0 0"><span class='ocrx_word' id='word_1_9' title='bbox 610 306 1253 314; x_wconf 95' lang='lat' dir='ltr'> </span> 
     </span>
    </p>
   </div>
   <div class='ocr_carea' id='block_1_4' title="bbox 140 373 1890 653">
    <p class='ocr_par' dir='ltr' id='par_1_4' title="bbox 140 373 1890 653">
     <span class='ocr_line' id='line_1_4' title="bbox 306 373 1890 429; baseline 0 -14"><span class='ocrx_word' id='word_1_10' title='bbox 306 376 344 416; x_wconf 84' lang='lat'>7.</span> <span class='ocrx_word' id='word_1_11' title='bbox 384 374 629 417; x_wconf 87' lang='lat' dir='ltr'>Visitabunt</span> <span class='ocrx_word' id='word_1_12' title='bbox 661 387 806 429; x_wconf 90' lang='lat' dir='ltr'>mane,</span> <span class='ocrx_word' id='word_1_13' title='bbox 839 387 933 416; x_wconf 92' lang='lat' dir='ltr'>cum</span> <span class='ocrx_word' id='word_1_14' title='bbox 967 374 1227 427; x_wconf 89' lang='lat' dir='ltr'>surgendum</span> <span class='ocrx_word' id='word_1_15' title='bbox 1259 374 1360 429; x_wconf 90' lang='lat' dir='ltr'>erit,</span> <span class='ocrx_word' id='word_1_16' title='bbox 1393 377 1436 416; x_wconf 90' lang='lat' dir='ltr'>et</span> <span class='ocrx_word' id='word_1_17' title='bbox 1468 386 1662 429; x_wconf 89' lang='lat' dir='ltr'>vespere,</span> <span class='ocrx_word' id='word_1_18' title='bbox 1694 386 1787 416; x_wconf 89' lang='lat' dir='ltr'>cum</span> <span class='ocrx_word' id='word_1_19' title='bbox 1821 373 1890 416; x_wconf 85' lang='lat' dir='ltr'>de·</span> 
     </span>
     <span class='ocr_line' id='line_1_5' title="bbox 140 448 1889 505; baseline -0.001 -14"><span class='ocrx_word' id='word_1_20' title='bbox 140 449 475 505; x_wconf 68' lang='lat' dir='ltr'>.cumbendum,</span> <span class='ocrx_word' id='word_1_21' title='bbox 517 448 765 502; x_wconf 87' lang='lat' dir='ltr'>dabuntque</span> <span class='ocrx_word' id='word_1_22' title='bbox 806 461 1000 503; x_wconf 80' lang='lat' dir='ltr'>operam,</span> <span class='ocrx_word' id='word_1_23' title='bbox 1042 452 1091 490; x_wconf 91' lang='lat' dir='ltr'>ut</span> <span class='ocrx_word' id='word_1_24' title='bbox 1132 461 1226 491; x_wconf 90' lang='lat' dir='ltr'>cum</span> <span class='ocrx_word' id='word_1_25' title='bbox 1270 448 1362 502; x_wconf 84' lang='lat' dir='ltr'>alijs</span> <span class='ocrx_word' id='word_1_26' title='bbox 1403 451 1493 490; x_wconf 90' lang='lat' dir='ltr'>tum</span> <span class='ocrx_word' id='word_1_27' title='bbox 1535 448 1599 490; x_wconf 88' lang='lat' dir='ltr'>his</span> <span class='ocrx_word' id='word_1_28' title='bbox 1640 448 1889 502; x_wconf 90' lang='lat' dir='ltr'>praesertim</span> 
     </span>
     <span class='ocr_line' id='line_1_6' title="bbox 172 523 1889 578; baseline -0.001 -12"><span class='ocrx_word' id='word_1_29' title='bbox 172 525 432 578; x_wconf 80' lang='lat' dir='ltr'>temporibus</span> <span class='ocrx_word' id='word_1_30' title='bbox 470 528 664 567; x_wconf 90' lang='lat' dir='ltr'>servetur</span> <span class='ocrx_word' id='word_1_31' title='bbox 701 524 908 566; x_wconf 88' lang='lat' dir='ltr'>modestia</span> <span class='ocrx_word' id='word_1_32' title='bbox 941 536 1034 566; x_wconf 90' lang='lat' dir='ltr'>cum</span> <span class='ocrx_word' id='word_1_33' title='bbox 1078 524 1255 567; x_wconf 87' lang='lat' dir='ltr'>silentio.</span> <span class='ocrx_word' id='word_1_34' title='bbox 1319 523 1510 565; x_wconf 85' lang='lat' dir='ltr'>Luminis</span> <span class='ocrx_word' id='word_1_35' title='bbox 1543 535 1712 576; x_wconf 90' lang='lat' dir='ltr'>quoque</span> <span class='ocrx_word' id='word_1_36' title='bbox 1744 535 1889 564; x_wconf 89' lang='lat' dir='ltr'>curam</span> 
     </span>
     <span class='ocr_line' id='line_1_7' title="bbox 168 599 1175 653; baseline -0.001 -12"><span class='ocrx_word' id='word_1_37' title='bbox 168 599 385 641; x_wconf 88' lang='lat' dir='ltr'>habebunt</span> <span class='ocrx_word' id='word_1_38' title='bbox 417 600 469 641; x_wconf 88' lang='lat' dir='ltr'>ad</span> <span class='ocrx_word' id='word_1_39' title='bbox 501 599 731 642; x_wconf 85' lang='lat' dir='ltr'>avertenda</span> <span class='ocrx_word' id='word_1_40' title='bbox 762 599 951 652; x_wconf 89' lang='lat' dir='ltr'>pericula</span> <span class='ocrx_word' id='word_1_41' title='bbox 982 599 1175 653; x_wconf 89' lang='lat' dir='ltr'>incendij.</span> 
     </span>
    </p>
   </div>
   <div class='ocr_carea' id='block_1_5' title="bbox 168 684 1893 1028">
    <p class='ocr_par' dir='ltr' id='par_1_5' title="bbox 168 684 1893 1028">
     <span class='ocr_line' id='line_1_8' title="bbox 304 684 1892 739; baseline -0.001 -13"><span class='ocrx_word' id='word_1_42' title='bbox 304 687 341 727; x_wconf 85' lang='grc'>8.</span> <span class='ocrx_word' id='word_1_43' title='bbox 375 685 616 739; x_wconf 82' lang='lat' dir='ltr'>Antequam</span> <span class='ocrx_word' id='word_1_44' title='bbox 649 686 702 728; x_wconf 85' lang='lat' dir='ltr'>ad</span> <span class='ocrx_word' id='word_1_45' title='bbox 734 685 900 728; x_wconf 90' lang='lat' dir='ltr'>scholas</span> <span class='ocrx_word' id='word_1_46' title='bbox 933 686 989 727; x_wconf 83' lang='lat' dir='ltr'>sit</span> <span class='ocrx_word' id='word_1_47' title='bbox 1020 685 1229 734; x_wconf 80' lang='lat' dir='ltr'>eundum;</span> <span class='ocrx_word' id='word_1_48' title='bbox 1262 699 1392 739; x_wconf 86' lang='lat' dir='ltr'>pensa</span> <span class='ocrx_word' id='word_1_49' title='bbox 1424 684 1689 739; x_wconf 89' lang='lat' dir='ltr'>scholastica,</span> <span class='ocrx_word' id='word_1_50' title='bbox 1723 687 1771 726; x_wconf 90' lang='lat' dir='ltr'>ut</span> <span class='ocrx_word' id='word_1_51' title='bbox 1792 686 1892 726; x_wconf 92' lang='lat' dir='ltr'>sunt</span> 
     </span>
     <span class='ocr_line' id='line_1_9' title="bbox 168 758 1890 814; baseline -0.002 -11"><span class='ocrx_word' id='word_1_52' title='bbox 168 761 440 814; x_wconf 65' lang='lat' dir='ltr'>scriptiones,</span> <span class='ocrx_word' id='word_1_53' title='bbox 473 761 672 803; x_wconf 90' lang='lat' dir='ltr'>lectiones</span> <span class='ocrx_word' id='word_1_54' title='bbox 706 760 758 802; x_wconf 92' lang='lat' dir='ltr'>ab</span> <span class='ocrx_word' id='word_1_55' title='bbox 790 760 864 813; x_wconf 73' lang='lat' dir='ltr'>ijs,</span> <span class='ocrx_word' id='word_1_56' title='bbox 897 759 969 812; x_wconf 91' lang='lat' dir='ltr'>qui</span> <span class='ocrx_word' id='word_1_57' title='bbox 1003 760 1045 801; x_wconf 91' lang='lat' dir='ltr'>in</span> <span class='ocrx_word' id='word_1_58' title='bbox 1078 759 1312 802; x_wconf 90' lang='lat' dir='ltr'>minoribus</span> <span class='ocrx_word' id='word_1_59' title='bbox 1344 760 1497 802; x_wconf 88' lang='lat' dir='ltr'>scholis</span> <span class='ocrx_word' id='word_1_60' title='bbox 1530 762 1778 814; x_wconf 78' lang='lat' dir='ltr'>versantur,</span> <span class='ocrx_word' id='word_1_61' title='bbox 1810 758 1890 800; x_wconf 83' lang='lat' dir='ltr'>exi-</span> 
     </span>
     <span class='ocr_line' id='line_1_10' title="bbox 173 834 1891 890; baseline -0.001 -13"><span class='ocrx_word' id='word_1_62' title='bbox 173 838 291 890; x_wconf 83' lang='lat' dir='ltr'>gent,</span> <span class='ocrx_word' id='word_1_63' title='bbox 340 835 594 888; x_wconf 90' lang='lat' dir='ltr'>eosdemque</span> <span class='ocrx_word' id='word_1_64' title='bbox 637 835 747 877; x_wconf 90' lang='lat' dir='ltr'>bono</span> <span class='ocrx_word' id='word_1_65' title='bbox 788 834 933 876; x_wconf 86' lang='lat' dir='ltr'>ordine</span> <span class='ocrx_word' id='word_1_66' title='bbox 977 834 1030 876; x_wconf 86' lang='lat' dir='ltr'>ad</span> <span class='ocrx_word' id='word_1_67' title='bbox 1071 834 1236 876; x_wconf 88' lang='lat' dir='ltr'>scholas</span> <span class='ocrx_word' id='word_1_68' title='bbox 1279 834 1511 887; x_wconf 80' lang='lat' dir='ltr'>deducent,</span> <span class='ocrx_word' id='word_1_69' title='bbox 1554 835 1664 877; x_wconf 91' lang='lat' dir='ltr'>sicut</span> <span class='ocrx_word' id='word_1_70' title='bbox 1705 837 1748 876; x_wconf 90' lang='lat' dir='ltr'>et</span> <span class='ocrx_word' id='word_1_71' title='bbox 1788 834 1891 875; x_wconf 91' lang='lat' dir='ltr'>alios</span> 
     </span>
     <span class='ocr_line' id='line_1_11' title="bbox 169 909 1893 963; baseline -0.001 -11"><span class='ocrx_word' id='word_1_72' title='bbox 169 923 325 952; x_wconf 89' lang='lat' dir='ltr'>omnes.</span> <span class='ocrx_word' id='word_1_73' title='bbox 376 911 509 952; x_wconf 85' lang='lat' dir='ltr'>Vsum</span> <span class='ocrx_word' id='word_1_74' title='bbox 542 910 710 963; x_wconf 83' lang='lat' dir='ltr'>linguae</span> <span class='ocrx_word' id='word_1_75' title='bbox 743 910 899 952; x_wconf 89' lang='lat' dir='ltr'>latinae</span> <span class='ocrx_word' id='word_1_76' title='bbox 923 909 1138 962; x_wconf 85' lang='lat' dir='ltr'>urgebunt</span> <span class='ocrx_word' id='word_1_77' title='bbox 1169 912 1212 951; x_wconf 91' lang='lat' dir='ltr'>et</span> <span class='ocrx_word' id='word_1_78' title='bbox 1233 909 1416 951; x_wconf 90' lang='lat' dir='ltr'>minores</span> <span class='ocrx_word' id='word_1_79' title='bbox 1448 909 1488 950; x_wconf 89' lang='lat' dir='ltr'>in</span> <span class='ocrx_word' id='word_1_80' title='bbox 1522 909 1742 951; x_wconf 91' lang='lat' dir='ltr'>scribendo</span> <span class='ocrx_word' id='word_1_81' title='bbox 1777 921 1893 951; x_wconf 85' lang='lat' dir='ltr'>exer-</span> 
     </span>
     <span class='ocr_line' id='line_1_12' title="bbox 168 984 505 1028; baseline -0.006 0"><span class='ocrx_word' id='word_1_82' title='bbox 168 985 251 1028; x_wconf 85' lang='lat' dir='ltr'>ceri</span> <span class='ocrx_word' id='word_1_83' title='bbox 283 984 505 1027; x_wconf 89' lang='lat' dir='ltr'>curabunt.</span> 
     </span>
    </p>
   </div>
   <div class='ocr_carea' id='block_1_6' title="bbox 167 1069 1895 1425">
    <p class='ocr_par' dir='ltr' id='par_1_6' title="bbox 167 1069 1895 1425">
     <span class='ocr_line' id='line_1_13' title="bbox 305 1069 1892 1125; baseline 0 -14"><span class='ocrx_word' id='word_1_84' title='bbox 305 1073 341 1111; x_wconf 83' lang='lat'>9.</span> <span class='ocrx_word' id='word_1_85' title='bbox 391 1071 574 1113; x_wconf 87' lang='lat' dir='ltr'>Libellos</span> <span class='ocrx_word' id='word_1_86' title='bbox 606 1071 823 1113; x_wconf 90' lang='lat' dir='ltr'>habebunt</span> <span class='ocrx_word' id='word_1_87' title='bbox 854 1072 894 1113; x_wconf 92' lang='lat' dir='ltr'>in</span> <span class='ocrx_word' id='word_1_88' title='bbox 926 1074 1150 1125; x_wconf 80' lang='lat' dir='ltr'>promptu,</span> <span class='ocrx_word' id='word_1_89' title='bbox 1192 1071 1235 1112; x_wconf 91' lang='lat' dir='ltr'>in</span> <span class='ocrx_word' id='word_1_90' title='bbox 1268 1083 1374 1124; x_wconf 88' lang='lat' dir='ltr'>quos</span> <span class='ocrx_word' id='word_1_91' title='bbox 1406 1071 1586 1112; x_wconf 85' lang='lat' dir='ltr'>virtutes</span> <span class='ocrx_word' id='word_1_92' title='bbox 1630 1073 1673 1112; x_wconf 91' lang='lat' dir='ltr'>et</span> <span class='ocrx_word' id='word_1_93' title='bbox 1705 1069 1892 1112; x_wconf 88' lang='lat' dir='ltr'>defectus</span> 
     </span>
     <span class='ocr_line' id='line_1_14' title="bbox 176 1144 1895 1199; baseline -0.001 -12"><span class='ocrx_word' id='word_1_94' title='bbox 176 1147 372 1188; x_wconf 87' lang='lat' dir='ltr'>iuvenum</span> <span class='ocrx_word' id='word_1_95' title='bbox 408 1146 650 1199; x_wconf 82' lang='lat' dir='ltr'>conijcient,</span> <span class='ocrx_word' id='word_1_96' title='bbox 693 1150 741 1187; x_wconf 92' lang='lat' dir='ltr'>ut</span> <span class='ocrx_word' id='word_1_97' title='bbox 772 1159 848 1188; x_wconf 91' lang='lat' dir='ltr'>suo</span> <span class='ocrx_word' id='word_1_98' title='bbox 882 1150 1072 1199; x_wconf 88' lang='lat' dir='ltr'>tempore</span> <span class='ocrx_word' id='word_1_99' title='bbox 1111 1146 1164 1188; x_wconf 90' lang='lat' dir='ltr'>ad</span> <span class='ocrx_word' id='word_1_100' title='bbox 1196 1146 1427 1198; x_wconf 86' lang='lat' dir='ltr'>Regentem</span> <span class='ocrx_word' id='word_1_101' title='bbox 1469 1145 1656 1188; x_wconf 87' lang='lat' dir='ltr'>referant</span> <span class='ocrx_word' id='word_1_102' title='bbox 1687 1144 1739 1186; x_wconf 90' lang='lat' dir='ltr'>ad</span> <span class='ocrx_word' id='word_1_103' title='bbox 1772 1144 1895 1186; x_wconf 90' lang='lat' dir='ltr'>casti-</span> 
     </span>
     <span class='ocr_line' id='line_1_15' title="bbox 170 1219 1895 1276; baseline -0.001 -14"><span class='ocrx_word' id='word_1_104' title='bbox 170 1221 369 1274; x_wconf 86' lang='lat' dir='ltr'>gandum,</span> <span class='ocrx_word' id='word_1_105' title='bbox 403 1222 436 1263; x_wconf 93' lang='lat' dir='ltr'>si</span> <span class='ocrx_word' id='word_1_106' title='bbox 468 1221 522 1263; x_wconf 87' lang='lat' dir='ltr'>sit</span> <span class='ocrx_word' id='word_1_107' title='bbox 555 1234 672 1276; x_wconf 83' lang='lat' dir='ltr'>opus,</span> <span class='ocrx_word' id='word_1_108' title='bbox 707 1234 754 1263; x_wconf 91' lang='lat' dir='ltr'>ac</span> <span class='ocrx_word' id='word_1_109' title='bbox 786 1221 1108 1263; x_wconf 88' lang='lat' dir='ltr'>emendandum.</span> <span class='ocrx_word' id='word_1_110' title='bbox 1160 1221 1382 1263; x_wconf 83' lang='lat' dir='ltr'>Notabunt</span> <span class='ocrx_word' id='word_1_111' title='bbox 1415 1224 1557 1262; x_wconf 90' lang='lat' dir='ltr'>autem</span> <span class='ocrx_word' id='word_1_112' title='bbox 1588 1220 1700 1261; x_wconf 89' lang='lat' dir='ltr'>inter</span> <span class='ocrx_word' id='word_1_113' title='bbox 1732 1219 1895 1272; x_wconf 88' lang='lat' dir='ltr'>reliqua</span> 
     </span>
     <span class='ocr_line' id='line_1_16' title="bbox 170 1294 1895 1349; baseline -0.002 -11"><span class='ocrx_word' id='word_1_114' title='bbox 170 1297 319 1338; x_wconf 90' lang='lat' dir='ltr'>nimias</span> <span class='ocrx_word' id='word_1_115' title='bbox 351 1296 662 1338; x_wconf 78' lang='lat' dir='ltr'>familiaritates</span> <span class='ocrx_word' id='word_1_116' title='bbox 695 1297 782 1338; x_wconf 91' lang='lat' dir='ltr'>sive</span> <span class='ocrx_word' id='word_1_117' title='bbox 815 1309 910 1338; x_wconf 91' lang='lat' dir='ltr'>cum</span> <span class='ocrx_word' id='word_1_118' title='bbox 944 1296 1186 1338; x_wconf 84' lang='lat' dir='ltr'>domesticis</span> <span class='ocrx_word' id='word_1_119' title='bbox 1226 1296 1313 1338; x_wconf 87' lang='lat' dir='ltr'>sive</span> <span class='ocrx_word' id='word_1_120' title='bbox 1345 1309 1439 1338; x_wconf 90' lang='lat' dir='ltr'>cum</span> <span class='ocrx_word' id='word_1_121' title='bbox 1474 1294 1683 1349; x_wconf 89' lang='lat' dir='ltr'>externis,</span> <span class='ocrx_word' id='word_1_122' title='bbox 1725 1306 1895 1349; x_wconf 87' lang='lat' dir='ltr'>easque,</span> 
     </span>
     <span class='ocr_line' id='line_1_17' title="bbox 167 1368 1895 1425; baseline -0.002 -12"><span class='ocrx_word' id='word_1_123' title='bbox 167 1372 202 1413; x_wconf 90' lang='lat' dir='ltr'>si</span> <span class='ocrx_word' id='word_1_124' title='bbox 243 1374 466 1424; x_wconf 84' lang='lat' dir='ltr'>suspectae</span> <span class='ocrx_word' id='word_1_125' title='bbox 515 1371 692 1423; x_wconf 83' lang='lat' dir='ltr'>fuerint,</span> <span class='ocrx_word' id='word_1_126' title='bbox 739 1372 990 1425; x_wconf 87' lang='lat' dir='ltr'>quantocius</span> <span class='ocrx_word' id='word_1_127' title='bbox 1040 1371 1212 1414; x_wconf 90' lang='lat' dir='ltr'>dissolvi</span> <span class='ocrx_word' id='word_1_128' title='bbox 1263 1371 1483 1414; x_wconf 86' lang='lat' dir='ltr'>curabunt.</span> <span class='ocrx_word' id='word_1_129' title='bbox 1561 1370 1708 1423; x_wconf 88' lang='lat' dir='ltr'>Neque</span> <span class='ocrx_word' id='word_1_130' title='bbox 1756 1368 1895 1410; x_wconf 88' lang='lat' dir='ltr'>minus</span> 
     </span>
    </p>
   </div>
   <div class='ocr_carea' id='block_1_7' title="bbox 168 1444 1895 1562">
    <p class='ocr_par' dir='ltr' id='par_1_7' title="bbox 168 1444 1895 1562">
     <span class='ocr_line' id='line_1_18' title="bbox 170 1444 1895 1500; baseline -0.002 -12"><span class='ocrx_word' id='word_1_131' title='bbox 170 1446 380 1488; x_wconf 89' lang='lat' dir='ltr'>cavebunt</span> <span class='ocrx_word' id='word_1_132' title='bbox 409 1445 503 1500; x_wconf 89' lang='lat' dir='ltr'>ipsi,</span> <span class='ocrx_word' id='word_1_133' title='bbox 531 1448 535 1497; x_wconf 68' lang='lat' dir='ltr'>l</span> <span class='ocrx_word' id='word_1_134' title='bbox 564 1458 615 1487; x_wconf 88' lang='lat' dir='ltr'>ne</span> <span class='ocrx_word' id='word_1_135' title='bbox 647 1444 936 1488; x_wconf 84' lang='lat' dir='ltr'>familiaritate</span> <span class='ocrx_word' id='word_1_136' title='bbox 969 1459 1016 1488; x_wconf 87' lang='lat' dir='ltr'>ac</span> <span class='ocrx_word' id='word_1_137' title='bbox 1047 1445 1310 1499; x_wconf 81' lang='lat' dir='ltr'>indulgentia</span> <span class='ocrx_word' id='word_1_138' title='bbox 1339 1458 1440 1499; x_wconf 88' lang='lat' dir='ltr'>erga</span> <span class='ocrx_word' id='word_1_139' title='bbox 1463 1445 1672 1499; x_wconf 89' lang='lat' dir='ltr'>quosdam</span> <span class='ocrx_word' id='word_1_140' title='bbox 1695 1445 1780 1487; x_wconf 91' lang='lat' dir='ltr'>sint</span> <span class='ocrx_word' id='word_1_141' title='bbox 1802 1444 1895 1497; x_wconf 89' lang='lat' dir='ltr'>alijs</span> 
     </span>
     <span class='ocr_line' id='line_1_19' title="bbox 168 1520 429 1562; baseline -0.004 0"><span class='ocrx_word' id='word_1_142' title='bbox 168 1520 429 1562; x_wconf 83' lang='lat' dir='ltr'>offendiculo.</span> 
     </span>
    </p>
   </div>
   <div class='ocr_carea' id='block_1_8' title="bbox 168 1606 1899 2036">
    <p class='ocr_par' dir='ltr' id='par_1_8' title="bbox 168 1606 1899 2036">
     <span class='ocr_line' id='line_1_20' title="bbox 307 1606 1897 1662; baseline -0.001 -14"><span class='ocrx_word' id='word_1_143' title='bbox 307 1607 371 1648; x_wconf 84' lang='lat'>10.</span> <span class='ocrx_word' id='word_1_144' title='bbox 420 1606 513 1648; x_wconf 88' lang='lat' dir='ltr'>Non</span> <span class='ocrx_word' id='word_1_145' title='bbox 553 1607 820 1662; x_wconf 87' lang='lat' dir='ltr'>permittent,</span> <span class='ocrx_word' id='word_1_146' title='bbox 861 1610 909 1649; x_wconf 92' lang='lat' dir='ltr'>ut</span> <span class='ocrx_word' id='word_1_147' title='bbox 950 1608 1121 1649; x_wconf 83' lang='lat' dir='ltr'>iuvenes</span> <span class='ocrx_word' id='word_1_148' title='bbox 1161 1607 1286 1649; x_wconf 88' lang='lat' dir='ltr'>unius</span> <span class='ocrx_word' id='word_1_149' title='bbox 1330 1607 1510 1650; x_wconf 90' lang='lat' dir='ltr'>cubiculi</span> <span class='ocrx_word' id='word_1_150' title='bbox 1550 1619 1645 1649; x_wconf 90' lang='lat' dir='ltr'>cum</span> <span class='ocrx_word' id='word_1_151' title='bbox 1678 1606 1771 1659; x_wconf 91' lang='lat' dir='ltr'>alijs</span> <span class='ocrx_word' id='word_1_152' title='bbox 1804 1618 1897 1659; x_wconf 90' lang='lat' dir='ltr'>per-</span> 
     </span>
     <span class='ocr_line' id='line_1_21' title="bbox 168 1681 1899 1736; baseline -0.001 -13"><span class='ocrx_word' id='word_1_153' title='bbox 168 1681 450 1736; x_wconf 86' lang='lat' dir='ltr'>misceantur,</span> <span class='ocrx_word' id='word_1_154' title='bbox 483 1693 621 1735; x_wconf 81' lang='lat' dir='ltr'>neque</span> <span class='ocrx_word' id='word_1_155' title='bbox 653 1682 762 1724; x_wconf 90' lang='lat' dir='ltr'>alter</span> <span class='ocrx_word' id='word_1_156' title='bbox 794 1682 834 1723; x_wconf 90' lang='lat' dir='ltr'>in</span> <span class='ocrx_word' id='word_1_157' title='bbox 868 1683 1042 1725; x_wconf 85' lang='lat' dir='ltr'>alterius</span> <span class='ocrx_word' id='word_1_158' title='bbox 1077 1696 1203 1725; x_wconf 88' lang='lat' dir='ltr'>curae</span> <span class='ocrx_word' id='word_1_159' title='bbox 1236 1683 1482 1725; x_wconf 91' lang='lat' dir='ltr'>commissos</span> <span class='ocrx_word' id='word_1_160' title='bbox 1515 1695 1559 1724; x_wconf 93' lang='lat' dir='ltr'>se</span> <span class='ocrx_word' id='word_1_161' title='bbox 1591 1682 1792 1724; x_wconf 89' lang='lat' dir='ltr'>immittet</span> <span class='ocrx_word' id='word_1_162' title='bbox 1823 1683 1899 1722; x_wconf 89' lang='lat' dir='ltr'>aut</span> 
     </span>
     <span class='ocr_line' id='line_1_22' title="bbox 169 1756 1899 1812; baseline -0.001 -14"><span class='ocrx_word' id='word_1_163' title='bbox 169 1769 338 1811; x_wconf 90' lang='lat' dir='ltr'>quoquo</span> <span class='ocrx_word' id='word_1_164' title='bbox 372 1756 496 1798; x_wconf 89' lang='lat' dir='ltr'>modo</span> <span class='ocrx_word' id='word_1_165' title='bbox 528 1756 570 1798; x_wconf 92' lang='lat' dir='ltr'>in</span> <span class='ocrx_word' id='word_1_166' title='bbox 603 1760 746 1810; x_wconf 88' lang='lat' dir='ltr'>partes</span> <span class='ocrx_word' id='word_1_167' title='bbox 778 1757 939 1812; x_wconf 71' lang='lat' dir='ltr'>trahet,</span> <span class='ocrx_word' id='word_1_168' title='bbox 983 1758 1035 1800; x_wconf 89' lang='lat' dir='ltr'>ad</span> <span class='ocrx_word' id='word_1_169' title='bbox 1068 1759 1325 1801; x_wconf 88' lang='lat' dir='ltr'>servandum</span> <span class='ocrx_word' id='word_1_170' title='bbox 1359 1757 1547 1800; x_wconf 91' lang='lat' dir='ltr'>debitum</span> <span class='ocrx_word' id='word_1_171' title='bbox 1582 1760 1823 1810; x_wconf 88' lang='lat' dir='ltr'>respectum</span> <span class='ocrx_word' id='word_1_172' title='bbox 1856 1758 1899 1797; x_wconf 93' lang='lat' dir='ltr'>et</span> 
     </span>
     <span class='ocr_line' id='line_1_23' title="bbox 172 1831 1897 1888; baseline -0.002 -14"><span class='ocrx_word' id='word_1_173' title='bbox 172 1831 475 1874; x_wconf 88' lang='lat' dir='ltr'>authoritatem</span> <span class='ocrx_word' id='word_1_174' title='bbox 508 1831 786 1887; x_wconf 89' lang='lat' dir='ltr'>singulorum,</span> <span class='ocrx_word' id='word_1_175' title='bbox 818 1833 907 1875; x_wconf 88' lang='lat' dir='ltr'>sine</span> <span class='ocrx_word' id='word_1_176' title='bbox 941 1846 1025 1887; x_wconf 92' lang='lat' dir='ltr'>qua</span> <span class='ocrx_word' id='word_1_177' title='bbox 1057 1834 1099 1876; x_wconf 91' lang='lat' dir='ltr'>in</span> <span class='ocrx_word' id='word_1_178' title='bbox 1133 1834 1353 1888; x_wconf 89' lang='lat' dir='ltr'>disciplina</span> <span class='ocrx_word' id='word_1_179' title='bbox 1383 1833 1613 1875; x_wconf 86' lang='lat' dir='ltr'>domestica</span> <span class='ocrx_word' id='word_1_180' title='bbox 1637 1844 1736 1874; x_wconf 89' lang='lat' dir='ltr'>suos</span> <span class='ocrx_word' id='word_1_181' title='bbox 1758 1831 1897 1872; x_wconf 91' lang='lat' dir='ltr'>minus</span> 
     </span>
     <span class='ocr_line' id='line_1_24' title="bbox 169 1906 1899 1962; baseline -0.001 -13"><span class='ocrx_word' id='word_1_182' title='bbox 169 1906 383 1949; x_wconf 84' lang='lat' dir='ltr'>continere</span> <span class='ocrx_word' id='word_1_183' title='bbox 425 1908 609 1960; x_wconf 85' lang='lat' dir='ltr'>possent.</span> <span class='ocrx_word' id='word_1_184' title='bbox 673 1907 721 1948; x_wconf 91' lang='lat' dir='ltr'>In</span> <span class='ocrx_word' id='word_1_185' title='bbox 764 1907 1009 1950; x_wconf 84' lang='lat' dir='ltr'>universum</span> <span class='ocrx_word' id='word_1_186' title='bbox 1051 1912 1192 1951; x_wconf 88' lang='lat' dir='ltr'>autem</span> <span class='ocrx_word' id='word_1_187' title='bbox 1235 1909 1440 1962; x_wconf 90' lang='lat' dir='ltr'>quidquid</span> <span class='ocrx_word' id='word_1_188' title='bbox 1476 1908 1621 1950; x_wconf 89' lang='lat' dir='ltr'>unioni</span> <span class='ocrx_word' id='word_1_189' title='bbox 1652 1909 1693 1949; x_wconf 90' lang='lat' dir='ltr'>et</span> <span class='ocrx_word' id='word_1_190' title='bbox 1724 1909 1899 1948; x_wconf 88' lang='lat' dir='ltr'>mutuae</span> 
     </span>
     <span class='ocr_line' id='line_1_25' title="bbox 170 1981 1421 2036; baseline 0.002 -13"><span class='ocrx_word' id='word_1_191' title='bbox 170 1982 367 2024; x_wconf 87' lang='lat' dir='ltr'>charitati</span> <span class='ocrx_word' id='word_1_192' title='bbox 400 1981 655 2024; x_wconf 85' lang='lat' dir='ltr'>adversatur</span> <span class='ocrx_word' id='word_1_193' title='bbox 686 1994 814 2034; x_wconf 89' lang='lat' dir='ltr'>quam</span> <span class='ocrx_word' id='word_1_194' title='bbox 848 1983 1166 2036; x_wconf 83' lang='lat' dir='ltr'>diligentissime</span> <span class='ocrx_word' id='word_1_195' title='bbox 1201 1985 1421 2026; x_wconf 85' lang='lat' dir='ltr'>cavebunt.</span> 
     </span>
    </p>
   </div>
   <div class='ocr_carea' id='block_1_9' title="bbox 170 2067 1898 2198">
    <p class='ocr_par' dir='ltr' id='par_1_9' title="bbox 170 2067 1898 2198">
     <span class='ocr_line' id='line_1_26' title="bbox 310 2067 1898 2127; baseline -0.001 -17"><span class='ocrx_word' id='word_1_196' title='bbox 310 2071 374 2110; x_wconf 91' lang='grc'>11.</span> <span class='ocrx_word' id='word_1_197' title='bbox 424 2069 651 2122; x_wconf 89' lang='lat' dir='ltr'>Nunquam</span> <span class='ocrx_word' id='word_1_198' title='bbox 682 2070 854 2112; x_wconf 88' lang='lat' dir='ltr'>iuvenes</span> <span class='ocrx_word' id='word_1_199' title='bbox 888 2071 1129 2124; x_wconf 88' lang='lat' dir='ltr'>relinquent</span> <span class='ocrx_word' id='word_1_200' title='bbox 1160 2072 1294 2127; x_wconf 86' lang='lat' dir='ltr'>solos,</span> <span class='ocrx_word' id='word_1_201' title='bbox 1336 2071 1516 2113; x_wconf 83' lang='lat' dir='ltr'>maxime</span> <span class='ocrx_word' id='word_1_202' title='bbox 1558 2070 1600 2111; x_wconf 92' lang='lat' dir='ltr'>in</span> <span class='ocrx_word' id='word_1_203' title='bbox 1640 2067 1898 2120; x_wconf 76' lang='lat' dir='ltr'>dormitoriJs</span> 
     </span>
     <span class='ocr_line' id='line_1_27' title="bbox 170 2143 1898 2198; baseline -0.002 -11"><span class='ocrx_word' id='word_1_204' title='bbox 170 2145 242 2197; x_wconf 87' lang='lat' dir='ltr'>(ad</span> <span class='ocrx_word' id='word_1_205' title='bbox 284 2157 394 2198; x_wconf 91' lang='lat' dir='ltr'>quae</span> <span class='ocrx_word' id='word_1_206' title='bbox 433 2144 617 2186; x_wconf 90' lang='lat' dir='ltr'>interdiu</span> <span class='ocrx_word' id='word_1_207' title='bbox 657 2157 739 2186; x_wconf 90' lang='lat' dir='ltr'>non</span> <span class='ocrx_word' id='word_1_208' title='bbox 780 2146 902 2187; x_wconf 88' lang='lat' dir='ltr'>facile</span> <span class='ocrx_word' id='word_1_209' title='bbox 942 2146 1083 2188; x_wconf 87' lang='lat' dir='ltr'>aditus</span> <span class='ocrx_word' id='word_1_210' title='bbox 1117 2146 1411 2189; x_wconf 85' lang='lat' dir='ltr'>concedendus</span> <span class='ocrx_word' id='word_1_211' title='bbox 1445 2146 1542 2197; x_wconf 91' lang='lat' dir='ltr'>erit)</span> <span class='ocrx_word' id='word_1_212' title='bbox 1576 2148 1766 2198; x_wconf 89' lang='lat' dir='ltr'>tempore</span> <span class='ocrx_word' id='word_1_213' title='bbox 1797 2143 1898 2184; x_wconf 90' lang='lat' dir='ltr'>item</span> 
     </span>
    </p>
   </div>
   <div class='ocr_carea' id='block_1_10' title="bbox 170 2219 1900 2348">
    <p class='ocr_par' dir='ltr' id='par_1_10' title="bbox 170 2219 1900 2348">
     <span class='ocr_line' id='line_1_28' title="bbox 170 2219 1900 2275; baseline -0.001 -14"><span class='ocrx_word' id='word_1_214' title='bbox 170 2220 443 2262; x_wconf 90' lang='lat' dir='ltr'>recreationis</span> <span class='ocrx_word' id='word_1_215' title='bbox 486 2232 533 2262; x_wconf 90' lang='lat' dir='ltr'>ac</span> <span class='ocrx_word' id='word_1_216' title='bbox 576 2220 714 2271; x_wconf 81' lang='lat' dir='ltr'>lusus3</span> <span class='ocrx_word' id='word_1_217' title='bbox 755 2221 865 2263; x_wconf 91' lang='lat' dir='ltr'>inter</span> <span class='ocrx_word' id='word_1_218' title='bbox 906 2221 1165 2263; x_wconf 90' lang='lat' dir='ltr'>studendum</span> <span class='ocrx_word' id='word_1_219' title='bbox 1209 2222 1451 2275; x_wconf 85' lang='lat' dir='ltr'>advertent,</span> <span class='ocrx_word' id='word_1_220' title='bbox 1493 2221 1528 2263; x_wconf 86' lang='lat' dir='ltr'>si</span> <span class='ocrx_word' id='word_1_221' title='bbox 1572 2219 1673 2273; x_wconf 91' lang='lat' dir='ltr'>quid</span> <span class='ocrx_word' id='word_1_222' title='bbox 1704 2219 1900 2272; x_wconf 90' lang='lat' dir='ltr'>nequiter</span> 
     </span>
     <span class='ocr_line' id='line_1_29' title="bbox 171 2295 1312 2348; baseline 0.001 -12"><span class='ocrx_word' id='word_1_223' title='bbox 171 2308 219 2337; x_wconf 83' lang='lat' dir='ltr'>ac</span> <span class='ocrx_word' id='word_1_224' title='bbox 250 2295 459 2337; x_wconf 89' lang='lat' dir='ltr'>malitiose</span> <span class='ocrx_word' id='word_1_225' title='bbox 489 2298 565 2337; x_wconf 89' lang='lat' dir='ltr'>aut</span> <span class='ocrx_word' id='word_1_226' title='bbox 596 2295 722 2337; x_wconf 87' lang='lat' dir='ltr'>etiam</span> <span class='ocrx_word' id='word_1_227' title='bbox 754 2296 1016 2348; x_wconf 87' lang='lat' dir='ltr'>negligenter</span> <span class='ocrx_word' id='word_1_228' title='bbox 1050 2296 1312 2339; x_wconf 87' lang='lat' dir='ltr'>admittetur.</span> 
     </span>
    </p>
   </div>
   <div class='ocr_carea' id='block_1_11' title="bbox 172 2379 1900 2586">
    <p class='ocr_par' dir='ltr' id='par_1_11' title="bbox 172 2379 1900 2586">
     <span class='ocr_line' id='line_1_30' title="bbox 314 2379 1899 2436; baseline -0.001 -14"><span class='ocrx_word' id='word_1_229' title='bbox 314 2382 376 2422; x_wconf 74' lang='lat'>12.</span> <span class='ocrx_word' id='word_1_230' title='bbox 423 2381 690 2436; x_wconf 71' lang='lat' dir='ltr'>Munditiem,</span> <span class='ocrx_word' id='word_1_231' title='bbox 723 2394 831 2434; x_wconf 87' lang='lat' dir='ltr'>quae</span> <span class='ocrx_word' id='word_1_232' title='bbox 865 2382 918 2423; x_wconf 88' lang='lat' dir='ltr'>ad</span> <span class='ocrx_word' id='word_1_233' title='bbox 948 2382 1101 2424; x_wconf 85' lang='lat' dir='ltr'>bonam</span> <span class='ocrx_word' id='word_1_234' title='bbox 1124 2382 1408 2424; x_wconf 78' lang='lat' dir='ltr'>valetudinem</span> <span class='ocrx_word' id='word_1_235' title='bbox 1432 2385 1474 2423; x_wconf 91' lang='lat' dir='ltr'>et</span> <span class='ocrx_word' id='word_1_236' title='bbox 1495 2381 1762 2423; x_wconf 85' lang='lat' dir='ltr'>honestatem</span> <span class='ocrx_word' id='word_1_237' title='bbox 1785 2379 1899 2433; x_wconf 84' lang='lat' dir='ltr'>facit,</span> 
     </span>
     <span class='ocr_line' id='line_1_31' title="bbox 172 2455 1900 2510; baseline -0.001 -13"><span class='ocrx_word' id='word_1_238' title='bbox 172 2457 294 2498; x_wconf 86' lang='lat' dir='ltr'>valde</span> <span class='ocrx_word' id='word_1_239' title='bbox 333 2456 410 2497; x_wconf 90' lang='lat' dir='ltr'>sibi</span> <span class='ocrx_word' id='word_1_240' title='bbox 450 2456 786 2498; x_wconf 88' lang='lat' dir='ltr'>commendatam</span> <span class='ocrx_word' id='word_1_241' title='bbox 818 2456 1055 2506; x_wconf 78' lang='lat' dir='ltr'>habebunt;</span> <span class='ocrx_word' id='word_1_242' title='bbox 1098 2470 1251 2510; x_wconf 78' lang='lat' dir='ltr'>quare,</span> <span class='ocrx_word' id='word_1_243' title='bbox 1294 2460 1342 2499; x_wconf 88' lang='lat' dir='ltr'>ut</span> <span class='ocrx_word' id='word_1_244' title='bbox 1373 2457 1459 2499; x_wconf 89' lang='lat' dir='ltr'>suis</span> <span class='ocrx_word' id='word_1_245' title='bbox 1492 2456 1754 2509; x_wconf 88' lang='lat' dir='ltr'>temporibus</span> <span class='ocrx_word' id='word_1_246' title='bbox 1787 2455 1900 2498; x_wconf 91' lang='lat' dir='ltr'>cubi-</span> 
     </span>
     <span class='ocr_line' id='line_1_32' title="bbox 173 2530 1897 2586; baseline 0 -15"><span class='ocrx_word' id='word_1_247' title='bbox 173 2531 280 2581; x_wconf 80' lang='lat' dir='ltr'>cula,</span> <span class='ocrx_word' id='word_1_248' title='bbox 313 2530 572 2581; x_wconf 75' lang='lat' dir='ltr'>dormitoria,</span> <span class='ocrx_word' id='word_1_249' title='bbox 606 2543 776 2572; x_wconf 91' lang='lat' dir='ltr'>mensae</span> <span class='ocrx_word' id='word_1_250' title='bbox 809 2536 1097 2584; x_wconf 85' lang='lat' dir='ltr'>expurgentur</span> <span class='ocrx_word' id='word_1_251' title='bbox 1130 2536 1171 2574; x_wconf 88' lang='lat' dir='ltr'>et</span> <span class='ocrx_word' id='word_1_252' title='bbox 1194 2532 1353 2573; x_wconf 89' lang='lat' dir='ltr'>munda</span> <span class='ocrx_word' id='word_1_253' title='bbox 1375 2535 1612 2586; x_wconf 86' lang='lat' dir='ltr'>serventur,</span> <span class='ocrx_word' id='word_1_254' title='bbox 1642 2532 1645 2583; x_wconf 83' lang='grc'>1</span> <span class='ocrx_word' id='word_1_255' title='bbox 1675 2531 1771 2572; x_wconf 90' lang='lat' dir='ltr'>lecti</span> <span class='ocrx_word' id='word_1_256' title='bbox 1799 2531 1897 2572; x_wconf 88' lang='lat' dir='ltr'>item</span> 
     </span>
    </p>
   </div>
   <div class='ocr_carea' id='block_1_12' title="bbox 173 2605 1898 2722">
    <p class='ocr_par' dir='ltr' id='par_1_12' title="bbox 173 2605 1898 2722">
     <span class='ocr_line' id='line_1_33' title="bbox 173 2605 1898 2660; baseline -0.001 -12"><span class='ocrx_word' id='word_1_257' title='bbox 173 2619 267 2648; x_wconf 90' lang='lat' dir='ltr'>cum</span> <span class='ocrx_word' id='word_1_258' title='bbox 312 2605 606 2658; x_wconf 79' lang='lat' dir='ltr'>lectisterniJ&#39;S,</span> <span class='ocrx_word' id='word_1_259' title='bbox 658 2605 857 2648; x_wconf 89' lang='lat' dir='ltr'>iuvenum</span> <span class='ocrx_word' id='word_1_260' title='bbox 905 2610 1044 2649; x_wconf 82' lang='lat' dir='ltr'>vestes</span> <span class='ocrx_word' id='word_1_261' title='bbox 1093 2607 1342 2660; x_wconf 90' lang='lat' dir='ltr'>reliquaque</span> <span class='ocrx_word' id='word_1_262' title='bbox 1389 2606 1578 2660; x_wconf 87' lang='lat' dir='ltr'>supellex</span> <span class='ocrx_word' id='word_1_263' title='bbox 1624 2606 1783 2648; x_wconf 89' lang='lat' dir='ltr'>munda</span> <span class='ocrx_word' id='word_1_264' title='bbox 1830 2605 1898 2655; x_wconf 82' lang='lat' dir='ltr'>sit,</span> 
     </span>
     <span class='ocr_line' id='line_1_34' title="bbox 173 2680 394 2722; baseline -0.009 0"><span class='ocrx_word' id='word_1_265' title='bbox 173 2680 394 2722; x_wconf 90' lang='lat' dir='ltr'>curabunt.</span> 
     </span>
    </p>
   </div>
   <div class='ocr_carea' id='block_1_13' title="bbox 173 2765 1900 2894">
    <p class='ocr_par' dir='ltr' id='par_1_13' title="bbox 173 2765 1900 2894">
     <span class='ocr_line' id='line_1_35' title="bbox 313 2765 1900 2821; baseline 0.001 -15"><span class='ocrx_word' id='word_1_266' title='bbox 313 2767 376 2807; x_wconf 83' lang='lat'>13.</span> <span class='ocrx_word' id='word_1_267' title='bbox 411 2765 454 2807; x_wconf 84' lang='lat' dir='ltr'>Si</span> <span class='ocrx_word' id='word_1_268' title='bbox 477 2778 601 2818; x_wconf 89' lang='lat' dir='ltr'>quem</span> <span class='ocrx_word' id='word_1_269' title='bbox 625 2771 847 2819; x_wconf 85' lang='lat' dir='ltr'>aegrotare</span> <span class='ocrx_word' id='word_1_270' title='bbox 870 2766 1144 2821; x_wconf 80' lang='lat' dir='ltr'>adverterint,</span> <span class='ocrx_word' id='word_1_271' title='bbox 1175 2767 1320 2810; x_wconf 86' lang='lat' dir='ltr'>statim</span> <span class='ocrx_word' id='word_1_272' title='bbox 1343 2768 1574 2820; x_wconf 85' lang='lat' dir='ltr'>Regentem</span> <span class='ocrx_word' id='word_1_273' title='bbox 1598 2766 1900 2817; x_wconf 84' lang='lat' dir='ltr'>admonebunt,</span> 
     </span>
     <span class='ocr_line' id='line_1_36' title="bbox 173 2840 640 2894; baseline 0.002 -13"><span class='ocrx_word' id='word_1_274' title='bbox 173 2843 221 2881; x_wconf 94' lang='lat' dir='ltr'>ut</span> <span class='ocrx_word' id='word_1_275' title='bbox 252 2840 464 2893; x_wconf 85' lang='lat' dir='ltr'>provideri</span> <span class='ocrx_word' id='word_1_276' title='bbox 494 2840 640 2894; x_wconf 89' lang='lat' dir='ltr'>possit.</span> 
     </span>
    </p>
   </div>
   <div class='ocr_carea' id='block_1_14' title="bbox 175 2927 1901 3209">
    <p class='ocr_par' dir='ltr' id='par_1_14' title="bbox 175 2927 1901 3209">
     <span class='ocr_line' id='line_1_37' title="bbox 314 2927 1899 2982; baseline 0 -14"><span class='ocrx_word' id='word_1_277' title='bbox 314 2929 378 2969; x_wconf 85' lang='lat'>14.</span> <span class='ocrx_word' id='word_1_278' title='bbox 414 2927 664 2979; x_wconf 91' lang='lat' dir='ltr'>Diligentem</span> <span class='ocrx_word' id='word_1_279' title='bbox 696 2927 913 2970; x_wconf 89' lang='lat' dir='ltr'>habebunt</span> <span class='ocrx_word' id='word_1_280' title='bbox 940 2940 1084 2969; x_wconf 88' lang='lat' dir='ltr'>curam</span> <span class='ocrx_word' id='word_1_281' title='bbox 1106 2928 1310 2970; x_wconf 89' lang='lat' dir='ltr'>librorum</span> <span class='ocrx_word' id='word_1_282' title='bbox 1333 2928 1615 2982; x_wconf 85' lang='lat' dir='ltr'>spectantium</span> <span class='ocrx_word' id='word_1_283' title='bbox 1638 2927 1691 2969; x_wconf 90' lang='lat' dir='ltr'>ad</span> <span class='ocrx_word' id='word_1_284' title='bbox 1714 2927 1899 2977; x_wconf 79' lang='lat' dir='ltr'>domum,</span> 
     </span>
     <span class='ocr_line' id='line_1_38' title="bbox 175 3002 1898 3057; baseline 0 -14"><span class='ocrx_word' id='word_1_285' title='bbox 175 3015 225 3043; x_wconf 89' lang='lat' dir='ltr'>ne</span> <span class='ocrx_word' id='word_1_286' title='bbox 258 3002 535 3043; x_wconf 86' lang='lat' dir='ltr'>destruantur</span> <span class='ocrx_word' id='word_1_287' title='bbox 566 3015 669 3044; x_wconf 83' lang='lat' dir='ltr'>neve</span> <span class='ocrx_word' id='word_1_288' title='bbox 692 3003 938 3056; x_wconf 85' lang='lat' dir='ltr'>perdantur.</span> <span class='ocrx_word' id='word_1_289' title='bbox 992 3003 1149 3053; x_wconf 86' lang='lat' dir='ltr'>Quodsi</span> <span class='ocrx_word' id='word_1_290' title='bbox 1172 3003 1238 3045; x_wconf 90' lang='lat' dir='ltr'>cui</span> <span class='ocrx_word' id='word_1_291' title='bbox 1269 3004 1422 3057; x_wconf 89' lang='lat' dir='ltr'>aliquis</span> <span class='ocrx_word' id='word_1_292' title='bbox 1446 3003 1498 3045; x_wconf 89' lang='lat' dir='ltr'>ad</span> <span class='ocrx_word' id='word_1_293' title='bbox 1521 3003 1752 3055; x_wconf 89' lang='lat' dir='ltr'>longiorem</span> <span class='ocrx_word' id='word_1_294' title='bbox 1774 3015 1898 3044; x_wconf 89' lang='lat' dir='ltr'>usum</span> 
     </span>
     <span class='ocr_line' id='line_1_39' title="bbox 176 3076 1901 3132; baseline 0.001 -15"><span class='ocrx_word' id='word_1_295' title='bbox 176 3076 465 3118; x_wconf 90' lang='lat' dir='ltr'>concedendus</span> <span class='ocrx_word' id='word_1_296' title='bbox 488 3077 711 3132; x_wconf 91' lang='lat' dir='ltr'>videbitur,</span> <span class='ocrx_word' id='word_1_297' title='bbox 743 3078 785 3119; x_wconf 90' lang='lat' dir='ltr'>id</span> <span class='ocrx_word' id='word_1_298' title='bbox 817 3078 888 3120; x_wconf 87' lang='lat' dir='ltr'>fiet</span> <span class='ocrx_word' id='word_1_299' title='bbox 921 3091 1013 3120; x_wconf 89' lang='lat' dir='ltr'>cum</span> <span class='ocrx_word' id='word_1_300' title='bbox 1047 3078 1218 3120; x_wconf 89' lang='lat' dir='ltr'>licentia</span> <span class='ocrx_word' id='word_1_301' title='bbox 1238 3079 1452 3132; x_wconf 84' lang='lat' dir='ltr'>Regentis,</span> <span class='ocrx_word' id='word_1_302' title='bbox 1486 3081 1528 3120; x_wconf 92' lang='lat' dir='ltr'>et</span> <span class='ocrx_word' id='word_1_303' title='bbox 1549 3078 1767 3119; x_wconf 88' lang='lat' dir='ltr'>notabitur</span> <span class='ocrx_word' id='word_1_304' title='bbox 1794 3077 1901 3119; x_wconf 90' lang='lat' dir='ltr'>liber</span> 
     </span>
     <span class='ocr_line' id='line_1_40' title="bbox 176 3151 1896 3209; baseline 0.002 -18"><span class='ocrx_word' id='word_1_305' title='bbox 176 3151 217 3191; x_wconf 90' lang='lat' dir='ltr'>in</span> <span class='ocrx_word' id='word_1_306' title='bbox 252 3151 401 3192; x_wconf 86' lang='lat' dir='ltr'>charta</span> <span class='ocrx_word' id='word_1_307' title='bbox 432 3151 674 3204; x_wconf 87' lang='lat' dir='ltr'>subscripta</span> <span class='ocrx_word' id='word_1_308' title='bbox 707 3165 835 3194; x_wconf 89' lang='lat' dir='ltr'>manu</span> <span class='ocrx_word' id='word_1_309' title='bbox 867 3153 956 3194; x_wconf 90' lang='lat' dir='ltr'>eius</span> <span class='ocrx_word' id='word_1_310' title='bbox 988 3166 1081 3194; x_wconf 91' lang='lat' dir='ltr'>cum</span> <span class='ocrx_word' id='word_1_311' title='bbox 1104 3153 1284 3209; x_wconf 86' lang='lat' dir='ltr'>nomine,</span> <span class='ocrx_word' id='word_1_312' title='bbox 1318 3153 1387 3206; x_wconf 92' lang='lat' dir='ltr'>qui</span> <span class='ocrx_word' id='word_1_313' title='bbox 1412 3153 1575 3206; x_wconf 89' lang='lat' dir='ltr'>accipit.</span> <span class='ocrx_word' id='word_1_314' title='bbox 1626 3152 1776 3194; x_wconf 83' lang='lat' dir='ltr'>Libros</span> <span class='ocrx_word' id='word_1_315' title='bbox 1799 3164 1896 3194; x_wconf 89' lang='lat' dir='ltr'>vero</span> 
     </span>
    </p>
   </div>
  </div>
 </body>
</html>
