2164 3535
241 211 325 252 420
547 208 650 243 Neue
678 206 1044 250 Studienvorschlage
1070 205 1134 240 der
1159 205 1358 240 deutschen
1384 205 1537 240 Provinz
1565 209 1663 242 1830.

241 362 318 403 pro
361 362 477 392 more
517 348 817 390 nonnullarum
857 347 1184 389 universitatum
1231 359 1278 389 ac
1326 346 1670 403 seminariorum,
1716 347 1966 400 praesertim

243 425 507 476 Germaniae,
541 424 761 466 conveniat
790 423 843 464 ad
866 436 989 465 casus
1013 423 1293 465 conscientiae
1315 423 1499 477 adjicere
1521 423 1650 464 etiam
1672 422 1969 464 tractationem

243 502 294 543 de
335 500 562 553 Theologia
604 499 832 554 pastorali,
881 498 944 540 uti
990 502 1153 540 vocant.
1228 498 1311 540 Sed
1356 501 1657 552 praeterquam
1706 497 1820 552 quod
1866 497 1971 539 illud

243 576 495 629 Theologiae
526 574 759 617 Pastor-alis
798 587 950 616 nomen
993 574 1226 616 novitatem
1266 574 1472 630 aliquam,
1515 577 1564 615 ut
1602 574 1746 616 multis
1788 573 1970 629 videtur,

243 652 405 707 sapiat,
447 651 616 693 videtur
656 650 729 692 illa
769 649 949 691 materia
980 649 1033 701 (si
1072 661 1217 691 curam
1250 653 1292 691 et
1324 649 1733 692 administrationem
1767 649 1967 702 excipias)

242 727 496 782 pertractari
534 728 624 768 tum
666 726 708 767 in
750 725 979 778 Theologia
1023 725 1198 779 morali,
1246 725 1318 766 ubi
1365 724 1416 767 de
1463 725 1729 778 singulorum
1776 728 1969 768 statuum

243 801 410 859 officiis,
452 806 544 844 tum
586 801 714 843 etiam
756 800 799 842 in
831 799 1100 842 conferentiis
1133 804 1176 842 et
1207 800 1572 843 exhortationibus
1604 801 1704 857 piis,
1744 801 1786 842 in
1818 800 1971 854 quibus

243 879 294 921 de
331 878 553 921 excitanda
593 879 636 919 01
672 876 854 919 fovenda
891 877 1119 918 sanctitate
1168 876 1321 929 agitur.
1391 875 1515 918 Unde
1562 889 1733 919 necesse
1778 888 1861 918 non
1909 879 1974 917 est

244 967 376 996 novos
411 954 664 996 elucubrare
694 954 925 1003 tractatus,
957 952 998 993 in
1031 952 1184 1005 quibus
1217 965 1311 994 cum
1345 953 1492 1006 paucis
1526 952 1764 1006 praeceptis
1798 951 1973 993 utilibus

244 1031 428 1084 plurima
460 1030 674 1072 inutilium
707 1030 933 1072 verborum
965 1029 1214 1083 plerumque
1247 1029 1513 1082 copulantur.

381 1124 454 1165 Ad
495 1136 592 1176 reg.
628 1124 664 1166 2.
736 1122 841 1165 Cum
883 1135 931 1164 ex
978 1122 1239 1175 praescripto
1290 1121 1496 1174 Congreg.
1530 1121 1609 1163 XX
1655 1121 1885 1163 triennium
1931 1121 1972 1162 in

246 1199 386 1242 studio
419 1199 673 1252 Theologiae
706 1198 878 1240 moralis
909 1196 1239 1251 impendendum
1272 1197 1348 1252 sit,
1388 1196 1556 1238 videtur
1586 1197 1787 1238 materias
1829 1208 1973 1237 omnes

246 1275 375 1317 dividi
416 1275 569 1317 debere
607 1275 648 1315 in
690 1277 777 1316 tres
816 1277 981 1327 partes,
1026 1273 1105 1314 nisi
1147 1272 1249 1325 quid
1291 1271 1405 1313 aliud
1444 1271 1571 1314 tertio
1611 1284 1720 1313 anno
1754 1270 1971 1325 suppleat:

245 1353 351 1404 puta
397 1349 586 1392 studium
627 1349 736 1403 juris
786 1348 1010 1403 Canonici,
1056 1348 1098 1389 in
1151 1360 1233 1401 quo
1286 1346 1540 1389 difficiliores
1587 1347 1856 1400 quaestiones
1912 1358 1975 1387 re-

246 1429 499 1468 tractantur.

387 1519 459 1561 Ad
490 1532 588 1572 reg.
626 1520 664 1560 6.
726 1519 844 1560 Duas
885 1518 1012 1560 horas
1051 1517 1295 1570 impendere
1333 1517 1575 1571 hujusmodi
1617 1515 1974 1569 disputationibus

247 1595 506 1649 impossibile
539 1594 726 1648 videtur,
765 1607 859 1636 cum
892 1594 1093 1635 lectiones
1125 1593 1203 1635 sibi
1238 1593 1488 1645 succedant,
1526 1605 1601 1634 nec
1633 1592 1720 1634 ulla
1752 1592 1826 1645 sit,
1865 1604 1974 1644 quae

247 1670 396 1712 horam
428 1670 630 1713 excedere
661 1670 808 1724 possit.

618 2098 842 2166 Regulae
882 2098 1188 2147 Professoris
1229 2097 1603 2164 Philosophiae.

388 2238 460 2279 Ad
493 2252 589 2292 reg.
625 2240 671 2281 in
705 2252 898 2292 genere.
962 2240 1010 2281 In
1041 2239 1123 2281 illis
1156 2239 1314 2292 regulis
1347 2251 1625 2292 quaecunque
1657 2237 1709 2278 de
1735 2235 1974 2278 Aristotelis

251 2313 445 2355 doctrina
476 2314 838 2365 commendantur,
871 2315 1042 2371 nullius,
1075 2316 1281 2368 quantum
1313 2317 1494 2363 constat,
1527 2313 1683 2355 nostris
1712 2311 1974 2365 temporibus

250 2401 354 2431 usus
389 2402 481 2431 esse
513 2394 711 2443 possunt:
750 2403 858 2444 quae
891 2391 1000 2432 enim
1033 2391 1073 2431 in
1096 2390 1335 2432 Aristotelis
1369 2389 1561 2431 doctrina
1593 2388 1714 2430 utilia
1745 2390 1859 2442 sunt,
1890 2387 1975 2441 ple-

253 2477 431 2517 rumque
469 2465 510 2506 in
552 2465 850 2519 philosophicis
891 2465 1167 2518 tractatibus,
1206 2465 1399 2518 quamvis
1437 2477 1561 2518 saepe
1599 2463 1677 2505 sub
1710 2463 1793 2505 alia
1825 2462 1973 2517 forma,

252 2539 493 2581 traduntur.
556 2540 735 2594 Reliqua
772 2554 869 2583 vero
913 2554 936 2583 a
978 2541 1189 2583 communi
1221 2540 1345 2593 hujus
1377 2540 1581 2594 temporis
1615 2539 1807 2580 doctrina
1839 2538 1974 2579 aliena

253 2626 427 2666 prorsus
470 2616 742 2669 rejiciuntur,
784 2629 860 2658 nec
892 2617 981 2658 sine
1013 2616 1206 2669 publicae
1240 2615 1560 2657 existimationis
1594 2614 1847 2656 detrimento
1879 2625 1974 2666 pro-

250 2687 487 2745 fiteremur,
540 2691 792 2744 praesertim
847 2691 888 2732 in
942 2690 1068 2732 rebus
1121 2690 1317 2744 physicis
1391 2690 1541 2743 Itaque
1589 2689 1686 2731 licet
1733 2687 1972 2730 Aristotelis

252 2764 483 2806 auctoritas
524 2777 607 2806 non
647 2766 703 2808 sit
740 2778 834 2808 cum
867 2768 1111 2819 contemptu
1144 2765 1370 2819 rejicienda
1402 2767 1477 2806 aut
1508 2765 1627 2817 parvi
1659 2762 1971 2818 perpendenda,

252 2839 342 2892 ejus
375 2842 515 2881 tamen
548 2839 819 2894 Philosophia
851 2853 933 2882 non
965 2840 1133 2882 videtur
1164 2840 1205 2881 in
1244 2840 1397 2882 scholis
1436 2839 1612 2893 nostris,
1654 2851 1748 2880 cum
1788 2851 1836 2880 ex
1879 2837 1971 2880 aliis

252 2914 506 2971 exulaverit,
548 2916 719 2958 retineri
759 2917 824 2958 vel
866 2916 1034 2958 restitui
1079 2916 1245 2958 debere.
1308 2915 1459 2967 Itaque
1497 2926 1572 2956 nec
1605 2914 1760 2955 mentio
1787 2914 1876 2966 jam
1907 2915 1972 2954 est

252 2988 443 3031 facienda
474 2989 525 3032 de
546 2991 816 3046 Averroistis,
848 2992 1121 3034 Alexandreis
1154 2995 1196 3033 et
1226 2991 1290 3033 his
1312 2990 1533 3045 similibus,
1568 3002 1749 3043 quorum
1780 2989 1971 3031 doctrina

253 3067 295 3104 et
325 3064 495 3105 nomina
526 3077 659 3118 aeque
692 3066 882 3109 obsoleta
912 3070 1023 3109 sunt.
