2164 3535
717 195 992 239 Heranbildung
1017 195 1080 229 der
1105 194 1243 229 Lehrer
1272 197 1368 230 1622.
1823 199 1904 238 *215

918 551 1078 605 Caput
1110 552 1171 593 Ν.

368 666 442 715 De
478 664 620 713 libris
658 664 1024 731 philosophicis
1064 672 1112 712 et
1150 665 1411 714 rhetoricis
1452 664 1724 714 Ciceronis.

318 793 536 835 Hactenus
569 804 616 834 eo
649 791 820 834 consilio
852 791 1095 834 Ciceronem
1128 791 1319 844 legimus,
1352 794 1401 834 ut
1431 805 1513 834 non
1545 793 1738 846 imperite
1770 792 1823 834 ab
1855 805 1903 835 eo

180 868 296 921 loqui
329 868 457 909 latine
490 866 760 909 disceremus.
824 866 946 908 Nunc
977 865 1056 908 hoc
1087 866 1214 908 etiam
1247 866 1426 919 amplius
1452 867 1675 923 agendum,
1708 870 1757 909 ut
1778 867 1904 909 ratio-

179 955 274 985 nem
315 943 375 984 ita
417 941 632 983 excolendi
675 940 989 993 exornandique
1032 952 1268 982 sermonem
1316 940 1611 993 observemus,
1659 954 1741 994 quo
1790 942 1903 995 apud

180 1016 367 1059 eruditos
400 1028 495 1058 curn
526 1016 669 1069 aliqua
699 1017 978 1058 venustate
1011 1018 1053 1057 et
1083 1015 1256 1069 lepore
1288 1015 1418 1058 verba
1449 1016 1587 1057 facere
1618 1016 1828 1069 possimus
1861 1020 1903 1059 et

179 1091 293 1145 quod
332 1091 374 1132 in
416 1092 453 1133 3.
488 1090 538 1133 de
577 1090 694 1133 Orat.
736 1090 877 1144 aJ’ebat
918 1090 1116 1141 Crassus,
1169 1089 1299 1132 verba
1340 1089 1391 1131 de
1431 1089 1750 1142 mediosumta
1788 1091 1904 1133 velut

178 1165 469 1208 mollissimam
511 1178 650 1208 ceram
690 1166 864 1219 pingere
903 1169 944 1207 et
986 1164 1181 1207 formare.
1254 1164 1478 1207 Sumemus
1523 1165 1576 1207 ad
1616 1164 1658 1206 id
1698 1165 1901 1218 principio

177 1240 305 1282 libros
329 1240 541 1283 Ciceronis
574 1240 885 1294 philosophicos
919 1244 962 1282 et
992 1240 1242 1295 rhetoricos,
1275 1240 1348 1293 qui
1379 1240 1450 1282 1110
1482 1243 1717 1294 temperato
1749 1252 1902 1293 genere

178 1315 341 1358 dicendi
381 1316 527 1370 scripti
568 1320 668 1358 sunt
708 1319 750 1358 et
787 1316 933 1358 multis
975 1319 1067 1358 tum
1109 1316 1418 1358 sententiarum
1459 1319 1551 1358 tum
1582 1315 1809 1357 verborum
1841 1315 1903 1357 111-

177 1390 359 1433 minibus
392 1391 541 1433 ornati.
607 1416 657 1420 —
721 1391 939 1445 Legantur
971 1403 1070 1444 ergo
1108 1393 1156 1433 19
1190 1391 1286 1433 libri
1318 1390 1369 1433 de
1402 1390 1571 1443 officiis,
1616 1390 1719 1432 Cato
1754 1390 1901 1445 maior,

176 1465 359 1521 Laelius,
391 1465 625 1520 Paradoxa,
659 1466 924 1508 Tusculanae
946 1465 1236 1518 quaestiones3
1269 1465 1420 1507 deinde
1442 1465 1493 1507 de
1516 1468 1672 1507 natura
1696 1465 1898 1517 Deorum,

176 1540 227 1583 de
258 1540 534 1596 divinatione,
578 1541 629 1583 de
660 1541 846 1595 legibiiS,
889 1541 1155 1583 academicae
1188 1539 1479 1595 quaestiones,
1522 1539 1616 1581 libri
1650 1538 1700 1581 de
1732 1538 1900 1590 finibus,

176 1615 385 1657 somnium
418 1614 643 1669 Scipionis,
684 1616 968 1669 fragmentum
1013 1615 1064 1657 de
1104 1615 1315 1657 universo.
1377 1615 1483 1656 Tum
1522 1626 1621 1656 vero
1653 1617 1901 1656 transeatur

176 1689 229 1731 ad
268 1690 520 1741 rhetoricos3
560 1689 728 1733 videtur
769 1690 879 1732 enim
920 1689 1177 1732 commodior
1216 1690 1304 1732 fere
1334 1702 1382 1731 ex
1414 1689 1464 1731 iis
1497 1689 1550 1731 ad
1583 1689 1793 1731 orationes
1826 1689 1900 1731 mi-

168 1765 331 1818 -grati03
374 1765 598 1818 praecipue
629 1777 728 1807 vero
762 1768 957 1807 terantur
988 1765 1083 1806 libri
1116 1764 1168 1807 de
1201 1764 1406 1820 Oratore,
1439 1764 1593 1817 quibus
1625 1763 1727 1806 nihil
1758 1767 1899 1817 potest

173 1839 263 1882 fieri
296 1840 482 1894 politius.
543 1840 760 1882 Materia
791 1841 833 1882 in
865 1840 1180 1894 philosophicis,
1214 1840 1393 1882 maxime
1425 1839 1489 1894 iis,
1522 1839 1593 1892 qui
1626 1839 1678 1881 de
1710 1838 1898 1881 moribus

175 1918 327 1971 agunt,
370 1919 419 1957 ut
458 1918 559 1956 sunt
599 1915 734 1970 primo
767 1915 862 1957 libri
896 1915 946 1957 de
978 1914 1146 1967 officiis,
1189 1916 1289 1957 sunt
1318 1914 1398 1957 loci
1431 1926 1685 1956 communes.
1748 1914 1900 1967 Itaque

172 1989 276 2032 fiant
307 1989 524 2043 generales
557 1989 689 2032 tituli:
730 1990 781 2032 de
812 1990 984 2045 virtute,
1017 1989 1069 2031 de
1095 1989 1278 2043 justitia,
1311 1989 1362 2031 de
1394 1988 1684 2043 beneficentia,
1720 1988 1771 2031 de
1804 2001 1899 2031 con-

173 2068 309 2107 temtu
349 2065 515 2115 mortis,
563 2064 713 2107 deinde
753 2065 832 2107 sub
874 2064 938 2107 his
981 2064 1050 2106 3111
1088 2064 1290 2118 speciales
1330 2067 1397 2105 ut:
1445 2063 1647 2106 virtutem
1678 2066 1898 2117 praestare

173 2139 346 2195 opibus,
387 2139 597 2192 quomodo
638 2140 740 2194 reip.
785 2140 841 2181 sit
880 2139 1239 2182 benefaciendum.
1302 2139 1377 2181 His
1424 2137 1730 2192 posterioribus
1763 2138 1898 2181 titulis

173 2215 454 2268 subjiciantur
485 2227 652 2270 causae,
686 2215 889 2269 exempla,
924 2215 1090 2270 similia,
1123 2227 1232 2267 quae
1256 2213 1400 2256 Cicero
1425 2213 1574 2256 adfert.
1628 2213 1789 2255 Eadem
1810 2214 1898 2255 fere

173 2289 282 2332 ratio
314 2290 356 2331 in
388 2290 506 2332 libris
539 2289 590 2332 de
622 2292 779 2332 natura
810 2290 998 2332 Deorum
1030 2293 1072 2331 et
1102 2289 1309 2331 similibus
1350 2293 1558 2331 teneatur.
1596 2313 1645 2319 —
1680 2289 1729 2330 In
1761 2287 1897 2330 Rhe-

173 2365 374 2408 toricis
406 2368 637 2419 praecepta
670 2364 882 2408 Ciceronis
915 2364 1102 2407 breviter
1133 2364 1186 2406 ad
1219 2364 1359 2418 capita
1391 2363 1643 2406 Rhetoricae
1667 2363 1801 2406 Soarii
1833 2375 1896 2405 re—

172 2443 388 2482 vocentur.

311 2533 362 2574 29
398 2532 674 2575 Observanda
705 2535 805 2574 sunt
836 2543 945 2584 quae
977 2531 1030 2574 ad
1070 2533 1266 2572 ornatum
1306 2530 1581 2586 adferuntur,
1624 2532 1673 2572 ut
1714 2529 1895 2583 fabulae,

173 2607 309 2660 qualis
348 2610 413 2649 est
452 2606 524 2648 illa
565 2607 617 2649 de
648 2606 779 2661 Gygis
822 2606 975 2648 annulo
1013 2605 1083 2648 lib.
1108 2606 1132 2647 3
1172 2605 1223 2647 de
1256 2604 1320 2647 off.
1382 2605 1597 2647 Historiae
1629 2617 1711 2647 non
1744 2617 1792 2646 ex
1824 2617 1895 2647 ne-

173 2681 391 2736 cessitate,
432 2680 506 2723 sed
545 2680 672 2723 animi
714 2693 844 2722 causa
888 2680 1076 2722 suaviter
1115 2679 1347 2735 adductae,
1390 2683 1437 2722 ut
1468 2680 1540 2722 illa
1572 2680 1623 2722 de
1654 2679 1896 2722 inventione

173 2756 355 2810 sepulcri
378 2755 640 2798 Archimedis
673 2755 742 2797 lib.
768 2757 792 2797 5
827 2756 947 2797 Tusc.
982 2758 1166 2808 quaest.;
1197 2754 1462 2797 inductiones
1488 2755 1716 2809 jucundae,
1749 2754 1895 2808 quales

174 2834 275 2874 sunt
304 2831 402 2873 illae
434 2830 485 2873 de
516 2830 710 2873 sensibus
744 2831 780 2872 3.
817 2830 867 2872 de
900 2830 1091 2872 Oratore.

313 2924 364 2966 3?
398 2922 699 2965 Observandae
730 2924 830 2965 sunt
861 2922 1121 2977 sententiae,
1164 2935 1273 2976 quae
1304 2922 1567 2976 magnificam
1607 2921 1767 2964 faciunt
1805 2934 1896 2964 ora-

176 2998 353 3053 tionem,
394 2997 540 3051 quales
580 3001 681 3040 sunt
720 2997 838 3050 illae,
883 2997 1038 3051 quibus
1075 2997 1253 3041 Crassus
1291 2998 1425 3052 primo
1465 2997 1516 3040 de
1549 2998 1727 3040 Oratore
1759 2998 1895 3040 utitur

176 3072 229 3115 ad
263 3072 494 3115 ornandam
526 3072 822 3126 eloquentiam.
