2164 3535
191 214 273 255 362
502 211 652 246 Bericht
678 210 741 245 der
767 210 966 245 deutschen
992 210 1145 244 Provinz
1172 212 1261 244 iiber
1287 209 1344 244 die
1370 210 1412 246 R.
1440 214 1481 245 st.
1524 214 1622 246 1821.

191 354 412 408 pauciores
453 365 585 395 annos
625 364 701 405 pro
745 351 867 393 libitu
907 363 956 392 ac
1001 350 1220 403 diligentia
1260 351 1488 393 terminare
1530 351 1710 393 valeant.
1781 352 1835 394 39
1876 352 1924 393 111

191 429 451 481 Theologicis
485 427 721 469 Academiis
759 426 942 481 ubique,
985 426 1240 480 praesertim
1281 426 1324 467 in
1356 426 1640 468 saecularium
1673 426 1925 468 clericorum

192 504 451 559 Seminariis,
483 503 645 545 obtinet
676 502 929 557 triennium,
962 502 1128 555 eritque
1160 500 1328 543 difficile
1358 501 1401 543 id
1431 505 1618 557 mutare,
1650 501 1763 543 intra
1795 501 1924 557 quod,

190 592 273 621 non
306 591 390 620 11110
422 578 562 633 modo,
595 577 867 631 supradictae
898 577 1103 619 materiae
1136 576 1465 619 distribuuntur.

330 654 416 697 IV?
462 653 583 695 Circa
614 653 909 694 Methodum
944 655 993 694 19
1026 653 1066 693 111
1101 651 1445 694 Inferioribus
1478 651 1636 705 passim
1669 652 1925 694 adhibentur

192 732 235 771 et
266 730 493 782 exiguntur
524 728 733 770 Auctores
766 728 982 783 impressi,
1016 731 1058 770 et
1089 727 1260 781 quidem
1292 727 1437 779 lingua
1467 727 1613 769 Patria
1645 727 1687 769 111
1719 727 1925 769 inferiori-

192 804 270 846 bus
293 805 444 846 saltem
478 804 702 846 latinitatis
726 803 892 859 scholis,
925 806 973 846 ut
1000 804 1105 846 etin
1129 803 1322 845 omnibus
1346 803 1606 859 accessoriis,
1639 816 1695 846 sc.
1720 803 1924 859 Historia,

193 880 475 936 Geograpliia,
498 880 695 931 Mathesi,
719 880 939 922 Catechesi
962 882 1039 922 etc.
1089 882 1142 921 29
1175 880 1223 921 In
1247 878 1612 933 Superioribus
1636 891 1837 932 magnum
1859 882 1923 921 est

191 957 278 998 fere
318 955 476 1009 ubique
517 956 825 1010 praejudicium
864 958 1011 998 contra
1054 956 1348 1009 dictationem,
1391 955 1641 1009 praesertim
1679 955 1720 996 in
1761 953 1924 996 Scholis

191 1030 454 1083 Theologicis
487 1033 529 1073 et
560 1031 890 1083 matlieinaticis;
936 1031 977 1072 in
1016 1031 1194 1073 caeteris
1236 1044 1339 1073 usus
1382 1031 1524 1072 varius
1569 1035 1643 1072 est.
1708 1030 1757 1072 In
1790 1030 1922 1072 Theo-

197 1106 341 1159 logicis
375 1109 516 1148 tamen
549 1107 707 1159 passim
741 1109 936 1149 auctores
969 1106 1229 1159 imprimunt.

746 1303 1032 1345 Secundum
1061 1303 1367 1357 quaesitum.

331 1401 534 1449 „Lustrat
557 1402 750 1450 publicos
781 1402 1022 1440 stadiorum
1048 1406 1310 1451 prospectus,
1346 1415 1452 1452 (lime
1482 1416 1550 1441 ros
1582 1405 1628 1441 in
1658 1404 1751 1440 suis
1781 1404 1923 1440 natio—

191 1477 359 1515 'nabibus
397 1478 632 1516 academiis·
673 1477 891 1525 docentur,
937 1481 973 1516 et
1011 1491 1093 1527 qua
1127 1478 1173 1516 z’d
1198 1480 1248 1528 fit
1286 1479 1581 1517 distributione
1622 1478 1827 1516 horarum
1866 1477 1927 1515 vel

190 1553 357 1590 clim-iim
382 1565 464 1601 pro
496 1565 742 1602 ‘zmoquoque
768 1564 917 1603 9011010
948 1553 1104 1591 kartam
1136 1550 1340 1591 artiumf‘

330 1633 417 1674 Auf
445 1634 559 1675 diese
592 1635 730 1686 Frage
761 1634 874 1686 legte
905 1633 980 1675 der
1012 1634 1057 1675 P.
1082 1633 1270 1675 Godinot
1311 1634 1596 1687 abgesondert
1627 1634 1694 1675 die
1727 1633 1924 1675 Studien-

194 1709 319 1762 plane
362 1709 437 1751 der
477 1710 714 1763 damaligen
756 1709 1047 1751 katholischen
1090 1708 1496 1752 Gelehrtenschuleu
1538 1710 1579 1751 in
1622 1709 1697 1751 der
1738 1709 1922 1751 Schweiz

191 1798 286 1835 vor,
321 1785 533 1827 dieselben
568 1785 778 1827 beriihren
814 1798 965 1827 unsere
998 1784 1146 1826 Arbeit
1178 1785 1303 1827 nicht.

773 1981 1001 2024 Tertium
1033 1981 1338 2035 quaesitum.

330 2082 554 2130 „Demque
585 2079 866 2118 consideratis
899 2081 1091 2117 omnibus
1119 2080 1277 2129 formet
1309 2082 1433 2128 atque
1465 2082 1612 2117 efflaret
1642 2082 1801 2128 scripto
1822 2092 1922 2118 suc-

192 2159 383 2203 cinctim,
428 2156 552 2203 clare,
603 2156 836 2194 ordinatim
876 2168 1001 2193 suam
1041 2157 1277 2204 opinionem
1320 2158 1356 2193 et
1389 2155 1609 2204 postulata
1650 2167 1701 2194 ccl:
1740 2168 1786 2194 rc
1828 2168 1923 2194 ma—

192 2228 384 2270 nantioef‘

331 2313 590 2366 Exponenda
621 2313 766 2365 itaque
802 2316 850 2355 19
884 2326 977 2354 mea
1009 2313 1163 2366 opinio,
1198 2314 1250 2354 29
1284 2312 1502 2366 postulata
1534 2325 1582 2354 ex
1612 2325 1657 2353 re
1688 2312 1919 2354 manantia.

329 2399 376 2442 19
418 2400 526 2441 Mea
558 2400 728 2452 opinio
761 2399 881 2441 haec
914 2402 1003 2441 est.
1059 2399 1116 2441 Ut
1140 2398 1328 2440 Societas
1361 2398 1473 2440 omni
1506 2398 1545 2439 vi
1578 2401 1754 2440 conetur
1770 2399 1919 2451 juven-

193 2478 327 2515 tutem
351 2474 402 2515 ad
436 2487 527 2516 sese
549 2474 729 2527 allicere,
762 2474 941 2527 ideoque
965 2476 1055 2515 tum
1088 2474 1361 2515 scientiarum
1391 2486 1567 2515 numero
1591 2473 1670 2528 [et]
1694 2477 1920 2528 apparatu,

193 2552 283 2590 tuin
317 2549 531 2591 soliditate
563 2549 753 2603 publicas
787 2549 944 2602 ubique
982 2549 1148 2590 scholas
1181 2561 1262 2590 non
1297 2549 1432 2590 solum
1466 2549 1729 2601 adaequare,
1773 2548 1847 2590 sed
1880 2551 1923 2590 et

192 2625 379 2673 vincere,
424 2625 703 2677 omnibusque
736 2625 775 2665 in
820 2624 965 2675 rebus,
1007 2628 1214 2677 quantuni
1254 2623 1361 2665 ratio
1405 2624 1588 2677 patitur,
1631 2637 1723 2666 sese
1766 2624 1922 2665 saeculi

193 2700 313 2751 genio
347 2699 648 2751 accommodet,
682 2703 729 2740 ut
750 2700 810 2741 ita
836 2701 1105 2753 juventutem
1137 2699 1436 2740 modernorum
1461 2699 1695 2752 Lyceorum
1728 2699 1919 2751 pestibus

198 2778 409 2828 ereptam,
453 2778 600 2816 contra
632 2775 765 2816 onmis
799 2775 964 2827 generis
997 2774 1266 2817 seductiones
1300 2774 1438 2816 valeat
1469 2774 1750 2827 praemunire.
1813 2774 1921 2815 Hinc

195 2850 321 2890 etiam
371 2849 558 2890 Societas
606 2849 757 2890 famam
809 2862 927 2891 suam
976 2849 1167 2891 tuebitur
1212 2842 1399 2901 facilius,
1444 2861 1556 2890 nunc
1603 2849 1713 2890 enim
1762 2849 1916 2901 passini

197 2924 470 2974 »Latinistae,
504 2924 792 2977 obscurantes,
825 2925 1090 2979 tenebricosi,
1123 2924 1306 2976 gothici«
1340 2923 1549 2965 audimus.

332 2999 438 3040 Hinc
479 3000 525 3040 in
574 2999 911 3040 inferioribus
955 3012 1049 3040 011111
1093 2998 1255 3040 Latinis
1299 2998 1558 3050 Graecisque
1604 2998 1756 3040 litteris
1807 2998 1919 3039 omni

197 3086 299 3114 cura
324 3074 453 3115 excoli
493 3074 617 3115 debet
649 3075 873 3116 vernacula
897 3075 1054 3126 lingua,
1088 3077 1240 3115 cuncta
1271 3072 1397 3114 verbo
1431 3073 1654 3115 nationalis
1677 3073 1920 3114 litteratura

195 3149 379 3203 poetica,
424 3148 496 3189 sed
538 3149 789 3201 praesertim
824 3150 1034 3203 oratoria,
1079 3161 1147 3189 ars
1188 3148 1287 3189 item
1332 3148 1604 3189 (1001111111111111.
1670 3148 1750 3188 Per
1782 3150 1917 3188 totum
