<?xml version="1.0" encoding="UTF-8"?>
<!DOCTYPE html PUBLIC "-//W3C//DTD XHTML 1.0 Transitional//EN"
    "http://www.w3.org/TR/xhtml1/DTD/xhtml1-transitional.dtd">
<html xmlns="http://www.w3.org/1999/xhtml" xml:lang="en" lang="en">
 <head>
  <title>
</title>
<meta http-equiv="Content-Type" content="text/html;charset=utf-8" />
  <meta name='ocr-system' content='tesseract 3.04.00' />
  <meta name='ocr-capabilities' content='ocr_page ocr_carea ocr_par ocr_line ocrx_word'/>
</head>
<body>
  <div class='ocr_page' id='page_1' title='image "./ratiostudiorumet16jesu_0430.png"; bbox 0 0 2164 3535; ppageno 0'>
   <div class='ocr_carea' id='block_1_1' title="bbox 221 226 1724 280">
    <p class='ocr_par' dir='ltr' id='par_1_1' title="bbox 221 226 1724 280">
     <span class='ocr_line' id='line_1_1' title="bbox 221 226 1724 280; baseline -0.007 -9"><span class='ocrx_word' id='word_1_1' title='bbox 221 238 304 280; x_wconf 84' lang='lat'>406</span> <span class='ocrx_word' id='word_1_2' title='bbox 438 234 478 269; x_wconf 91' lang='lat' dir='ltr'>P.</span> <span class='ocrx_word' id='word_1_3' title='bbox 504 233 696 269; x_wconf 86' lang='lat' dir='ltr'>Roothaan</span> <span class='ocrx_word' id='word_1_4' title='bbox 721 231 858 267; x_wconf 85' lang='lat' dir='ltr'>fordert</span> <span class='ocrx_word' id='word_1_5' title='bbox 882 241 927 265; x_wconf 89' lang='lat' dir='ltr'>zu</span> <span class='ocrx_word' id='word_1_6' title='bbox 952 239 1069 264; x_wconf 84' lang='lat' dir='ltr'>neuen</span> <span class='ocrx_word' id='word_1_7' title='bbox 1096 226 1488 270; x_wconf 74' lang='lat' dir='ltr'>Studienvorschlagen</span> <span class='ocrx_word' id='word_1_8' title='bbox 1513 226 1585 262; x_wconf 88' lang='lat' dir='ltr'>auf.</span> <span class='ocrx_word' id='word_1_9' title='bbox 1629 229 1724 262; x_wconf 80' lang='lat'>1830.</span> 
     </span>
    </p>
   </div>
   <div class='ocr_carea' id='block_1_2' title="bbox 220 304 1170 313">
    <p class='ocr_par' dir='ltr' id='par_1_2' title="bbox 220 304 1170 313">
     <span class='ocr_line' id='line_1_2' title="bbox 220 304 1170 313; baseline 0 0"><span class='ocrx_word' id='word_1_10' title='bbox 220 304 1170 313; x_wconf 95' lang='lat' dir='ltr'> </span> 
     </span>
    </p>
   </div>
   <div class='ocr_carea' id='block_1_3' title="bbox 223 367 1950 733">
    <p class='ocr_par' dir='ltr' id='par_1_3' title="bbox 223 367 1950 733">
     <span class='ocr_line' id='line_1_3' title="bbox 223 367 1946 425; baseline -0.008 -5"><span class='ocrx_word' id='word_1_11' title='bbox 223 376 461 420; x_wconf 88' lang='lat' dir='ltr'>studiorum</span> <span class='ocrx_word' id='word_1_12' title='bbox 503 374 790 423; x_wconf 62' lang='lat' dir='ltr'>continentum</span> <span class='ocrx_word' id='word_1_13' title='bbox 833 372 937 414; x_wconf 87' lang='lat' dir='ltr'>haec</span> <span class='ocrx_word' id='word_1_14' title='bbox 978 370 1164 425; x_wconf 88' lang='lat' dir='ltr'>providit</span> <span class='ocrx_word' id='word_1_15' title='bbox 1203 368 1417 423; x_wconf 76' lang='lat' dir='ltr'>pluribus,</span> <span class='ocrx_word' id='word_1_16' title='bbox 1460 367 1513 410; x_wconf 92' lang='lat' dir='ltr'>ad</span> <span class='ocrx_word' id='word_1_17' title='bbox 1556 380 1665 421; x_wconf 90' lang='lat' dir='ltr'>quae</span> <span class='ocrx_word' id='word_1_18' title='bbox 1696 379 1779 409; x_wconf 91' lang='lat' dir='ltr'>non</span> <span class='ocrx_word' id='word_1_19' title='bbox 1812 369 1946 408; x_wconf 89' lang='lat' dir='ltr'>atten-</span> 
     </span>
     <span class='ocr_line' id='line_1_4' title="bbox 223 440 1948 503; baseline -0.007 -9"><span class='ocrx_word' id='word_1_20' title='bbox 223 452 356 503; x_wconf 79' lang='lat' dir='ltr'>ditur3</span> <span class='ocrx_word' id='word_1_21' title='bbox 398 450 516 493; x_wconf 89' lang='lat' dir='ltr'>varia</span> <span class='ocrx_word' id='word_1_22' title='bbox 554 448 850 491; x_wconf 87' lang='lat' dir='ltr'>subministrat</span> <span class='ocrx_word' id='word_1_23' title='bbox 887 446 1132 500; x_wconf 86' lang='lat' dir='ltr'>adjumenta</span> <span class='ocrx_word' id='word_1_24' title='bbox 1170 447 1213 487; x_wconf 88' lang='lat' dir='ltr'>et</span> <span class='ocrx_word' id='word_1_25' title='bbox 1253 443 1510 499; x_wconf 73' lang='lat' dir='ltr'>industrias,</span> <span class='ocrx_word' id='word_1_26' title='bbox 1552 455 1661 496; x_wconf 87' lang='lat' dir='ltr'>quae</span> <span class='ocrx_word' id='word_1_27' title='bbox 1702 455 1784 483; x_wconf 89' lang='lat' dir='ltr'>non</span> <span class='ocrx_word' id='word_1_28' title='bbox 1831 440 1948 483; x_wconf 88' lang='lat' dir='ltr'>adhi-</span> 
     </span>
     <span class='ocr_line' id='line_1_5' title="bbox 223 517 1947 579; baseline -0.006 -10"><span class='ocrx_word' id='word_1_29' title='bbox 223 528 396 577; x_wconf 78' lang='lat' dir='ltr'>bentur3</span> <span class='ocrx_word' id='word_1_30' title='bbox 429 526 588 579; x_wconf 90' lang='lat' dir='ltr'>optima</span> <span class='ocrx_word' id='word_1_31' title='bbox 619 523 837 577; x_wconf 75' lang='lat' dir='ltr'>praecipit,</span> <span class='ocrx_word' id='word_1_32' title='bbox 871 535 981 576; x_wconf 90' lang='lat' dir='ltr'>quae</span> <span class='ocrx_word' id='word_1_33' title='bbox 1012 535 1094 563; x_wconf 93' lang='lat' dir='ltr'>non</span> <span class='ocrx_word' id='word_1_34' title='bbox 1123 520 1382 562; x_wconf 82' lang='lat' dir='ltr'>mandantur</span> <span class='ocrx_word' id='word_1_35' title='bbox 1412 518 1659 571; x_wconf 78' lang='lat' dir='ltr'>executioni,</span> <span class='ocrx_word' id='word_1_36' title='bbox 1692 522 1734 560; x_wconf 89' lang='lat' dir='ltr'>et</span> <span class='ocrx_word' id='word_1_37' title='bbox 1770 517 1947 559; x_wconf 84' lang='lat' dir='ltr'>forsitan</span> 
     </span>
     <span class='ocr_line' id='line_1_6' title="bbox 225 594 1950 657; baseline -0.007 -12"><span class='ocrx_word' id='word_1_38' title='bbox 225 602 450 657; x_wconf 83' lang='lat' dir='ltr'>nequidem</span> <span class='ocrx_word' id='word_1_39' title='bbox 495 601 705 653; x_wconf 81' lang='lat' dir='ltr'>leguntur.</span> <span class='ocrx_word' id='word_1_40' title='bbox 779 598 985 652; x_wconf 81' lang='lat' dir='ltr'>Equidem</span> <span class='ocrx_word' id='word_1_41' title='bbox 1030 609 1201 651; x_wconf 83' lang='lat' dir='ltr'>vereor,</span> <span class='ocrx_word' id='word_1_42' title='bbox 1249 608 1301 637; x_wconf 91' lang='lat' dir='ltr'>ne</span> <span class='ocrx_word' id='word_1_43' title='bbox 1347 595 1468 637; x_wconf 89' lang='lat' dir='ltr'>multi</span> <span class='ocrx_word' id='word_1_44' title='bbox 1515 594 1794 636; x_wconf 80' lang='lat' dir='ltr'>condemnent</span> <span class='ocrx_word' id='word_1_45' title='bbox 1842 604 1950 645; x_wconf 89' lang='lat' dir='ltr'>quae</span> 
     </span>
     <span class='ocr_line' id='line_1_7' title="bbox 226 674 809 733; baseline -0.01 -12"><span class='ocrx_word' id='word_1_46' title='bbox 226 678 342 733; x_wconf 88' lang='lat' dir='ltr'>prius</span> <span class='ocrx_word' id='word_1_47' title='bbox 373 689 456 719; x_wconf 90' lang='lat' dir='ltr'>non</span> <span class='ocrx_word' id='word_1_48' title='bbox 487 677 605 718; x_wconf 84' lang='lat' dir='ltr'>fuere</span> <span class='ocrx_word' id='word_1_49' title='bbox 636 674 809 729; x_wconf 84' lang='lat' dir='ltr'>experti.</span> 
     </span>
    </p>
   </div>
   <div class='ocr_carea' id='block_1_4' title="bbox 232 1162 1959 1340">
    <p class='ocr_par' dir='ltr' id='par_1_4' title="bbox 232 1162 1959 1340">
     <span class='ocr_line' id='line_1_8' title="bbox 419 1162 1769 1221; baseline -0.006 0"><span class='ocrx_word' id='word_1_50' title='bbox 419 1166 480 1221; x_wconf 90' lang='lat' dir='ltr'>P.</span> <span class='ocrx_word' id='word_1_51' title='bbox 525 1164 777 1221; x_wconf 83' lang='lat' dir='ltr'>General</span> <span class='ocrx_word' id='word_1_52' title='bbox 827 1164 1136 1219; x_wconf 85' lang='lat' dir='ltr'>Roothaan</span> <span class='ocrx_word' id='word_1_53' title='bbox 1189 1163 1406 1218; x_wconf 87' lang='lat' dir='ltr'>fordert</span> <span class='ocrx_word' id='word_1_54' title='bbox 1459 1162 1769 1215; x_wconf 86' lang='lat' dir='ltr'>wiederum</span> 
     </span>
     <span class='ocr_line' id='line_1_9' title="bbox 232 1265 1959 1340; baseline -0.003 -15"><span class='ocrx_word' id='word_1_55' title='bbox 232 1291 345 1325; x_wconf 87' lang='lat' dir='ltr'>von</span> <span class='ocrx_word' id='word_1_56' title='bbox 410 1271 522 1324; x_wconf 89' lang='lat' dir='ltr'>den</span> <span class='ocrx_word' id='word_1_57' title='bbox 578 1269 975 1324; x_wconf 71' lang='lat' dir='ltr'>Provinzialen</span> <span class='ocrx_word' id='word_1_58' title='bbox 1037 1268 1600 1340; x_wconf 80' lang='lat' dir='ltr'>Berichterstattung</span> <span class='ocrx_word' id='word_1_59' title='bbox 1661 1265 1804 1319; x_wconf 74' lang='lat' dir='ltr'>iiber</span> <span class='ocrx_word' id='word_1_60' title='bbox 1867 1265 1959 1319; x_wconf 89' lang='lat' dir='ltr'>die</span> 
     </span>
    </p>
   </div>
   <div class='ocr_carea' id='block_1_5' title="bbox 236 1369 1960 1533">
    <p class='ocr_par' dir='ltr' id='par_1_5' title="bbox 236 1369 1960 1533">
     <span class='ocr_line' id='line_1_10' title="bbox 236 1369 1960 1449; baseline -0.005 -20"><span class='ocrx_word' id='word_1_61' title='bbox 236 1376 589 1449; x_wconf 83' lang='lat' dir='ltr'>Anpassung</span> <span class='ocrx_word' id='word_1_62' title='bbox 651 1374 752 1428; x_wconf 89' lang='lat' dir='ltr'>der</span> <span class='ocrx_word' id='word_1_63' title='bbox 805 1372 977 1428; x_wconf 84' lang='lat' dir='ltr'>Ratio</span> <span class='ocrx_word' id='word_1_64' title='bbox 1042 1372 1363 1427; x_wconf 86' lang='lat' dir='ltr'>studiorum</span> <span class='ocrx_word' id='word_1_65' title='bbox 1427 1391 1497 1425; x_wconf 86' lang='lat' dir='ltr'>an</span> <span class='ocrx_word' id='word_1_66' title='bbox 1560 1371 1651 1423; x_wconf 90' lang='lat' dir='ltr'>die</span> <span class='ocrx_word' id='word_1_67' title='bbox 1702 1369 1960 1443; x_wconf 81' lang='lat' dir='ltr'>jetzigen</span> 
     </span>
     <span class='ocr_line' id='line_1_11' title="bbox 587 1475 1615 1533; baseline -0.005 0"><span class='ocrx_word' id='word_1_68' title='bbox 587 1478 1096 1533; x_wconf 82' lang='lat' dir='ltr'>Zeitbediirfnisse.</span> <span class='ocrx_word' id='word_1_69' title='bbox 1184 1478 1273 1530; x_wconf 77' lang='lat'>29.</span> <span class='ocrx_word' id='word_1_70' title='bbox 1300 1475 1416 1530; x_wconf 87' lang='lat' dir='ltr'>Mai</span> <span class='ocrx_word' id='word_1_71' title='bbox 1451 1476 1615 1529; x_wconf 82' lang='lat'>1830.</span> 
     </span>
    </p>
   </div>
   <div class='ocr_carea' id='block_1_6' title="bbox 236 1597 1961 1703">
    <p class='ocr_par' dir='ltr' id='par_1_6' title="bbox 236 1597 1961 1703">
     <span class='ocr_line' id='line_1_12' title="bbox 236 1597 1961 1648; baseline -0.004 -10"><span class='ocrx_word' id='word_1_72' title='bbox 236 1603 375 1648; x_wconf 76' lang='lat' dir='ltr'>(Arch.</span> <span class='ocrx_word' id='word_1_73' title='bbox 402 1601 533 1638; x_wconf 78' lang='lat' dir='ltr'>Germ.</span> <span class='ocrx_word' id='word_1_74' title='bbox 555 1603 610 1638; x_wconf 91' lang='lat' dir='ltr'>II.</span> <span class='ocrx_word' id='word_1_75' title='bbox 636 1603 681 1638; x_wconf 81' lang='lat' dir='ltr'>F.</span> <span class='ocrx_word' id='word_1_76' title='bbox 707 1612 748 1637; x_wconf 86' lang='lat'>11.</span> <span class='ocrx_word' id='word_1_77' title='bbox 767 1602 816 1637; x_wconf 83' lang='lat'>38</span> <span class='ocrx_word' id='word_1_78' title='bbox 843 1601 1087 1645; x_wconf 83' lang='lat' dir='ltr'>beigeklebt.</span> <span class='ocrx_word' id='word_1_79' title='bbox 1137 1600 1211 1636; x_wconf 89' lang='lat' dir='ltr'>Ein</span> <span class='ocrx_word' id='word_1_80' title='bbox 1237 1599 1405 1643; x_wconf 84' lang='lat' dir='ltr'>lithogr.</span> <span class='ocrx_word' id='word_1_81' title='bbox 1423 1598 1554 1635; x_wconf 86' lang='lat' dir='ltr'>Blattt</span> <span class='ocrx_word' id='word_1_82' title='bbox 1579 1598 1621 1634; x_wconf 92' lang='lat' dir='ltr'>in</span> <span class='ocrx_word' id='word_1_83' title='bbox 1647 1597 1757 1633; x_wconf 86' lang='lat' dir='ltr'>carta</span> <span class='ocrx_word' id='word_1_84' title='bbox 1773 1597 1961 1642; x_wconf 80' lang='lat' dir='ltr'>Romana,</span> 
     </span>
     <span class='ocr_line' id='line_1_13' title="bbox 841 1658 1359 1703; baseline -0.002 -8"><span class='ocrx_word' id='word_1_85' title='bbox 841 1659 905 1695; x_wconf 80' lang='lat' dir='ltr'>(lie</span> <span class='ocrx_word' id='word_1_86' title='bbox 931 1659 1118 1696; x_wconf 85' lang='lat' dir='ltr'>amtliche</span> <span class='ocrx_word' id='word_1_87' title='bbox 1143 1658 1359 1703; x_wconf 80' lang='lat' dir='ltr'>Ausgabe.)</span> 
     </span>
    </p>
   </div>
   <div class='ocr_carea' id='block_1_7' title="bbox 239 1924 1964 1976">
    <p class='ocr_par' dir='ltr' id='par_1_7' title="bbox 239 1924 1964 1976">
     <span class='ocr_line' id='line_1_14' title="bbox 239 1924 1964 1976; baseline -0.001 -2"><span class='ocrx_word' id='word_1_88' title='bbox 239 1925 440 1975; x_wconf 86' lang='lat' dir='ltr'>Literae</span> <span class='ocrx_word' id='word_1_89' title='bbox 479 1927 536 1974; x_wconf 85' lang='lat' dir='ltr'>A.</span> <span class='ocrx_word' id='word_1_90' title='bbox 564 1928 620 1975; x_wconf 85' lang='lat' dir='ltr'>R.</span> <span class='ocrx_word' id='word_1_91' title='bbox 653 1926 702 1975; x_wconf 88' lang='lat' dir='ltr'>P.</span> <span class='ocrx_word' id='word_1_92' title='bbox 728 1926 792 1976; x_wconf 89' lang='lat' dir='ltr'>N.</span> <span class='ocrx_word' id='word_1_93' title='bbox 822 1926 1084 1975; x_wconf 85' lang='lat' dir='ltr'>Roothaan</span> <span class='ocrx_word' id='word_1_94' title='bbox 1123 1927 1184 1975; x_wconf 87' lang='lat' dir='ltr'>de</span> <span class='ocrx_word' id='word_1_95' title='bbox 1211 1926 1425 1976; x_wconf 84' lang='lat' dir='ltr'>Ratione</span> <span class='ocrx_word' id='word_1_96' title='bbox 1452 1925 1742 1975; x_wconf 80' lang='lat' dir='ltr'>Studiorum</span> <span class='ocrx_word' id='word_1_97' title='bbox 1779 1924 1964 1973; x_wconf 88' lang='lat' dir='ltr'>nostris</span> 
     </span>
    </p>
   </div>
   <div class='ocr_carea' id='block_1_8' title="bbox 706 2017 1497 2085">
    <p class='ocr_par' dir='ltr' id='par_1_8' title="bbox 706 2017 1497 2085">
     <span class='ocr_line' id='line_1_15' title="bbox 706 2017 1497 2085; baseline 0.001 -18"><span class='ocrx_word' id='word_1_98' title='bbox 706 2019 1017 2085; x_wconf 81' lang='lat' dir='ltr'>temporibus</span> <span class='ocrx_word' id='word_1_99' title='bbox 1056 2017 1497 2068; x_wconf 83' lang='lat' dir='ltr'>accommodanda.</span> 
     </span>
    </p>
   </div>
   <div class='ocr_carea' id='block_1_9' title="bbox 483 2168 1723 2211">
    <p class='ocr_par' dir='ltr' id='par_1_9' title="bbox 483 2168 1723 2211">
     <span class='ocr_line' id='line_1_16' title="bbox 483 2168 1723 2211; baseline -0.002 0"><span class='ocrx_word' id='word_1_100' title='bbox 483 2170 596 2211; x_wconf 84' lang='lat' dir='ltr'>Rev.</span> <span class='ocrx_word' id='word_1_101' title='bbox 629 2169 677 2211; x_wconf 92' lang='lat' dir='ltr'>in</span> <span class='ocrx_word' id='word_1_102' title='bbox 710 2169 852 2211; x_wconf 85' lang='lat' dir='ltr'>Chro.</span> <span class='ocrx_word' id='word_1_103' title='bbox 886 2169 930 2211; x_wconf 93' lang='lat' dir='ltr'>P.</span> <span class='ocrx_word' id='word_1_104' title='bbox 964 2169 1319 2211; x_wconf 88' lang='lat' dir='ltr'>Provincialis.</span> <span class='ocrx_word' id='word_1_105' title='bbox 1383 2170 1482 2211; x_wconf 83' lang='lat' dir='ltr'>Pax</span> <span class='ocrx_word' id='word_1_106' title='bbox 1515 2168 1723 2211; x_wconf 85' lang='lat' dir='ltr'>Christi.</span> 
     </span>
    </p>
   </div>
   <div class='ocr_carea' id='block_1_10' title="bbox 242 2271 1970 3005">
    <p class='ocr_par' dir='ltr' id='par_1_10' title="bbox 242 2271 1970 3005">
     <span class='ocr_line' id='line_1_17' title="bbox 380 2271 1966 2326; baseline -0.002 -11"><span class='ocrx_word' id='word_1_107' title='bbox 380 2273 441 2315; x_wconf 90' lang='lat' dir='ltr'>Ut</span> <span class='ocrx_word' id='word_1_108' title='bbox 481 2272 662 2314; x_wconf 88' lang='lat' dir='ltr'>satisfiat</span> <span class='ocrx_word' id='word_1_109' title='bbox 699 2273 820 2315; x_wconf 90' lang='lat' dir='ltr'>Decr.</span> <span class='ocrx_word' id='word_1_110' title='bbox 856 2273 945 2314; x_wconf 87' lang='lat' dir='ltr'>XV.</span> <span class='ocrx_word' id='word_1_111' title='bbox 981 2272 1329 2326; x_wconf 79' lang='lat' dir='ltr'>Congregationis</span> <span class='ocrx_word' id='word_1_112' title='bbox 1372 2273 1584 2324; x_wconf 86' lang='lat' dir='ltr'>ultimae¹)</span> <span class='ocrx_word' id='word_1_113' title='bbox 1628 2272 1678 2314; x_wconf 89' lang='lat' dir='ltr'>de</span> <span class='ocrx_word' id='word_1_114' title='bbox 1722 2271 1966 2313; x_wconf 84' lang='lat' dir='ltr'>Studiorum</span> 
     </span>
     <span class='ocr_line' id='line_1_18' title="bbox 242 2346 1965 2404; baseline -0.002 -14"><span class='ocrx_word' id='word_1_115' title='bbox 242 2348 423 2390; x_wconf 87' lang='lat' dir='ltr'>Ratione</span> <span class='ocrx_word' id='word_1_116' title='bbox 453 2348 609 2390; x_wconf 87' lang='lat' dir='ltr'>nostris</span> <span class='ocrx_word' id='word_1_117' title='bbox 643 2348 903 2401; x_wconf 89' lang='lat' dir='ltr'>temporibus</span> <span class='ocrx_word' id='word_1_118' title='bbox 936 2349 1308 2404; x_wconf 82' lang='lat' dir='ltr'>accommodanda7</span> <span class='ocrx_word' id='word_1_119' title='bbox 1342 2353 1470 2401; x_wconf 90' lang='lat' dir='ltr'>utque</span> <span class='ocrx_word' id='word_1_120' title='bbox 1498 2348 1539 2389; x_wconf 93' lang='lat' dir='ltr'>in</span> <span class='ocrx_word' id='word_1_121' title='bbox 1563 2360 1607 2389; x_wconf 86' lang='lat' dir='ltr'>re</span> <span class='ocrx_word' id='word_1_122' title='bbox 1630 2348 1737 2389; x_wconf 87' lang='lat' dir='ltr'>tanti</span> <span class='ocrx_word' id='word_1_123' title='bbox 1765 2346 1965 2389; x_wconf 88' lang='lat' dir='ltr'>momenti</span> 
     </span>
     <span class='ocr_line' id='line_1_19' title="bbox 244 2422 1966 2479; baseline -0.002 -13"><span class='ocrx_word' id='word_1_124' title='bbox 244 2437 338 2466; x_wconf 90' lang='lat' dir='ltr'>cum</span> <span class='ocrx_word' id='word_1_125' title='bbox 361 2424 472 2466; x_wconf 93' lang='lat' dir='ltr'>omni</span> <span class='ocrx_word' id='word_1_126' title='bbox 494 2424 719 2477; x_wconf 83' lang='lat' dir='ltr'>prudentia</span> <span class='ocrx_word' id='word_1_127' title='bbox 742 2437 788 2466; x_wconf 90' lang='lat' dir='ltr'>ac</span> <span class='ocrx_word' id='word_1_128' title='bbox 810 2424 1058 2466; x_wconf 88' lang='lat' dir='ltr'>maturitate</span> <span class='ocrx_word' id='word_1_129' title='bbox 1080 2423 1347 2479; x_wconf 71' lang='lat' dir='ltr'>procedatur,</span> <span class='ocrx_word' id='word_1_130' title='bbox 1380 2423 1431 2464; x_wconf 89' lang='lat' dir='ltr'>de</span> <span class='ocrx_word' id='word_1_131' title='bbox 1454 2423 1625 2465; x_wconf 86' lang='lat' dir='ltr'>consilio</span> <span class='ocrx_word' id='word_1_132' title='bbox 1649 2423 1728 2464; x_wconf 90' lang='grc' dir='ltr'>ΡΡ.</span> <span class='ocrx_word' id='word_1_133' title='bbox 1754 2422 1966 2464; x_wconf 85' lang='lat' dir='ltr'>Assisten-</span> 
     </span>
     <span class='ocr_line' id='line_1_20' title="bbox 245 2497 1969 2552; baseline -0.001 -12"><span class='ocrx_word' id='word_1_134' title='bbox 245 2499 351 2540; x_wconf 87' lang='lat' dir='ltr'>tium</span> <span class='ocrx_word' id='word_1_135' title='bbox 391 2499 527 2541; x_wconf 88' lang='lat' dir='ltr'>visum</span> <span class='ocrx_word' id='word_1_136' title='bbox 568 2502 633 2541; x_wconf 89' lang='lat' dir='ltr'>est</span> <span class='ocrx_word' id='word_1_137' title='bbox 673 2512 722 2540; x_wconf 82' lang='lat' dir='ltr'>ex</span> <span class='ocrx_word' id='word_1_138' title='bbox 761 2499 953 2541; x_wconf 88' lang='lat' dir='ltr'>omnibus</span> <span class='ocrx_word' id='word_1_139' title='bbox 985 2499 1217 2541; x_wconf 87' lang='lat' dir='ltr'>Provinciis</span> <span class='ocrx_word' id='word_1_140' title='bbox 1251 2498 1516 2552; x_wconf 88' lang='lat' dir='ltr'>deputandos</span> <span class='ocrx_word' id='word_1_141' title='bbox 1549 2511 1661 2548; x_wconf 70' lang='lat' dir='ltr'>esse,</span> <span class='ocrx_word' id='word_1_142' title='bbox 1703 2498 1773 2551; x_wconf 86' lang='lat' dir='ltr'>qui</span> <span class='ocrx_word' id='word_1_143' title='bbox 1806 2498 1859 2540; x_wconf 88' lang='lat' dir='ltr'>ad</span> <span class='ocrx_word' id='word_1_144' title='bbox 1890 2497 1969 2539; x_wconf 89' lang='lat' dir='ltr'>hoc</span> 
     </span>
     <span class='ocr_line' id='line_1_21' title="bbox 247 2573 1969 2627; baseline -0.001 -11"><span class='ocrx_word' id='word_1_145' title='bbox 247 2586 351 2627; x_wconf 87' lang='lat' dir='ltr'>opus</span> <span class='ocrx_word' id='word_1_146' title='bbox 383 2586 505 2615; x_wconf 89' lang='lat' dir='ltr'>suum</span> <span class='ocrx_word' id='word_1_147' title='bbox 539 2574 726 2615; x_wconf 86' lang='lat' dir='ltr'>studium</span> <span class='ocrx_word' id='word_1_148' title='bbox 759 2587 919 2627; x_wconf 89' lang='lat' dir='ltr'>suaque</span> <span class='ocrx_word' id='word_1_149' title='bbox 953 2574 1126 2616; x_wconf 87' lang='lat' dir='ltr'>consilia</span> <span class='ocrx_word' id='word_1_150' title='bbox 1158 2574 1410 2616; x_wconf 86' lang='lat' dir='ltr'>conferrent.</span> <span class='ocrx_word' id='word_1_151' title='bbox 1464 2575 1615 2627; x_wconf 90' lang='lat' dir='ltr'>Itaque</span> <span class='ocrx_word' id='word_1_152' title='bbox 1647 2587 1695 2615; x_wconf 87' lang='lat' dir='ltr'>ex</span> <span class='ocrx_word' id='word_1_153' title='bbox 1728 2574 1776 2616; x_wconf 90' lang='lat' dir='ltr'>iis</span> <span class='ocrx_word' id='word_1_154' title='bbox 1800 2573 1969 2626; x_wconf 82' lang='lat' dir='ltr'>quidem</span> 
     </span>
     <span class='ocr_line' id='line_1_22' title="bbox 245 2648 1970 2704; baseline 0 -14"><span class='ocrx_word' id='word_1_155' title='bbox 245 2649 465 2704; x_wconf 70' lang='lat' dir='ltr'>Patribus,</span> <span class='ocrx_word' id='word_1_156' title='bbox 507 2660 611 2702; x_wconf 91' lang='lat' dir='ltr'>quos</span> <span class='ocrx_word' id='word_1_157' title='bbox 643 2649 814 2704; x_wconf 49' lang='lat' dir='ltr'>RaVQ</span> <span class='ocrx_word' id='word_1_158' title='bbox 855 2651 983 2702; x_wconf 87' lang='lat' dir='ltr'>prout</span> <span class='ocrx_word' id='word_1_159' title='bbox 1024 2662 1048 2692; x_wconf 92' lang='lat' dir='ltr'>a</span> <span class='ocrx_word' id='word_1_160' title='bbox 1089 2650 1208 2692; x_wconf 88' lang='lat' dir='ltr'>nobis</span> <span class='ocrx_word' id='word_1_161' title='bbox 1250 2650 1430 2703; x_wconf 88' lang='lat' dir='ltr'>petitum</span> <span class='ocrx_word' id='word_1_162' title='bbox 1470 2649 1630 2701; x_wconf 68' lang='lat' dir='ltr'>fuerat„</span> <span class='ocrx_word' id='word_1_163' title='bbox 1676 2662 1725 2691; x_wconf 82' lang='lat' dir='ltr'>ex</span> <span class='ocrx_word' id='word_1_164' title='bbox 1756 2649 1839 2690; x_wconf 87' lang='lat' dir='ltr'>ista</span> <span class='ocrx_word' id='word_1_165' title='bbox 1869 2648 1970 2690; x_wconf 91' lang='lat' dir='ltr'>Pro-</span> 
     </span>
     <span class='ocr_line' id='line_1_23' title="bbox 247 2723 1969 2778; baseline -0.001 -12"><span class='ocrx_word' id='word_1_166' title='bbox 247 2724 383 2766; x_wconf 86' lang='lat' dir='ltr'>vincia</span> <span class='ocrx_word' id='word_1_167' title='bbox 415 2756 423 2763; x_wconf 88' lang='lat'><strong><em>.</em></strong></span> <span class='ocrx_word' id='word_1_168' title='bbox 456 2758 462 2765; x_wconf 94' lang='lat'><strong>.</strong></span> <span class='ocrx_word' id='word_1_169' title='bbox 498 2757 505 2765; x_wconf 90' lang='lat'><strong><em>.</em></strong></span> <span class='ocrx_word' id='word_1_170' title='bbox 542 2757 549 2764; x_wconf 94' lang='lat'><strong><em>.</em></strong></span> <span class='ocrx_word' id='word_1_171' title='bbox 584 2728 788 2777; x_wconf 90' lang='lat' dir='ltr'>tanquam</span> <span class='ocrx_word' id='word_1_172' title='bbox 825 2725 920 2767; x_wconf 87' lang='lat' dir='ltr'>huic</span> <span class='ocrx_word' id='word_1_173' title='bbox 960 2725 1074 2778; x_wconf 89' lang='lat' dir='ltr'>operi</span> <span class='ocrx_word' id='word_1_174' title='bbox 1114 2725 1295 2767; x_wconf 79' lang='lat' dir='ltr'>maxime</span> <span class='ocrx_word' id='word_1_175' title='bbox 1328 2725 1500 2766; x_wconf 85' lang='lat' dir='ltr'>idoneos</span> <span class='ocrx_word' id='word_1_176' title='bbox 1532 2724 1734 2766; x_wconf 87' lang='lat' dir='ltr'>iudicavit</span> <span class='ocrx_word' id='word_1_177' title='bbox 1765 2723 1969 2776; x_wconf 88' lang='lat' dir='ltr'>nobisque</span> 
     </span>
     <span class='ocr_line' id='line_1_24' title="bbox 250 2798 1969 2856; baseline -0.001 -16"><span class='ocrx_word' id='word_1_178' title='bbox 250 2799 483 2853; x_wconf 86' lang='lat' dir='ltr'>proposuit,</span> <span class='ocrx_word' id='word_1_179' title='bbox 507 2799 812 2851; x_wconf 82' lang='lat' dir='ltr'>designandum</span> <span class='ocrx_word' id='word_1_180' title='bbox 837 2800 1071 2842; x_wconf 84' lang='lat' dir='ltr'>existimavi</span> <span class='ocrx_word' id='word_1_181' title='bbox 1093 2801 1166 2842; x_wconf 62' lang='grc' dir='ltr'>ΡΨ</span> <span class='ocrx_word' id='word_1_182' title='bbox 1199 2833 1205 2840; x_wconf 94' lang='grc'>.</span> <span class='ocrx_word' id='word_1_183' title='bbox 1232 2833 1239 2840; x_wconf 96' lang='grc'><strong>.</strong></span> <span class='ocrx_word' id='word_1_184' title='bbox 1266 2834 1272 2840; x_wconf 94' lang='grc'><strong>.</strong></span> <span class='ocrx_word' id='word_1_185' title='bbox 1299 2800 1359 2856; x_wconf 49' lang='grc'>9),</span> <span class='ocrx_word' id='word_1_186' title='bbox 1383 2812 1506 2853; x_wconf 86' lang='lat' dir='ltr'>quem</span> <span class='ocrx_word' id='word_1_187' title='bbox 1529 2800 1649 2852; x_wconf 84' lang='lat' dir='ltr'>proin</span> <span class='ocrx_word' id='word_1_188' title='bbox 1672 2800 1734 2842; x_wconf 52' lang='lat' dir='ltr'>R?</span> <span class='ocrx_word' id='word_1_189' title='bbox 1757 2799 1821 2841; x_wconf 53' lang='lat' dir='ltr'>V?</span> <span class='ocrx_word' id='word_1_190' title='bbox 1844 2798 1969 2850; x_wconf 88' lang='lat' dir='ltr'>depu-</span> 
     </span>
     <span class='ocr_line' id='line_1_25' title="bbox 246 2872 1969 2926; baseline -0.001 -12"><span class='ocrx_word' id='word_1_191' title='bbox 246 2876 383 2915; x_wconf 90' lang='lat' dir='ltr'>tatum</span> <span class='ocrx_word' id='word_1_192' title='bbox 417 2886 442 2915; x_wconf 90' lang='lat' dir='ltr'>a</span> <span class='ocrx_word' id='word_1_193' title='bbox 472 2885 538 2915; x_wconf 88' lang='lat' dir='ltr'>me</span> <span class='ocrx_word' id='word_1_194' title='bbox 570 2873 699 2915; x_wconf 84' lang='lat' dir='ltr'>fuisse</span> <span class='ocrx_word' id='word_1_195' title='bbox 730 2874 772 2915; x_wconf 89' lang='lat' dir='ltr'>in</span> <span class='ocrx_word' id='word_1_196' title='bbox 804 2875 1026 2917; x_wconf 87' lang='lat' dir='ltr'>Provincia</span> <span class='ocrx_word' id='word_1_197' title='bbox 1056 2878 1202 2916; x_wconf 86' lang='lat' dir='ltr'>notum</span> <span class='ocrx_word' id='word_1_198' title='bbox 1234 2875 1381 2925; x_wconf 74' lang='lat' dir='ltr'>faciet,</span> <span class='ocrx_word' id='word_1_199' title='bbox 1421 2877 1467 2916; x_wconf 84' lang='lat' dir='ltr'>ut</span> <span class='ocrx_word' id='word_1_200' title='bbox 1500 2874 1570 2915; x_wconf 87' lang='lat' dir='ltr'>alii</span> <span class='ocrx_word' id='word_1_201' title='bbox 1612 2874 1740 2916; x_wconf 84' lang='lat' dir='ltr'>etiam</span> <span class='ocrx_word' id='word_1_202' title='bbox 1782 2872 1969 2926; x_wconf 87' lang='lat' dir='ltr'>ejusdem</span> 
     </span>
     <span class='ocr_line' id='line_1_26' title="bbox 247 2948 1969 3005; baseline -0.001 -15"><span class='ocrx_word' id='word_1_203' title='bbox 247 2948 493 2991; x_wconf 89' lang='lat' dir='ltr'>Provinciae</span> <span class='ocrx_word' id='word_1_204' title='bbox 532 2948 682 2990; x_wconf 88' lang='lat' dir='ltr'>Patres</span> <span class='ocrx_word' id='word_1_205' title='bbox 725 2961 846 3005; x_wconf 72' lang='lat' dir='ltr'>suas,</span> <span class='ocrx_word' id='word_1_206' title='bbox 893 2963 997 3003; x_wconf 88' lang='lat' dir='ltr'>quas</span> <span class='ocrx_word' id='word_1_207' title='bbox 1045 2949 1153 2991; x_wconf 84' lang='lat' dir='ltr'>forte</span> <span class='ocrx_word' id='word_1_208' title='bbox 1199 2949 1240 2990; x_wconf 90' lang='lat' dir='ltr'>in</span> <span class='ocrx_word' id='word_1_209' title='bbox 1287 2949 1394 2990; x_wconf 89' lang='lat' dir='ltr'>hanc</span> <span class='ocrx_word' id='word_1_210' title='bbox 1442 2961 1530 2990; x_wconf 87' lang='lat' dir='ltr'>rem</span> <span class='ocrx_word' id='word_1_211' title='bbox 1573 2952 1614 2991; x_wconf 88' lang='lat' dir='ltr'>et</span> <span class='ocrx_word' id='word_1_212' title='bbox 1655 2949 1733 3002; x_wconf 88' lang='lat' dir='ltr'>ipsi</span> <span class='ocrx_word' id='word_1_213' title='bbox 1780 2948 1969 2999; x_wconf 77' lang='lat' dir='ltr'>fecerint,</span> 
     </span>
    </p>
   </div>
   <div class='ocr_carea' id='block_1_11' title="bbox 247 3057 519 3060">
    <p class='ocr_par' dir='ltr' id='par_1_11' title="bbox 247 3057 519 3060">
     <span class='ocr_line' id='line_1_27' title="bbox 247 3057 519 3060; baseline 0 0"><span class='ocrx_word' id='word_1_214' title='bbox 247 3057 519 3060; x_wconf 95' lang='lat' dir='ltr'> </span> 
     </span>
    </p>
   </div>
   <div class='ocr_carea' id='block_1_12' title="bbox 385 3109 1419 3219">
    <p class='ocr_par' dir='ltr' id='par_1_12' title="bbox 385 3109 1419 3219">
     <span class='ocr_line' id='line_1_28' title="bbox 387 3109 1419 3155; baseline -0.001 -10"><span class='ocrx_word' id='word_1_215' title='bbox 387 3112 413 3155; x_wconf 85' lang='lat'>1)</span> <span class='ocrx_word' id='word_1_216' title='bbox 438 3111 488 3145; x_wconf 89' lang='lat' dir='ltr'>Es</span> <span class='ocrx_word' id='word_1_217' title='bbox 517 3120 589 3145; x_wconf 87' lang='lat' dir='ltr'>war</span> <span class='ocrx_word' id='word_1_218' title='bbox 615 3110 672 3144; x_wconf 89' lang='lat' dir='ltr'>die</span> <span class='ocrx_word' id='word_1_219' title='bbox 699 3110 1049 3154; x_wconf 83' lang='lat' dir='ltr'>einundzwanzigste</span> <span class='ocrx_word' id='word_1_220' title='bbox 1076 3121 1155 3144; x_wconf 90' lang='lat' dir='ltr'>vom</span> <span class='ocrx_word' id='word_1_221' title='bbox 1179 3109 1292 3144; x_wconf 81' lang='lat' dir='ltr'>Jahre</span> <span class='ocrx_word' id='word_1_222' title='bbox 1323 3112 1419 3144; x_wconf 81' lang='lat'>1829.</span> 
     </span>
     <span class='ocr_line' id='line_1_29' title="bbox 385 3173 1114 3219; baseline 0 -11"><span class='ocrx_word' id='word_1_223' title='bbox 385 3174 412 3219; x_wconf 69' lang='grc'>2)</span> <span class='ocrx_word' id='word_1_224' title='bbox 439 3174 478 3209; x_wconf 90' lang='lat' dir='ltr'>P.</span> <span class='ocrx_word' id='word_1_225' title='bbox 505 3184 573 3208; x_wconf 88' lang='lat' dir='ltr'>van</span> <span class='ocrx_word' id='word_1_226' title='bbox 598 3174 735 3219; x_wconf 84' lang='lat' dir='ltr'>Hecke‚</span> <span class='ocrx_word' id='word_1_227' title='bbox 761 3173 897 3209; x_wconf 88' lang='lat' dir='ltr'>damals</span> <span class='ocrx_word' id='word_1_228' title='bbox 924 3174 960 3208; x_wconf 90' lang='lat' dir='ltr'>in</span> <span class='ocrx_word' id='word_1_229' title='bbox 987 3173 1114 3208; x_wconf 82' lang='lat' dir='ltr'>Sitten.</span> 
     </span>
    </p>
   </div>
  </div>
 </body>
</html>
