2164 3535
215 227 297 267 526
423 223 656 268 Einfuhrung
680 224 744 258 der
768 234 886 258 neuen
904 223 945 258 R.
974 228 1016 258 st.
1042 223 1078 257 in
1105 223 1169 258 der
1194 223 1480 258 oberdeutschen
1499 223 1603 258 Prov.
1632 227 1731 260 1834.

215 381 267 424 ab
299 394 348 425 ea
380 384 548 424 tantum
581 380 714 422 classe
756 382 951 430 vacetur,
994 392 1124 434 super
1155 381 1275 434 cujus
1308 381 1488 423 materia
1520 394 1693 424 examen
1726 381 1941 423 auditores

214 457 450 500 subierunt.

352 546 391 586 8.
440 543 671 599 Caveatur,
704 555 756 584 ne
788 546 1061 585 externorum
1092 543 1466 587 intercessionibus
1501 545 1742 587 vacationes
1774 546 1946 598 praeter

212 620 400 674 legitima
433 618 737 661 consuetudine
768 618 1035 660 introductas
1068 618 1366 661 concedantur.

351 708 387 748 9.
438 705 669 748 Occasione
701 705 997 748 Nundinarum
1030 705 1271 748 vacationes
1303 719 1385 748 11011
1420 706 1726 763 concedantur,
1759 707 1839 749 nisi
1872 706 1944 748 ali-

213 781 308 823 cubi
341 781 517 834 antiqua
549 780 811 823 consuetudo
844 781 997 823 obstet.

1032 997 1112 1051 §3

506 1089 686 1131 Modus
729 1089 1025 1131 admittendi
1066 1090 1122 1131 ad
1166 1091 1377 1131 scholas
1421 1092 1637 1131 nostras.

354 1209 388 1247 1.
440 1206 518 1256 Qui
552 1218 576 1246 a
608 1205 764 1247 nostris
798 1205 983 1257 collegiis
1016 1205 1191 1247 veniunt
1224 1205 1508 1247 admittantur
1540 1205 1795 1257 regulariter
1819 1205 1944 1258 juxta

210 1284 334 1323 notas
386 1281 628 1322 litterarum
680 1280 1051 1330 testimonialium3
1105 1280 1267 1323 scilicet
1313 1280 1384 1333 qui
1432 1280 1472 1321 111
1523 1280 1701 1322 materia
1753 1281 1943 1334 principe

210 1356 378 1398 scholae
410 1356 588 1410 primam
613 1355 678 1397 vel
710 1355 941 1397 secundam
974 1355 1152 1397 classem
1179 1355 1383 1403 obtinent.
1417 1355 1582 1408 possint
1605 1355 1658 1396 ad
1681 1356 1940 1409 superiorem

211 1432 406 1474 transire.
482 1431 562 1482 Qui
604 1444 702 1473 vero
748 1431 788 1472 in
838 1431 1043 1472 classibus
1092 1430 1384 1484 superioribus
1433 1434 1613 1483 utroque
1661 1432 1856 1473 semestri
1902 1432 1941 1473 in

211 1507 391 1549 materia
423 1507 632 1560 principe,
677 1521 712 1548 v.
746 1520 782 1559 g.
819 1506 1047 1559 Theologia
1091 1507 1254 1559 dogm..
1297 1506 1466 1548 tertiam
1510 1506 1685 1548 classem
1720 1512 1942 1561 occupant,

211 1583 290 1624 nisi
325 1583 376 1624 ob
408 1583 613 1624 rationem
646 1582 870 1636 probatam
903 1582 1147 1637 PraefectO,
1187 1596 1209 1624 a
1250 1596 1333 1636 quo
1375 1582 1682 1633 discesserunt,
1722 1581 1776 1624 ad
1821 1595 1943 1636 supe-

212 1658 364 1700 riorem
399 1659 577 1701 classem
611 1671 693 1699 non
727 1658 1026 1700 admittantur.
1089 1658 1136 1699 In
1170 1657 1440 1700 inferioribus
1473 1671 1573 1699 vero
1616 1657 1814 1711 progredi
1857 1670 1939 1700 non

211 1734 423 1776 sinantur:

349 1825 391 1875 a)
423 1822 472 1878 li,
504 1822 575 1875 qui
609 1822 648 1864 in
683 1835 911 1876 progressu
945 1835 1085 1865 annuo
1118 1823 1289 1865 tertiam
1321 1823 1497 1865 classem
1531 1825 1754 1877 occupant,
1787 1821 1866 1863 nisi
1898 1821 1940 1862 in

211 1897 355 1950 aliqua
388 1897 691 1951 compositione
730 1910 805 1951 pro
848 1898 1046 1951 praemiis
1090 1899 1269 1952 primam
1310 1898 1591 1949 obtinuerint,
1636 1901 1711 1940 aut
1751 1896 1941 1939 examine

211 1985 360 2015 rursus
392 1973 504 2015 facto
537 1973 641 2015 satis
673 1972 861 2015 fecerint.

350 2060 394 2111 b)
427 2060 461 2102 Ii
494 2072 677 2113 quoque,
710 2060 781 2114 qui
814 2060 853 2101 111
886 2072 1115 2113 progressu
1139 2073 1279 2102 annuo
1304 2060 1473 2113 quidem
1496 2059 1752 2116 satisfecere,
1786 2063 1830 2102 at
1852 2072 1936 2102 non

211 2136 251 2178 in
284 2136 474 2178 examine
507 2135 560 2177 ad
593 2147 830 2189 ascensum,
861 2136 941 2177 nisi
973 2138 1176 2177 renovato
1211 2135 1288 2177 hoc
1321 2135 1525 2187 examine,
1559 2134 1835 2178 satisfaciant.

350 2224 386 2264 ·2.
437 2222 515 2273 Qui
546 2223 721 2265 veniunt
752 2235 776 2264 a
808 2223 1004 2276 Collegiis
1036 2236 1118 2265 non
1157 2224 1333 2279 nostris,
1374 2223 1408 2265 si
1447 2223 1488 2264 in
1520 2222 1810 2277 superioribus
1843 2236 1934 2265 ver-

211 2302 382 2354 sentur,
435 2298 717 2340 admittantur
750 2299 874 2352 juxta
914 2298 1079 2341 litteras
1120 2298 1443 2343 testimoniales:
1494 2298 1530 2340 si
1568 2298 1609 2339 111
1651 2297 1935 2349 inferioribus,

212 2373 464 2426 regulariter
495 2373 584 2415 sine
616 2373 806 2415 examine
838 2386 919 2415 non
953 2373 1259 2429 admittantur,
1292 2374 1372 2416 nisi
1407 2373 1576 2415 aliunde
1609 2373 1659 2415 de
1692 2386 1837 2415 eorum
1870 2385 1936 2415 ca-

210 2449 395 2502 pacitate
427 2452 603 2491 constet.

349 2538 386 2578 3.
437 2537 516 2588 Qui
549 2537 723 2579 veniunt
754 2550 778 2579 a
810 2537 961 2580 studiis
994 2538 1184 2591 privatis.
1218 2538 1244 2579 ii
1279 2550 1421 2580 omnes
1454 2538 1759 2580 examinentur.

348 2626 386 2665 4.
435 2623 478 2666 Si
511 2625 582 2678 qui
614 2624 754 2678 quoad
787 2625 986 2667 materias
1019 2624 1274 2667 accessorias
1307 2625 1542 2678 incapaces,
1577 2626 1716 2679 quoad
1748 2625 1935 2678 linguam

210 2703 351 2741 tamen
384 2699 558 2741 latinam
591 2704 633 2742 et
666 2701 933 2742 vernaculam
968 2700 1072 2742 satis
1095 2700 1219 2754 periti
1253 2703 1518 2750 censeanturq
1553 2713 1577 2742 a
1600 2700 1753 2743 scholis
1777 2701 1934 2742 nostris

210 2787 291 2816 non
326 2778 562 2818 arceantur.

349 2863 387 2903 5.
436 2861 514 2912 Qui
554 2862 724 2904 ultimas
758 2866 878 2904 notas
912 2874 1077 2903 morum
1110 2861 1388 2904 obtinuerunt
1420 2862 1459 2903 in
1492 2861 1574 2903 alio
1608 2861 1815 2914 CollegiO.
1848 2874 1930 2903 non

210 2936 502 2980 admittantur.

350 3026 387 3065 6.
441 3023 519 3075 Qui
567 3024 876 3077 admittuntur,
929 3024 1095 3066 litteras
1143 3023 1448 3066 testimoniales
1502 3023 1616 3077 apud
1663 3023 1931 3065 Praefectum

212 3099 436 3153 deponant.
