2164 3535
413 245 450 280 P.
469 245 659 280 Roothaan
684 245 820 280 fordert
844 257 887 280 zu
913 256 1030 280 neuen
1049 246 1438 290 Studienvorschlagen
1457 246 1528 281 auf.
1572 250 1668 282 1830.
1815 252 1898 293 407

183 386 497 429 observationes
540 387 592 429 ad
635 400 728 429 eum
769 387 1016 441 tempestive
1047 387 1337 429 transmittere
1368 386 1553 440 possint,
1597 386 1650 428 ab
1681 386 1772 440 ipso
1804 387 1897 430 dein

182 462 358 504 Romam
391 462 623 505 afferendas
655 475 701 505 ac
734 463 950 505 nobiscum
984 461 1164 504 fideliter
1195 460 1576 504 communicandas.

319 550 408 600 Quo
442 563 537 592 vero
571 551 704 591 tutius
736 563 784 591 ac
816 550 970 592 certius
1002 549 1118 605 finis,
1163 562 1288 603 quem
1319 549 1398 592 sibi
1432 548 1714 602 Congregatio
1749 562 1900 602 propo-

181 624 278 678 suit,
312 623 568 675 obtineatur,
601 625 820 676 sequentia
852 624 1183 666 commendanda
1214 624 1305 666 visa
1337 626 1448 666 sunt.

316 711 592 763 Nequaquam
635 710 873 752 existiment
914 711 1078 765 Nostri,
1130 723 1281 752 novam
1324 711 1449 763 plane
1495 710 1762 752 formandam
1807 723 1900 753 esse

178 784 414 826 studiorum
446 784 681 839 Rationem,
717 796 810 826 cum
844 785 969 826 etiam
1002 785 1041 825 in
1076 785 1411 837 Congregatione
1445 784 1642 827 Generali
1675 786 1898 841 superiori,

177 863 402 913 postquam
441 871 584 901 omnes
626 863 810 912 primum
843 858 1065 901 Societatis
1099 860 1298 911 antiquae
1330 860 1466 915 leges,
1510 863 1638 913 atque
1670 860 1775 902 adeo
1807 861 1900 914 ipsa

177 948 344 988 quoque
366 934 604 977 studiorum
626 935 749 976 Ratio
772 947 878 976 novo
897 935 1078 976 Decreto
1101 933 1372 976 confirmatae
1393 935 1586 991 fuissent,
1609 935 1704 977 dein
1728 936 1898 979 minime

177 1010 345 1063 quidem
379 1010 429 1052 de
461 1010 624 1052 ratione
647 1009 893 1051 Studiorum
927 1009 1196 1051 reformanda
1228 1011 1368 1051 actum
1400 1009 1542 1064 fuerit,
1576 1009 1650 1051 sed
1673 1010 1724 1052 de
1751 1011 1898 1054 eadem

177 1085 378 1127 Nostris
427 1084 855 1127 accommodanda
896 1083 1234 1137 temporibus,
1283 1097 1366 1138 quo
1408 1084 1691 1139 intelligatur,
1740 1090 1900 1139 quanta

176 1172 269 1202 cum
313 1160 549 1202 reverentia
587 1160 664 1201 hoc
702 1160 921 1212 negotium
953 1159 1224 1201 tractandum
1256 1159 1330 1211 sit,
1373 1172 1587 1213 quamque
1618 1172 1701 1202 non
1734 1161 1897 1217 leviter,

128 1292 131 1293 ⁷
175 1247 249 1276 nec
281 1238 439 1277 temere
470 1234 701 1288 quidquam
733 1235 772 1275 in
808 1247 855 1276 eo
889 1247 1015 1288 opere
1038 1234 1302 1291 mutandum,
1337 1234 1452 1288 quod
1473 1238 1515 1276 et
1536 1247 1561 1276 a
1583 1235 1756 1277 summis
1782 1236 1896 1292 viris,

176 1310 338 1352 collatis
379 1310 450 1351 diu
493 1310 758 1363 inultumque
801 1310 1006 1365 consiliis,
1049 1309 1289 1361 redactum,
1332 1312 1374 1352 et
1416 1310 1597 1352 duorum
1635 1309 1722 1352 fere
1753 1323 1898 1353 saecu-

175 1385 310 1426 lorum
344 1385 601 1438 experientia
632 1385 966 1439 comprobatum,
1000 1388 1042 1427 et
1073 1384 1126 1426 ab
1157 1385 1259 1439 ipsis
1292 1385 1419 1427 etiam
1443 1384 1666 1428 Societatis
1689 1385 1896 1439 hostibus,

174 1460 348 1502 summis
381 1472 462 1501 non
496 1473 592 1502 raro
625 1460 822 1502 laudibus
857 1460 1198 1502 commendatum
1230 1459 1322 1502 fuit.

311 1547 358 1589 In
390 1548 536 1600 primis
570 1548 712 1602 itaque
743 1549 828 1590 ΡΡ.
864 1548 1057 1601 deputati
1089 1547 1292 1589 meditate
1324 1547 1614 1603 considerent,
1647 1560 1897 1602 semperque

172 1637 274 1677 prae
315 1623 444 1665 oculis
487 1623 641 1665 habere
673 1627 873 1677 satagant
904 1636 1098 1679 scopum,
1142 1636 1266 1676 quem
1301 1622 1340 1665 S.
1365 1623 1410 1665 P.
1445 1623 1637 1676 Ignatius
1670 1623 1710 1665 in
1744 1624 1895 1667 studiis

174 1699 395 1741 Societatis
438 1699 517 1741 sibi
556 1698 768 1755 praefixit,
811 1700 948 1753 majus
980 1711 1024 1740 sc
1070 1701 1112 1740 et
1143 1699 1426 1740 universalius
1458 1698 1686 1751 Religionis
1718 1698 1894 1749 bonum;

171 1774 355 1827 itemque
395 1787 464 1830 ea,
507 1788 616 1828 quae
654 1778 747 1816 tum
786 1775 827 1816 in
861 1774 1248 1816 Constitutionibus
1292 1774 1343 1816 de
1385 1774 1569 1816 scientiis
1604 1773 1812 1817 discendis
1846 1788 1894 1817 ac

172 1849 381 1899 docendis,
415 1862 645 1903 earumque
678 1849 801 1891 modo
834 1852 876 1891 et
906 1849 1052 1890 ordine
1074 1849 1353 1904 praescripta,
1387 1852 1478 1890 tum
1499 1849 1540 1891 in
1564 1849 1690 1892 variis
1713 1849 1895 1903 Congre-

171 1924 412 1983 gationibus
445 1927 610 1966 statuta
642 1927 742 1966 sunt

308 2010 467 2052 Deinde
489 2014 687 2053 accurate
709 2013 846 2053 totam
867 2011 1092 2053 Rationem
1115 2010 1363 2053 Studiorum
1386 2013 1620 2068 perlegant,
1647 2025 1695 2055 ac
1717 2014 1892 2056 seorsim

169 2084 393 2140 adnotent,
436 2085 507 2126 ubi
548 2086 588 2127 in
621 2086 734 2127 illius
767 2085 1113 2140 dispositionibus
1147 2086 1308 2139 aliquid
1340 2087 1442 2141 ipsis
1476 2090 1692 2143 occurrat,
1735 2087 1776 2129 in
1809 2101 1892 2141 quo

168 2160 383 2201 immutari
427 2161 606 2215 aliquid,
648 2161 712 2202 vel
756 2161 874 2216 addi,
914 2162 979 2203 vel
1023 2162 1179 2203 auferri
1219 2165 1461 2216 temporum
1501 2166 1745 2204 nostrorum
1783 2163 1891 2205 ratio

169 2235 386 2288 postulare
419 2235 621 2278 videatur,
685 2236 824 2290 Atque
855 2237 936 2278 ista
969 2237 1140 2290 quidem
1172 2238 1311 2279 omnia
1344 2238 1541 2280 distincte
1573 2241 1661 2279 tam
1693 2238 1803 2281 circa
1832 2239 1892 2280 in—

168 2310 366 2352 feriorum
392 2310 641 2353 Scholarum
673 2311 816 2353 studia
844 2324 891 2353 ac
914 2311 1147 2363 methodos,
1182 2325 1309 2365 quam
1332 2312 1443 2355 circa
1467 2313 1734 2366 superiorum
1755 2313 1892 2356 Philo-

169 2385 340 2438 sophiae
372 2386 709 2440 Theologiaeque
741 2386 976 2428 tradendae
1007 2399 1210 2428 normam.

307 2472 453 2525 Neque
485 2473 689 2516 adnotare
723 2474 935 2525 omittant,
968 2478 1003 2515 si
1036 2473 1136 2527 quid
1158 2474 1267 2516 forte
1288 2474 1329 2515 in
1353 2466 1682 2528 istius'regionis
1707 2476 1891 2528 optimae

169 2550 293 2587 notae
326 2547 478 2589 scholis
505 2548 667 2590 utiliter
688 2548 918 2601 inventum,
952 2561 1088 2601 neque
1112 2561 1135 2590 a
1156 2551 1301 2591 nostro
1325 2548 1405 2590 fine
1428 2549 1611 2591 alienum
1634 2550 1889 2603 reperiatur3

169 2621 233 2662 vel
265 2622 299 2663 si
330 2623 429 2675 quid
464 2623 590 2665 etiam
622 2627 793 2677 praeter
826 2636 1089 2665 communem
1121 2627 1365 2665 nostrarum
1389 2623 1638 2666 Scholarum
1666 2638 1789 2667 usum
1811 2638 1887 2679 pro

167 2696 288 2738 istius
322 2698 501 2750 regionis
534 2698 597 2739 vel
629 2697 769 2740 indole
800 2698 865 2740 vel
897 2699 1151 2740 necessitate
1181 2698 1389 2752 postulari
1421 2711 1444 2740 a
1476 2689 1581 2741 bene
1613 2712 1660 2742 ac
1693 2700 1888 2752 religiose

169 2772 446 2815 sentientibus
480 2773 765 2816 desiderarive
797 2777 1088 2827 cognoscatur.

306 2860 460 2903 Omnes
502 2873 526 2902 a
567 2861 694 2903 Patre
738 2861 940 2914 deputato
984 2863 1178 2914 acceptas
1227 2860 1542 2903 observationes
1583 2862 1646 2903 R?
1668 2862 1755 2917 Vs,
1803 2874 1885 2903 una

168 2947 261 2976 cum
293 2935 380 2977 suis
403 2939 445 2977 et
467 2936 768 2978 Consultorum
791 2935 1150 2988 adnotationibus,
1182 2936 1360 2978 Romam
1383 2936 1629 2979 deferendas
1652 2949 1727 2990 per
1747 2936 1885 2990 ipsum

166 3010 210 3051 Ρ.
245 3010 497 3064 deputatum
530 3011 705 3053 curabit.

302 3097 534 3150 Postquam
566 3111 664 3140 vero
697 3099 782 3140 ΡΡ.
817 3098 1009 3151 deputati
1041 3098 1359 3141 Provinciarum
1391 3100 1567 3142 Romam
1601 3097 1883 3153 convenerint,

168 3171 280 3224 quod
311 3173 400 3214 fore
432 3178 627 3225 optamus
660 3173 738 3215 sub
770 3173 934 3215 initium
967 3173 1120 3215 mensis
1146 3172 1420 3228 Septembris,
1452 3175 1561 3217 inter
1593 3187 1636 3216 se
1669 3174 1884 3216 conferent
