2164 3535
269 227 353 268 370
721 224 887 258 Statuten
915 223 977 257 des
1005 222 1162 257 Sittener
1189 222 1336 266 Kollegs
1363 233 1421 257 um
1450 226 1547 258 1824.

407 365 520 407 XVI.
568 364 671 406 Post
709 363 898 406 scholam
943 363 1232 406 Professorem
1275 363 1530 406 comitentur
1571 363 1661 417 ejus
1704 364 1901 419 discipuli
1944 365 1998 408 ad

267 441 488 494 Templum
520 440 688 482 brevem
722 439 987 482 Sanctissimi
1018 439 1281 481 Sacramenti
1314 439 1606 482 adorationem
1638 440 1866 493 peracturi,
1901 441 1995 483 dein

266 529 349 557 non
390 518 599 568 vagentur
638 516 761 558 otiosi
793 529 868 568 per
907 516 1090 569 plateas;
1133 516 1206 558 sed
1239 528 1335 557 mox
1378 516 1570 569 quisquis
1613 515 1786 557 domum
1818 529 1863 558 se
1904 528 1999 558 con-

265 591 374 633 ferat
395 595 437 633 et
468 591 732 644 assignatum
764 604 941 644 pensum
975 591 1200 644 diligenter
1231 595 1273 633 et
1305 593 1468 633 attente
1500 591 1727 644 compleat;
1763 592 1998 645 praescrip-

265 670 331 708 tas
373 667 573 709 lectiones
620 667 848 709 memoriae
889 667 1063 709 mandet
1102 667 1183 719 ita,
1238 671 1284 709 ut
1316 681 1385 710 eas
1429 667 1645 710 recitando
1686 679 1761 709 nec
1801 667 1996 718 haesitet,

266 755 340 784 nec
372 742 502 784 verba
532 742 692 795 pluries
727 746 910 796 repetat:
943 743 1272 796 Praeceptorum
1295 744 1614 797 Auctorumque
1647 744 1951 797 explicationes
1975 756 1999 785 a

266 817 509 860 Professore
541 818 676 860 factas
700 818 854 860 iterum
887 819 1128 872 iterumque
1158 819 1330 874 recolat,
1363 823 1616 873 tempusque
1646 819 1808 861 utiliter
1838 819 1997 872 impen-

267 893 370 935 dant
401 897 499 936 ante
531 898 574 936 et
604 898 701 947 post
740 894 918 936 scholas.
982 895 1145 937 Licebit
1175 895 1216 936 in
1260 897 1422 937 aestate
1459 895 1731 936 deambulare
1772 907 1908 948 usque
1939 894 1993 936 ad

266 969 433 1021 signum
484 968 762 1012 Salutationis
812 970 1053 1026 Angelicae,
1106 975 1149 1012 et
1199 983 1281 1012 non
1335 970 1469 1019 ultra,
1521 983 1573 1012 ne
1624 970 1794 1023 quidem
1847 969 1994 1012 diebus

267 1045 496 1086 Dominicis
528 1048 603 1086 aut
635 1046 786 1097 Festis,
818 1058 894 1087 nec
925 1045 1073 1087 diebus
1106 1046 1392 1088 recreationis.

404 1120 539 1162 XVII.
588 1120 743 1162 Omnes
776 1133 800 1161 a
841 1122 1126 1174 grammaticis
1173 1122 1437 1163 ascendendo
1471 1121 1525 1163 ad
1556 1121 1834 1175 Pliilosophos
1865 1121 1996 1164 inclu-

265 1195 352 1237 sive
394 1195 546 1243 latina,
589 1195 869 1249 Principistae
912 1209 1010 1238 vero
1051 1209 1099 1238 ac
1141 1196 1481 1239 Rudimentistae
1524 1196 1777 1239 Germanica
1818 1200 1997 1240 utantur

266 1271 422 1324 lingua.
487 1271 641 1314 Omnes
675 1274 817 1313 autem
847 1272 908 1313 ita
940 1273 1049 1314 serio
1092 1273 1339 1315 incumbant
1371 1273 1543 1324 studiis,
1586 1276 1634 1314 ut
1665 1273 1841 1326 singulis
1875 1274 1995 1316 annis

265 1347 445 1400 quisque
487 1347 540 1388 ad
587 1347 847 1400 superiorem
890 1349 1025 1401 possit
1071 1349 1299 1391 ascendere
1346 1349 1554 1403 scholam,
1603 1348 1655 1390 ad
1698 1361 1826 1402 quam
1875 1361 1995 1391 nemo

265 1423 604 1475 promovebitur,
649 1422 727 1464 nisi
770 1423 811 1464 in
853 1424 1043 1466 examine
1086 1437 1256 1466 veram
1300 1425 1484 1477 attingat
1524 1423 1881 1471 mediocritatem;
1923 1425 1996 1477 qui

265 1511 363 1540 vero
404 1501 500 1551 post
541 1498 755 1540 biennium
796 1499 838 1540 in
880 1499 1025 1541 eadem
1069 1499 1212 1542 schola
1259 1499 1496 1542 confectum
1537 1499 1734 1542 inhabilis
1776 1499 1994 1553 judicatus

264 1574 393 1616 fuerit
425 1574 478 1616 ad
509 1574 770 1627 superiorem
803 1574 1009 1631 scholam,
1043 1576 1324 1629 (Principistis
1357 1575 1560 1629 exceptis)
1592 1587 1617 1617 a
1648 1575 1802 1618 scholis
1825 1575 1993 1628 penitus

265 1649 462 1692 exulabit.

401 1725 559 1767 XVIII.
609 1725 776 1781 Exteri,
817 1725 889 1778 qni
931 1725 1177 1769 Sedunense
1218 1727 1403 1781 Lyceum
1446 1729 1521 1768 aut
1562 1726 1839 1779 Gymnasium
1878 1726 1995 1768 adire

264 1800 454 1856 cupiunt,
500 1801 642 1843 adsint
689 1800 913 1854 diligenter
959 1814 1103 1844 omnes
1151 1803 1192 1843 in
1239 1803 1366 1844 Festo
1410 1801 1482 1844 SS.
1521 1801 1703 1844 Simonis
1752 1806 1795 1844 et
1840 1802 1993 1858 Judae,

265 1877 331 1918 28.
356 1875 574 1929 Octobris,
607 1880 650 1918 et
680 1889 802 1918 nemo
835 1877 876 1918 in
908 1876 989 1920 fine
1022 1878 1120 1919 anni
1153 1878 1413 1929 scholastici,
1447 1881 1522 1919 aut
1552 1877 1593 1918 in
1625 1876 1744 1920 festis
1778 1877 1993 1920 Natalitiis

264 1953 306 1992 et
337 1950 611 1993 paschalibus
644 1951 759 1993 abire
793 1951 961 2007 audeat,
994 1956 1222 2006 antequam
1255 1953 1449 1994 omnibus
1484 1953 1631 1995 Feriae
1664 1953 1963 1995 concedantur.

403 2027 517 2068 XIX.
567 2026 667 2077 Qui,
710 2027 856 2068 morbo
898 2030 974 2068 aut
1013 2027 1096 2068 alia
1127 2028 1245 2080 gravi
1288 2028 1452 2070 ratione
1493 2028 1744 2082 impeditus,
1787 2028 1911 2070 alicui
1944 2041 1993 2070 ex

266 2101 558 2143 communibus
599 2101 775 2143 Pietatis
823 2102 1051 2153 exercitiis,
1099 2102 1164 2144 vel
1206 2102 1374 2145 scholae
1420 2103 1626 2145 interesse
1666 2103 1780 2145 haud
1821 2104 1992 2157 poterit,

266 2177 483 2220 absentiae
515 2190 617 2219 suae
649 2176 884 2218 Professori
917 2176 989 2218 det
1022 2177 1238 2221 rationem.

403 2253 493 2294 XX.
542 2252 735 2294 Demisso
757 2252 897 2294 animo
929 2253 1106 2307 quilibet
1128 2266 1210 2295 11011
1243 2253 1378 2295 solum
1411 2254 1662 2296 monitiones
1695 2266 1743 2296 ac
1766 2253 1990 2308 reprehen-

265 2327 416 2383 siones,
449 2328 523 2370 sed
554 2340 710 2381 poenas
743 2328 961 2382 suscipiat,
994 2328 1081 2369 sive
1112 2328 1309 2378 minores,
1342 2341 1448 2381 quas
1472 2329 1692 2371 Professor
1723 2331 1799 2370 aut
1830 2329 1989 2371 studio—

266 2417 359 2446 rum
391 2404 635 2446 Praefectus
667 2404 873 2458 imponet,
915 2404 1002 2446 sive
1033 2405 1234 2457 maJ'ores,
1276 2416 1382 2456 quas
1415 2404 1468 2445 ab
1500 2404 1581 2445 alio
1614 2408 1852 2447 correctore
1884 2403 1986 2446 infli-

265 2479 424 2534 gendas
457 2480 676 2522 mandabit
707 2493 782 2533 pro
816 2481 998 2535 ratione,
1040 2480 1271 2535 qualitate,
1314 2483 1388 2521 aut
1418 2481 1659 2533 frequentia
1693 2480 1845 2522 delicti.
1909 2479 1990 2530 Qui

266 2568 310 2598 se
350 2556 496 2609 poenis
538 2556 745 2609 subjicere
788 2555 1046 2610 detrectant,
1095 2556 1167 2609 qui
1208 2555 1261 2596 ad
1301 2556 1587 2608 praescriptas
1630 2556 1799 2608 regulas
1839 2554 1989 2597 nolunt

266 2643 403 2673 mores
433 2644 697 2685 componere,
730 2643 961 2684 omnesque
993 2634 1277 2685 contumaces,
1310 2629 1561 2683 refractarii,
1594 2634 1637 2672 et
1667 2630 1918 2685 scandalosi,
1953 2630 1988 2671 si

266 2707 337 2759 qui
370 2710 511 2749 essent
541 2707 672 2759 (quod
708 2707 822 2749 Deus
855 2709 1059 2757 avertat),
1107 2707 1395 2759 cujuscunque
1428 2707 1588 2760 status,
1630 2705 1788 2758 gradus
1820 2709 1864 2746 et
1894 2717 1988 2747 con-

267 2781 437 2823 ditionis
470 2782 567 2832 sint,
600 2795 622 2824 e
654 2783 845 2834 catalogo
870 2781 1218 2834 Congregationis
1251 2785 1293 2823 et
1325 2794 1374 2823 ex
1407 2781 1693 2822 studiosorum
1727 2780 1823 2822 albo
1855 2780 1986 2822 elimi-

266 2857 502 2908 nabuntur,
546 2856 711 2909 publice
754 2856 878 2898 affixa
920 2857 1074 2898 scheda
1107 2857 1159 2898 ad
1193 2857 1334 2898 valvas
1369 2855 1528 2908 Templi
1563 2854 1912 2908 Congregationis
1945 2859 1987 2897 et

267 2931 320 2971 ad
353 2932 495 2973 valvas
527 2932 651 2985 Lycei
685 2935 727 2973 et
758 2931 987 2985 Gymnasii.

1567 3007 1612 3049 O.
1637 3008 1684 3048 A.
1709 3006 1763 3047 M.
1788 3007 1836 3047 D.
1861 3006 1925 3047 Gl.
