2164 3535
458 198 877 234 Geschichtsunterricht
907 209 953 234 an
982 198 1051 234 den
1078 196 1364 233 oberdeutschen
1390 196 1620 242 Gymnasien.
1818 202 1896 241 117

184 341 365 395 oportet,
397 342 445 381 ut
465 339 559 381 idea
581 338 791 393 quaedam
812 351 954 382 rerum
977 341 1195 392 gestarum
1217 337 1354 380 animo
1377 337 1658 391 imprimatur.
1708 337 1783 379 ΙΙΙ.
1814 338 1902 380 Mo-

184 414 292 456 rales
330 427 406 468 pro
448 427 492 457 re
530 418 631 457 nata
661 414 878 457 interserit
908 413 1223 457 observationes
1257 416 1332 454 aut
1362 412 1555 467 subjicit,
1594 416 1644 454 ut
1670 413 1758 466 jam
1790 426 1901 456 nunc

183 489 485 532 adolescentuli
515 489 743 533 informare
774 502 911 532 mores
944 503 992 532 ex
1025 489 1181 531 auditis
1200 491 1332 542 atque
1355 488 1452 530 olim
1475 488 1603 529 etiam
1625 500 1674 529 ex
1695 487 1760 541 iis,
1793 500 1902 541 quae

183 568 332 618 sponte
371 565 521 607 lecturi
561 567 685 621 sunt,
726 565 993 615 condiscant;
1035 576 1216 617 quarum
1255 562 1425 616 quidem
1466 562 1657 616 exempla
1699 563 1902 605 nonnulla

183 640 419 693 praecipuis
460 639 699 692 quibusque
737 639 1012 681 historiarum
1054 638 1247 691 partibus
1289 638 1330 679 in
1373 638 1640 680 Rudimentis
1690 637 1901 681 historicis

183 715 414 755 cernuntur
454 713 691 767 subjuncta.
754 713 935 755 Maxime
976 716 1119 755 autem
1159 726 1206 755 eo
1241 714 1423 769 feratur,
1466 713 1630 765 quoties
1664 713 1825 755 occasio
1857 726 1901 755 se

183 788 314 842 dabit,
347 788 583 843 explicatio,
616 790 665 829 ut
697 791 952 839 cognoscant
983 788 1150 840 penitus
1172 788 1292 840 pueri
1314 788 1674 841 perspiciantque:
1707 788 1902 844 primum,

183 867 342 916 quanta
373 875 422 904 ex
454 863 579 905 rebus
614 863 819 905 universis
851 863 1017 905 eluceat
1047 862 1272 916 potestatis
1294 863 1469 904 Divinae
1501 864 1560 904 vis
1594 866 1722 916 atque
1757 863 1902 917 ampli-

181 937 308 988 tud03
340 940 500 991 quanta
531 937 738 991 sapientia
769 937 934 979 divinae
965 937 1116 979 mentis
1147 941 1188 979 et
1209 937 1494 990 providentia3
1528 939 1687 990 quanta
1709 939 1901 992 aequitas

180 1013 221 1054 in
259 1013 457 1067 juvandis
499 1012 903 1066 remunerandisque
945 1011 1031 1067 his,
1073 1012 1144 1065 qui
1184 1012 1385 1054 virtutem
1427 1012 1570 1053 colunt
1609 1025 1656 1054 ac
1688 1014 1901 1069 pietatem,

183 1089 311 1141 atque
353 1101 402 1130 ex
445 1088 623 1130 adverso
664 1088 705 1129 in
738 1088 988 1130 ulciscendis
1018 1088 1090 1143 ijs,
1132 1088 1203 1141 qui
1236 1101 1261 1129 a
1291 1091 1404 1130 recto
1436 1088 1477 1129 in
1510 1100 1687 1140 pravum
1721 1088 1899 1131 abeunt:

182 1162 331 1204 deinde
372 1165 577 1216 perpetua
615 1163 688 1204 illa
728 1163 937 1205 humanae
980 1163 1106 1205 sortis
1150 1163 1364 1205 conversio
1405 1166 1447 1204 et
1488 1162 1731 1205 vicissitudo
1772 1176 1900 1215 quam

180 1251 331 1291 parum
359 1238 558 1291 praesidii
588 1238 707 1281 nobis
740 1238 1026 1292 compendiive
1059 1252 1106 1280 ex
1138 1238 1264 1291 huJ'us
1295 1237 1439 1279 mundi
1472 1238 1620 1286 rebus,
1662 1238 1741 1279 nisi
1774 1237 1900 1279 DEO

183 1313 342 1355 scilicet
371 1313 570 1369 nitamur,
602 1314 875 1368 polliceatur3
908 1313 1089 1361 demum,
1123 1313 1224 1366 quid
1257 1313 1467 1365 agendum
1495 1313 1614 1355 nobis
1636 1313 1901 1366 potissimum

181 1388 335 1443 quidve
373 1389 623 1445 cavendum,
665 1390 895 1443 proborum
937 1389 1151 1430 hominum
1195 1388 1259 1430 vel
1290 1388 1579 1442 improborum
1612 1388 1903 1429 demonstrent

180 1464 382 1517 exempla.
446 1463 527 1506 Sed
568 1477 650 1506 non
694 1477 741 1507 eo
784 1477 885 1507 sane
928 1476 1151 1506 excurrere
1183 1463 1425 1505 dissertatio
1458 1463 1603 1513 debet,
1647 1467 1693 1505 ut
1725 1463 1900 1505 caeteris

181 1537 356 1581 Scholae
387 1539 539 1582 muniis
572 1539 744 1593 praefixi
775 1540 901 1593 spatii
931 1540 1156 1593 quicquam
1188 1538 1479 1581 subtrahatur.

297 1614 505 1668 Repetitio
530 1614 678 1656 deinde
700 1614 924 1657 historicae
946 1614 1233 1668 explicationis
1256 1613 1409 1668 partim
1433 1612 1486 1654 ad
1508 1613 1678 1654 modum
1701 1613 1900 1655 examinis

179 1689 445 1744 instituetur,
477 1689 535 1731 sic
567 1693 615 1730 ut
645 1702 787 1732 rerum
820 1692 1115 1732 enarratarum
1148 1689 1354 1730 rationem
1386 1688 1578 1741 discipuli
1606 1688 1788 1740 exigenti
1809 1688 1900 1730 red-

180 1764 284 1805 dant
314 1764 538 1818 Magistro;
579 1765 734 1817 partim
766 1764 849 1805 ritu
884 1764 1205 1805 concertationis
1239 1763 1480 1817 cujusdam,
1521 1763 1692 1804 alternis
1723 1763 1901 1804 interro-

180 1839 307 1891 gandi
349 1839 716 1893 respondendique
758 1838 924 1894 officiis,
965 1839 1078 1892 ipsos
1110 1839 1221 1881 inter
1252 1839 1478 1891 discipulos
1510 1839 1783 1891 transigetur.
1846 1838 1901 1879 Et

180 1915 450 1968 quaestiones
483 1914 652 1968 quidem
684 1914 908 1967 plerasque
942 1914 1127 1956 dividere
1157 1914 1198 1956 in
1231 1917 1374 1967 partes
1406 1914 1561 1967 plures,
1595 1914 1771 1967 aliisque
1803 1913 1901 1955 sub-

177 1989 274 2031 inde
307 1992 435 2044 atque
466 1990 557 2031 aliis
590 1990 736 2032 efferre
767 1990 901 2032 modis
934 2002 981 2032 ac
1012 1993 1219 2043 repetere,
1249 1989 1389 2043 quoad
1421 2002 1497 2043 per
1525 1993 1691 2042 tempus
1719 1989 1898 2044 licuerit,

178 2064 382 2118 expediet.
444 2065 664 2118 Responsa
703 2077 801 2107 vero
833 2064 1164 2117 haudquaquam
1204 2077 1251 2106 ex
1292 2064 1398 2105 libro
1442 2067 1692 2117 promentur
1723 2063 1776 2105 ad
1809 2077 1900 2105 ver-

179 2140 300 2195 bum,
338 2153 476 2193 neque
513 2140 628 2182 ultra
665 2152 757 2193 eas,
798 2152 907 2193 quae
946 2140 1288 2194 interrogantur,
1329 2140 1586 2182 narrationis
1628 2142 1772 2192 partes
1804 2151 1899 2192 pro-

179 2219 372 2265 current3
406 2215 480 2257 sed
511 2215 772 2258 satisfacient
801 2215 1124 2268 interrogationi
1156 2216 1357 2271 praecise,
1390 2216 1614 2268 verbisque
1637 2227 1685 2256 ex
1708 2218 1899 2268 tempore

177 2290 318 2344 potius
353 2291 566 2343 conceptis
600 2291 887 2344 expedientur.
950 2290 1163 2343 Denique,
1205 2291 1376 2333 tametsi
1405 2291 1446 2332 in
1479 2290 1706 2332 Rhetorica
1737 2293 1779 2331 et
1810 2290 1899 2331 Hu-

177 2365 381 2407 manitate
420 2365 571 2407 Latino
618 2366 743 2419 plane
788 2378 981 2407 sermone
1022 2366 1212 2419 proferre
1253 2366 1392 2407 omnia
1433 2368 1647 2420 oporteat,
1686 2365 1898 2418 integrum

177 2443 317 2482 tamen
358 2440 530 2494 reliquis
571 2441 652 2483 erit
688 2441 729 2481 in
770 2439 1010 2495 Classibus,
1053 2440 1205 2481 Latina
1245 2441 1311 2482 vel
1352 2441 1493 2494 patria.
1533 2440 1593 2481 uti
1635 2441 1779 2493 lingua
1821 2453 1897 2494 pro

177 2514 364 2559 arbitriO.

768 2776 1297 2829 Alterthiimer,

840 2867 990 2912 (Kropf
1010 2877 1051 2912 p.
1069 2866 1231 2903 84—85.

312 2971 390 3013 Die
430 2971 680 3027 vacationis,
721 2972 876 3014 omissa
914 2971 1197 3025 praelectione
1237 2971 1448 3027 authoris,
1491 2972 1697 3025 explicare
1736 2971 1893 3024 aliquid

175 3045 316 3088 licebit
347 3046 400 3088 ad
432 3046 710 3089 eruditionem
743 3047 955 3100 pertinens
988 3050 1031 3088 et
1061 3047 1258 3089 recolere.
1308 3048 1426 3099 (Reg.
1452 3048 1476 3088 2
1508 3046 1648 3098 Rhet.)
1710 3045 1894 3088 Proferri

176 3125 318 3163 autem
349 3123 552 3174 poterunt
582 3122 724 3175 aliqua
746 3122 881 3175 magis
904 3121 1137 3163 recondita:
1170 3125 1219 3163 ut
1240 3121 1551 3175 hieroglyphica
1573 3124 1620 3162 ut
1642 3121 1893 3164 emblemata
