<?xml version="1.0" encoding="UTF-8"?>
<!DOCTYPE html PUBLIC "-//W3C//DTD XHTML 1.0 Transitional//EN"
    "http://www.w3.org/TR/xhtml1/DTD/xhtml1-transitional.dtd">
<html xmlns="http://www.w3.org/1999/xhtml" xml:lang="en" lang="en">
 <head>
  <title>
</title>
<meta http-equiv="Content-Type" content="text/html;charset=utf-8" />
  <meta name='ocr-system' content='tesseract 3.04.00' />
  <meta name='ocr-capabilities' content='ocr_page ocr_carea ocr_par ocr_line ocrx_word'/>
</head>
<body>
  <div class='ocr_page' id='page_1' title='image "./ratiostudiorumet16jesu_0161.png"; bbox 0 0 2164 3535; ppageno 0'>
   <div class='ocr_carea' id='block_1_1' title="bbox 366 225 1862 273">
    <p class='ocr_par' dir='ltr' id='par_1_1' title="bbox 366 225 1862 273">
     <span class='ocr_line' id='line_1_1' title="bbox 366 225 1862 273; baseline 0.005 -14"><span class='ocrx_word' id='word_1_1' title='bbox 366 225 650 261; x_wconf 84' lang='lat' dir='ltr'>Aufserordentl.</span> <span class='ocrx_word' id='word_1_2' title='bbox 671 226 868 270; x_wconf 86' lang='lat' dir='ltr'>Uebungen</span> <span class='ocrx_word' id='word_1_3' title='bbox 891 238 922 262; x_wconf 88' lang='lat' dir='ltr'>a.</span> <span class='ocrx_word' id='word_1_4' title='bbox 941 227 973 262; x_wconf 90' lang='lat' dir='ltr'>d.</span> <span class='ocrx_word' id='word_1_5' title='bbox 993 228 1118 273; x_wconf 84' lang='lat' dir='ltr'>Gymn.</span> <span class='ocrx_word' id='word_1_6' title='bbox 1137 227 1170 261; x_wconf 90' lang='lat' dir='ltr'>d.</span> <span class='ocrx_word' id='word_1_7' title='bbox 1189 232 1315 263; x_wconf 73' lang='lat' dir='ltr'>osterr.</span> <span class='ocrx_word' id='word_1_8' title='bbox 1335 228 1496 263; x_wconf 90' lang='lat' dir='ltr'>Provinz.</span> <span class='ocrx_word' id='word_1_9' title='bbox 1538 232 1635 265; x_wconf 81' lang='lat'>1735.</span> <span class='ocrx_word' id='word_1_10' title='bbox 1787 233 1862 273; x_wconf 79' lang='lat'>137</span> 
     </span>
    </p>
   </div>
   <div class='ocr_carea' id='block_1_2' title="bbox 431 298 938 304">
    <p class='ocr_par' dir='ltr' id='par_1_2' title="bbox 431 298 938 304">
     <span class='ocr_line' id='line_1_2' title="bbox 431 298 938 304; baseline 0 0"><span class='ocrx_word' id='word_1_11' title='bbox 431 298 938 304; x_wconf 95' lang='lat' dir='ltr'> </span> 
     </span>
    </p>
   </div>
   <div class='ocr_carea' id='block_1_3' title="bbox 138 364 1874 3198">
    <p class='ocr_par' dir='ltr' id='par_1_3' title="bbox 138 364 1871 1317">
     <span class='ocr_line' id='line_1_3' title="bbox 141 364 1867 419; baseline 0.003 -13"><span class='ocrx_word' id='word_1_12' title='bbox 141 364 365 407; x_wconf 88' lang='lat' dir='ltr'>tribunitia</span> <span class='ocrx_word' id='word_1_13' title='bbox 404 367 614 419; x_wconf 76' lang='lat' dir='ltr'>potestate</span> <span class='ocrx_word' id='word_1_14' title='bbox 654 366 915 409; x_wconf 77' lang='lat' dir='ltr'>intercedere</span> <span class='ocrx_word' id='word_1_15' title='bbox 954 367 1116 419; x_wconf 79' lang='lat' dir='ltr'>licebit,</span> <span class='ocrx_word' id='word_1_16' title='bbox 1155 367 1190 409; x_wconf 90' lang='lat' dir='ltr'>si</span> <span class='ocrx_word' id='word_1_17' title='bbox 1232 367 1429 409; x_wconf 88' lang='lat' dir='ltr'>delictum</span> <span class='ocrx_word' id='word_1_18' title='bbox 1471 369 1770 411; x_wconf 88' lang='lat' dir='ltr'>scholasticum</span> <span class='ocrx_word' id='word_1_19' title='bbox 1811 370 1867 411; x_wconf 88' lang='lat' dir='ltr'>sit</span> 
     </span>
     <span class='ocr_line' id='line_1_4' title="bbox 143 439 1867 499; baseline 0.003 -19"><span class='ocrx_word' id='word_1_20' title='bbox 143 439 364 482; x_wconf 83' lang='lat' dir='ltr'>duntaxat.</span> <span class='ocrx_word' id='word_1_21' title='bbox 420 440 683 482; x_wconf 83' lang='lat' dir='ltr'>Secretarius</span> <span class='ocrx_word' id='word_1_22' title='bbox 717 441 870 482; x_wconf 90' lang='lat' dir='ltr'>librum</span> <span class='ocrx_word' id='word_1_23' title='bbox 902 441 1088 496; x_wconf 90' lang='lat' dir='ltr'>habebit,</span> <span class='ocrx_word' id='word_1_24' title='bbox 1119 442 1160 482; x_wconf 92' lang='lat' dir='ltr'>in</span> <span class='ocrx_word' id='word_1_25' title='bbox 1194 454 1318 495; x_wconf 93' lang='lat' dir='ltr'>quem</span> <span class='ocrx_word' id='word_1_26' title='bbox 1350 442 1665 499; x_wconf 89' lang='lat' dir='ltr'>Magistratum,</span> <span class='ocrx_word' id='word_1_27' title='bbox 1697 447 1740 485; x_wconf 86' lang='lat' dir='ltr'>et</span> <span class='ocrx_word' id='word_1_28' title='bbox 1763 445 1867 486; x_wconf 90' lang='lat' dir='ltr'>Aca-</span> 
     </span>
     <span class='ocr_line' id='line_1_5' title="bbox 142 513 1866 571; baseline 0.003 -16"><span class='ocrx_word' id='word_1_29' title='bbox 142 513 400 556; x_wconf 87' lang='lat' dir='ltr'>demicorum</span> <span class='ocrx_word' id='word_1_30' title='bbox 433 514 626 570; x_wconf 81' lang='lat' dir='ltr'>Nomina,</span> <span class='ocrx_word' id='word_1_31' title='bbox 672 517 709 558; x_wconf 76' lang='lat'>2.</span> <span class='ocrx_word' id='word_1_32' title='bbox 744 516 864 558; x_wconf 89' lang='lat' dir='ltr'>Diem</span> <span class='ocrx_word' id='word_1_33' title='bbox 898 516 1066 558; x_wconf 87' lang='lat' dir='ltr'>habitae</span> <span class='ocrx_word' id='word_1_34' title='bbox 1097 517 1360 565; x_wconf 73' lang='lat' dir='ltr'>Academiae,</span> <span class='ocrx_word' id='word_1_35' title='bbox 1395 518 1570 571; x_wconf 78' lang='lat' dir='ltr'>eJusque</span> <span class='ocrx_word' id='word_1_36' title='bbox 1601 530 1866 561; x_wconf 87' lang='lat' dir='ltr'>successum:</span> 
     </span>
     <span class='ocr_line' id='line_1_6' title="bbox 141 589 1868 647; baseline 0.003 -18"><span class='ocrx_word' id='word_1_37' title='bbox 141 589 213 641; x_wconf 94' lang='lat' dir='ltr'>qui</span> <span class='ocrx_word' id='word_1_38' title='bbox 245 601 347 641; x_wconf 90' lang='lat' dir='ltr'>prae</span> <span class='ocrx_word' id='word_1_39' title='bbox 379 589 556 631; x_wconf 89' lang='lat' dir='ltr'>caeteris</span> <span class='ocrx_word' id='word_1_40' title='bbox 587 589 756 631; x_wconf 86' lang='lat' dir='ltr'>laudem</span> <span class='ocrx_word' id='word_1_41' title='bbox 797 591 1038 640; x_wconf 78' lang='lat' dir='ltr'>retulerint,</span> <span class='ocrx_word' id='word_1_42' title='bbox 1083 592 1148 633; x_wconf 79' lang='lat' dir='ltr'>vel</span> <span class='ocrx_word' id='word_1_43' title='bbox 1185 592 1324 634; x_wconf 86' lang='lat' dir='ltr'>minus</span> <span class='ocrx_word' id='word_1_44' title='bbox 1356 592 1660 647; x_wconf 78' lang='lat' dir='ltr'>satisfecerint,</span> <span class='ocrx_word' id='word_1_45' title='bbox 1708 595 1743 633; x_wconf 87' lang='grc'>2.</span> <span class='ocrx_word' id='word_1_46' title='bbox 1788 594 1868 635; x_wconf 78' lang='lat' dir='ltr'>No—</span> 
     </span>
     <span class='ocr_line' id='line_1_7' title="bbox 139 663 1869 721; baseline 0.003 -17"><span class='ocrx_word' id='word_1_47' title='bbox 139 663 272 718; x_wconf 88' lang='lat' dir='ltr'>mina,</span> <span class='ocrx_word' id='word_1_48' title='bbox 311 664 346 705; x_wconf 88' lang='lat' dir='ltr'>si</span> <span class='ocrx_word' id='word_1_49' title='bbox 387 664 458 716; x_wconf 92' lang='lat' dir='ltr'>qui</span> <span class='ocrx_word' id='word_1_50' title='bbox 499 663 676 717; x_wconf 86' lang='lat' dir='ltr'>fuerint,</span> <span class='ocrx_word' id='word_1_51' title='bbox 719 664 984 706; x_wconf 73' lang='lat' dir='ltr'>Nobiliorum</span> <span class='ocrx_word' id='word_1_52' title='bbox 1026 665 1263 719; x_wconf 74' lang='lat' dir='ltr'>hospitum,</span> <span class='ocrx_word' id='word_1_53' title='bbox 1310 668 1349 710; x_wconf 87' lang='lat'>4.</span> <span class='ocrx_word' id='word_1_54' title='bbox 1394 666 1473 717; x_wconf 85' lang='lat' dir='ltr'>Qui</span> <span class='ocrx_word' id='word_1_55' title='bbox 1514 667 1671 721; x_wconf 88' lang='lat' dir='ltr'>primo,</span> <span class='ocrx_word' id='word_1_56' title='bbox 1711 668 1869 721; x_wconf 87' lang='lat' dir='ltr'>quique</span> 
     </span>
     <span class='ocr_line' id='line_1_8' title="bbox 140 737 1870 797; baseline 0.004 -19"><span class='ocrx_word' id='word_1_57' title='bbox 140 737 324 779; x_wconf 90' lang='lat' dir='ltr'>secundo</span> <span class='ocrx_word' id='word_1_58' title='bbox 349 737 439 779; x_wconf 90' lang='lat' dir='ltr'>loco</span> <span class='ocrx_word' id='word_1_59' title='bbox 468 738 564 780; x_wconf 90' lang='lat' dir='ltr'>lecti</span> <span class='ocrx_word' id='word_1_60' title='bbox 597 738 769 794; x_wconf 88' lang='lat' dir='ltr'>fuerint,</span> <span class='ocrx_word' id='word_1_61' title='bbox 802 738 969 783; x_wconf 85' lang='lat' dir='ltr'>referat.</span> <span class='ocrx_word' id='word_1_62' title='bbox 1019 739 1254 782; x_wconf 77' lang='lat' dir='ltr'>Consiliarii</span> <span class='ocrx_word' id='word_1_63' title='bbox 1287 742 1387 782; x_wconf 89' lang='lat' dir='ltr'>item</span> <span class='ocrx_word' id='word_1_64' title='bbox 1420 741 1617 797; x_wconf 89' lang='lat' dir='ltr'>aderunt,</span> <span class='ocrx_word' id='word_1_65' title='bbox 1648 747 1691 784; x_wconf 90' lang='lat' dir='ltr'>et</span> <span class='ocrx_word' id='word_1_66' title='bbox 1722 742 1870 785; x_wconf 85' lang='lat' dir='ltr'>suffra-</span> 
     </span>
     <span class='ocr_line' id='line_1_9' title="bbox 140 811 1869 870; baseline 0.004 -17"><span class='ocrx_word' id='word_1_67' title='bbox 140 811 253 864; x_wconf 84' lang='lat' dir='ltr'>gium</span> <span class='ocrx_word' id='word_1_68' title='bbox 286 812 422 854; x_wconf 87' lang='lat' dir='ltr'>ferent</span> <span class='ocrx_word' id='word_1_69' title='bbox 453 817 540 854; x_wconf 88' lang='lat' dir='ltr'>tam</span> <span class='ocrx_word' id='word_1_70' title='bbox 574 812 628 854; x_wconf 89' lang='lat' dir='ltr'>de</span> <span class='ocrx_word' id='word_1_71' title='bbox 661 812 930 869; x_wconf 79' lang='lat' dir='ltr'>Candidatis,</span> <span class='ocrx_word' id='word_1_72' title='bbox 974 815 1007 855; x_wconf 90' lang='lat' dir='ltr'>si</span> <span class='ocrx_word' id='word_1_73' title='bbox 1041 815 1112 867; x_wconf 92' lang='lat' dir='ltr'>qui</span> <span class='ocrx_word' id='word_1_74' title='bbox 1143 828 1219 868; x_wconf 88' lang='lat' dir='ltr'>per</span> <span class='ocrx_word' id='word_1_75' title='bbox 1251 828 1406 857; x_wconf 90' lang='lat' dir='ltr'>annum</span> <span class='ocrx_word' id='word_1_76' title='bbox 1449 817 1615 859; x_wconf 84' lang='lat' dir='ltr'>admitti</span> <span class='ocrx_word' id='word_1_77' title='bbox 1658 818 1869 870; x_wconf 74' lang='lat' dir='ltr'>petierint,</span> 
     </span>
     <span class='ocr_line' id='line_1_10' title="bbox 140 886 1868 944; baseline 0.004 -17"><span class='ocrx_word' id='word_1_78' title='bbox 140 898 268 939; x_wconf 90' lang='lat' dir='ltr'>quam</span> <span class='ocrx_word' id='word_1_79' title='bbox 306 887 340 928; x_wconf 91' lang='lat' dir='ltr'>si</span> <span class='ocrx_word' id='word_1_80' title='bbox 381 886 431 929; x_wconf 90' lang='lat' dir='ltr'>de</span> <span class='ocrx_word' id='word_1_81' title='bbox 469 887 667 940; x_wconf 90' lang='lat' dir='ltr'>quopiam</span> <span class='ocrx_word' id='word_1_82' title='bbox 706 888 905 941; x_wconf 82' lang='lat' dir='ltr'>pigritiae</span> <span class='ocrx_word' id='word_1_83' title='bbox 942 902 1041 941; x_wconf 83' lang='lat' dir='ltr'>ergo</span> <span class='ocrx_word' id='word_1_84' title='bbox 1081 890 1144 931; x_wconf 85' lang='lat' dir='ltr'>vel</span> <span class='ocrx_word' id='word_1_85' title='bbox 1192 890 1245 931; x_wconf 91' lang='lat' dir='ltr'>ob</span> <span class='ocrx_word' id='word_1_86' title='bbox 1294 891 1431 932; x_wconf 86' lang='lat' dir='ltr'>minus</span> <span class='ocrx_word' id='word_1_87' title='bbox 1481 892 1682 944; x_wconf 84' lang='lat' dir='ltr'>probatos</span> <span class='ocrx_word' id='word_1_88' title='bbox 1731 905 1868 934; x_wconf 91' lang='lat' dir='ltr'>mores</span> 
     </span>
     <span class='ocr_line' id='line_1_11' title="bbox 139 961 1869 1020; baseline 0.003 -18"><span class='ocrx_word' id='word_1_89' title='bbox 139 961 457 1003; x_wconf 86' lang='lat' dir='ltr'>exanthorando</span> <span class='ocrx_word' id='word_1_90' title='bbox 490 966 709 1017; x_wconf 82' lang='lat' dir='ltr'>ageretur,</span> <span class='ocrx_word' id='word_1_91' title='bbox 750 963 869 1016; x_wconf 88' lang='lat' dir='ltr'>cujus</span> <span class='ocrx_word' id='word_1_92' title='bbox 908 976 1060 1006; x_wconf 89' lang='lat' dir='ltr'>nomen</span> <span class='ocrx_word' id='word_1_93' title='bbox 1099 964 1200 1006; x_wconf 90' lang='lat' dir='ltr'>item</span> <span class='ocrx_word' id='word_1_94' title='bbox 1238 965 1279 1006; x_wconf 89' lang='lat' dir='ltr'>in</span> <span class='ocrx_word' id='word_1_95' title='bbox 1311 965 1481 1018; x_wconf 89' lang='lat' dir='ltr'>publica</span> <span class='ocrx_word' id='word_1_96' title='bbox 1513 967 1741 1008; x_wconf 78' lang='lat' dir='ltr'>Academia</span> <span class='ocrx_word' id='word_1_97' title='bbox 1773 980 1869 1020; x_wconf 89' lang='lat' dir='ltr'>pro-</span> 
     </span>
     <span class='ocr_line' id='line_1_12' title="bbox 139 1035 1869 1094; baseline 0.003 -18"><span class='ocrx_word' id='word_1_98' title='bbox 139 1035 345 1089; x_wconf 88' lang='lat' dir='ltr'>mulgabit</span> <span class='ocrx_word' id='word_1_99' title='bbox 367 1035 642 1078; x_wconf 81' lang='lat' dir='ltr'>Secretarius.</span> <span class='ocrx_word' id='word_1_100' title='bbox 691 1037 818 1078; x_wconf 89' lang='lat' dir='ltr'>Haud</span> <span class='ocrx_word' id='word_1_101' title='bbox 851 1042 963 1080; x_wconf 91' lang='lat' dir='ltr'>recte</span> <span class='ocrx_word' id='word_1_102' title='bbox 997 1039 1172 1081; x_wconf 87' lang='lat' dir='ltr'>sentiret</span> <span class='ocrx_word' id='word_1_103' title='bbox 1195 1039 1414 1094; x_wconf 77' lang='lat' dir='ltr'>Magister,</span> <span class='ocrx_word' id='word_1_104' title='bbox 1447 1041 1519 1092; x_wconf 92' lang='lat' dir='ltr'>qui</span> <span class='ocrx_word' id='word_1_105' title='bbox 1551 1042 1631 1082; x_wconf 76' lang='lat' dir='ltr'>ista</span> <span class='ocrx_word' id='word_1_106' title='bbox 1664 1045 1869 1094; x_wconf 85' lang='lat' dir='ltr'>tanquam</span> 
     </span>
     <span class='ocr_line' id='line_1_13' title="bbox 138 1110 1869 1168; baseline 0.003 -16"><span class='ocrx_word' id='word_1_107' title='bbox 138 1110 301 1152; x_wconf 88' lang='lat' dir='ltr'>ludicra</span> <span class='ocrx_word' id='word_1_108' title='bbox 333 1114 375 1152; x_wconf 89' lang='lat' dir='ltr'>ct</span> <span class='ocrx_word' id='word_1_109' title='bbox 405 1111 584 1164; x_wconf 89' lang='lat' dir='ltr'>puerilia</span> <span class='ocrx_word' id='word_1_110' title='bbox 616 1111 867 1164; x_wconf 88' lang='lat' dir='ltr'>negligenda</span> <span class='ocrx_word' id='word_1_111' title='bbox 896 1116 1083 1168; x_wconf 87' lang='lat' dir='ltr'>putaret,</span> <span class='ocrx_word' id='word_1_112' title='bbox 1115 1127 1191 1156; x_wconf 92' lang='lat' dir='ltr'>nec</span> <span class='ocrx_word' id='word_1_113' title='bbox 1222 1114 1264 1155; x_wconf 92' lang='lat' dir='ltr'>id</span> <span class='ocrx_word' id='word_1_114' title='bbox 1296 1119 1344 1156; x_wconf 93' lang='lat' dir='ltr'>ut</span> <span class='ocrx_word' id='word_1_115' title='bbox 1376 1127 1501 1156; x_wconf 90' lang='lat' dir='ltr'>suum</span> <span class='ocrx_word' id='word_1_116' title='bbox 1523 1127 1571 1156; x_wconf 89' lang='lat' dir='ltr'>ac</span> <span class='ocrx_word' id='word_1_117' title='bbox 1593 1128 1721 1168; x_wconf 71' lang='lat' dir='ltr'>grave</span> <span class='ocrx_word' id='word_1_118' title='bbox 1745 1128 1869 1168; x_wconf 83' lang='lat' dir='ltr'>nego-</span> 
     </span>
     <span class='ocr_line' id='line_1_14' title="bbox 140 1185 1871 1244; baseline 0.003 -18"><span class='ocrx_word' id='word_1_119' title='bbox 140 1185 247 1226; x_wconf 87' lang='lat' dir='ltr'>tium</span> <span class='ocrx_word' id='word_1_120' title='bbox 278 1186 550 1228; x_wconf 90' lang='lat' dir='ltr'>tractandum</span> <span class='ocrx_word' id='word_1_121' title='bbox 587 1187 867 1228; x_wconf 87' lang='lat' dir='ltr'>existimaret:</span> <span class='ocrx_word' id='word_1_122' title='bbox 915 1188 1163 1230; x_wconf 84' lang='lat' dir='ltr'>Incredibile</span> <span class='ocrx_word' id='word_1_123' title='bbox 1204 1193 1288 1244; x_wconf 88' lang='lat' dir='ltr'>est,</span> <span class='ocrx_word' id='word_1_124' title='bbox 1331 1202 1458 1242; x_wconf 89' lang='lat' dir='ltr'>quam</span> <span class='ocrx_word' id='word_1_125' title='bbox 1498 1189 1577 1232; x_wconf 87' lang='lat' dir='ltr'>hac</span> <span class='ocrx_word' id='word_1_126' title='bbox 1619 1190 1871 1232; x_wconf 89' lang='lat' dir='ltr'>eminentiae</span> 
     </span>
     <span class='ocr_line' id='line_1_15' title="bbox 141 1260 1613 1317; baseline 0.003 -15"><span class='ocrx_word' id='word_1_127' title='bbox 141 1260 279 1314; x_wconf 86' lang='lat' dir='ltr'>specie</span> <span class='ocrx_word' id='word_1_128' title='bbox 310 1260 486 1302; x_wconf 86' lang='lat' dir='ltr'>efferant</span> <span class='ocrx_word' id='word_1_129' title='bbox 517 1274 576 1315; x_wconf 88' lang='lat' dir='ltr'>se,</span> <span class='ocrx_word' id='word_1_130' title='bbox 609 1261 773 1314; x_wconf 83' lang='lat' dir='ltr'>sibique</span> <span class='ocrx_word' id='word_1_131' title='bbox 805 1262 1081 1305; x_wconf 87' lang='lat' dir='ltr'>blandiantur</span> <span class='ocrx_word' id='word_1_132' title='bbox 1112 1265 1231 1317; x_wconf 83' lang='lat' dir='ltr'>pueri</span> <span class='ocrx_word' id='word_1_133' title='bbox 1264 1265 1397 1317; x_wconf 86' lang='lat' dir='ltr'>magis</span> <span class='ocrx_word' id='word_1_134' title='bbox 1429 1265 1613 1317; x_wconf 89' lang='lat' dir='ltr'>ingenui.</span> 
     </span>
    </p>

    <p class='ocr_par' dir='ltr' id='par_1_4' title="bbox 141 1340 1872 1846">
     <span class='ocr_line' id='line_1_16' title="bbox 278 1340 1870 1398; baseline 0.004 -16"><span class='ocrx_word' id='word_1_135' title='bbox 278 1341 316 1382; x_wconf 86' lang='lat'>3.</span> <span class='ocrx_word' id='word_1_136' title='bbox 361 1340 477 1391; x_wconf 85' lang='lat' dir='ltr'>Quae</span> <span class='ocrx_word' id='word_1_137' title='bbox 509 1342 741 1384; x_wconf 81' lang='lat' dir='ltr'>solennitas</span> <span class='ocrx_word' id='word_1_138' title='bbox 778 1344 820 1384; x_wconf 91' lang='lat' dir='ltr'>et</span> <span class='ocrx_word' id='word_1_139' title='bbox 852 1348 1086 1397; x_wconf 88' lang='lat' dir='ltr'>apparatus</span> <span class='ocrx_word' id='word_1_140' title='bbox 1163 1344 1401 1387; x_wconf 84' lang='lat' dir='ltr'>Solennitas</span> <span class='ocrx_word' id='word_1_141' title='bbox 1435 1346 1577 1398; x_wconf 87' lang='lat' dir='ltr'>aliqua</span> <span class='ocrx_word' id='word_1_142' title='bbox 1610 1346 1870 1388; x_wconf 88' lang='lat' dir='ltr'>concilianda</span> 
     </span>
     <span class='ocr_line' id='line_1_17' title="bbox 143 1415 1870 1474; baseline 0.004 -18"><span class='ocrx_word' id='word_1_143' title='bbox 143 1419 209 1457; x_wconf 86' lang='lat' dir='ltr'>est</span> <span class='ocrx_word' id='word_1_144' title='bbox 229 1415 495 1471; x_wconf 85' lang='lat' dir='ltr'>Academiae,</span> <span class='ocrx_word' id='word_1_145' title='bbox 527 1429 662 1470; x_wconf 89' lang='lat' dir='ltr'>eaque</span> <span class='ocrx_word' id='word_1_146' title='bbox 695 1418 761 1459; x_wconf 86' lang='lat' dir='ltr'>vel</span> <span class='ocrx_word' id='word_1_147' title='bbox 793 1418 845 1459; x_wconf 91' lang='lat' dir='ltr'>ab</span> <span class='ocrx_word' id='word_1_148' title='bbox 878 1423 1089 1472; x_wconf 88' lang='lat' dir='ltr'>apparatu</span> <span class='ocrx_word' id='word_1_149' title='bbox 1123 1419 1278 1474; x_wconf 86' lang='lat' dir='ltr'>aliquo,</span> <span class='ocrx_word' id='word_1_150' title='bbox 1312 1420 1375 1461; x_wconf 82' lang='lat' dir='ltr'>vel</span> <span class='ocrx_word' id='word_1_151' title='bbox 1399 1433 1422 1461; x_wconf 91' lang='lat' dir='ltr'>a</span> <span class='ocrx_word' id='word_1_152' title='bbox 1443 1421 1636 1474; x_wconf 88' lang='lat' dir='ltr'>personis</span> <span class='ocrx_word' id='word_1_153' title='bbox 1669 1421 1870 1463; x_wconf 75' lang='lat' dir='ltr'>invitatis.</span> 
     </span>
     <span class='ocr_line' id='line_1_18' title="bbox 141 1490 1869 1547; baseline 0.004 -16"><span class='ocrx_word' id='word_1_154' title='bbox 141 1490 385 1544; x_wconf 78' lang='lat' dir='ltr'>Apparatus</span> <span class='ocrx_word' id='word_1_155' title='bbox 418 1491 474 1533; x_wconf 90' lang='lat' dir='ltr'>sit</span> <span class='ocrx_word' id='word_1_156' title='bbox 504 1492 559 1547; x_wconf 86' lang='lat' dir='ltr'>is,</span> <span class='ocrx_word' id='word_1_157' title='bbox 592 1492 664 1545; x_wconf 88' lang='lat' dir='ltr'>qui</span> <span class='ocrx_word' id='word_1_158' title='bbox 696 1492 811 1534; x_wconf 89' lang='lat' dir='ltr'>nullo</span> <span class='ocrx_word' id='word_1_159' title='bbox 843 1493 1056 1546; x_wconf 89' lang='lat' dir='ltr'>impendio</span> <span class='ocrx_word' id='word_1_160' title='bbox 1089 1498 1274 1544; x_wconf 77' lang='lat' dir='ltr'>constet;</span> <span class='ocrx_word' id='word_1_161' title='bbox 1314 1494 1391 1536; x_wconf 92' lang='lat' dir='ltr'>hoc</span> <span class='ocrx_word' id='word_1_162' title='bbox 1423 1498 1506 1536; x_wconf 90' lang='lat' dir='ltr'>est:</span> <span class='ocrx_word' id='word_1_163' title='bbox 1559 1498 1593 1536; x_wconf 88' lang='lat'>1.</span> <span class='ocrx_word' id='word_1_164' title='bbox 1633 1496 1869 1538; x_wconf 84' lang='lat' dir='ltr'>Academici</span> 
     </span>
     <span class='ocr_line' id='line_1_19' title="bbox 141 1566 1871 1626; baseline 0.003 -19"><span class='ocrx_word' id='word_1_165' title='bbox 141 1569 386 1618; x_wconf 85' lang='lat' dir='ltr'>spectentur</span> <span class='ocrx_word' id='word_1_166' title='bbox 415 1566 522 1608; x_wconf 86' lang='lat' dir='ltr'>festo</span> <span class='ocrx_word' id='word_1_167' title='bbox 555 1566 725 1610; x_wconf 85' lang='lat' dir='ltr'>habitu:</span> <span class='ocrx_word' id='word_1_168' title='bbox 758 1567 894 1620; x_wconf 91' lang='lat' dir='ltr'>palliis</span> <span class='ocrx_word' id='word_1_169' title='bbox 927 1568 1054 1610; x_wconf 89' lang='lat' dir='ltr'>etiam</span> <span class='ocrx_word' id='word_1_170' title='bbox 1087 1569 1352 1611; x_wconf 87' lang='lat' dir='ltr'>commodato</span> <span class='ocrx_word' id='word_1_171' title='bbox 1375 1569 1517 1622; x_wconf 87' lang='lat' dir='ltr'>petitis</span> <span class='ocrx_word' id='word_1_172' title='bbox 1545 1571 1715 1626; x_wconf 85' lang='lat' dir='ltr'>compti,</span> <span class='ocrx_word' id='word_1_173' title='bbox 1748 1583 1871 1613; x_wconf 90' lang='lat' dir='ltr'>orna-</span> 
     </span>
     <span class='ocr_line' id='line_1_20' title="bbox 145 1639 1872 1697; baseline 0.004 -16"><span class='ocrx_word' id='word_1_174' title='bbox 145 1639 273 1693; x_wconf 90' lang='lat' dir='ltr'>tique.</span> <span class='ocrx_word' id='word_1_175' title='bbox 338 1642 375 1681; x_wconf 77' lang='lat'>2.</span> <span class='ocrx_word' id='word_1_176' title='bbox 423 1641 622 1695; x_wconf 88' lang='lat' dir='ltr'>Princeps</span> <span class='ocrx_word' id='word_1_177' title='bbox 655 1642 747 1684; x_wconf 91' lang='lat' dir='ltr'>loco</span> <span class='ocrx_word' id='word_1_178' title='bbox 780 1642 955 1684; x_wconf 87' lang='lat' dir='ltr'>editiore</span> <span class='ocrx_word' id='word_1_179' title='bbox 988 1643 1052 1685; x_wconf 85' lang='lat' dir='ltr'>vel</span> <span class='ocrx_word' id='word_1_180' title='bbox 1085 1648 1289 1697; x_wconf 87' lang='lat' dir='ltr'>suggestu</span> <span class='ocrx_word' id='word_1_181' title='bbox 1323 1643 1556 1695; x_wconf 83' lang='lat' dir='ltr'>consideat;</span> <span class='ocrx_word' id='word_1_182' title='bbox 1588 1645 1698 1686; x_wconf 85' lang='lat' dir='ltr'>infra</span> <span class='ocrx_word' id='word_1_183' title='bbox 1730 1646 1872 1689; x_wconf 81' lang='lat' dir='ltr'>Secre-</span> 
     </span>
     <span class='ocr_line' id='line_1_21' title="bbox 142 1715 1871 1773; baseline 0.003 -16"><span class='ocrx_word' id='word_1_184' title='bbox 142 1716 297 1772; x_wconf 83' lang='lat' dir='ltr'>tarius,</span> <span class='ocrx_word' id='word_1_185' title='bbox 344 1715 396 1757; x_wconf 91' lang='lat' dir='ltr'>ad</span> <span class='ocrx_word' id='word_1_186' title='bbox 435 1717 547 1758; x_wconf 87' lang='lat' dir='ltr'>latus</span> <span class='ocrx_word' id='word_1_187' title='bbox 592 1717 837 1769; x_wconf 89' lang='lat' dir='ltr'>consiliarii,</span> <span class='ocrx_word' id='word_1_188' title='bbox 883 1718 1123 1760; x_wconf 88' lang='lat' dir='ltr'>Academici</span> <span class='ocrx_word' id='word_1_189' title='bbox 1164 1719 1319 1761; x_wconf 85' lang='lat' dir='ltr'>caeteri</span> <span class='ocrx_word' id='word_1_190' title='bbox 1360 1720 1401 1760; x_wconf 92' lang='lat' dir='ltr'>in</span> <span class='ocrx_word' id='word_1_191' title='bbox 1445 1719 1654 1762; x_wconf 85' lang='lat' dir='ltr'>subselliis</span> <span class='ocrx_word' id='word_1_192' title='bbox 1694 1721 1871 1773; x_wconf 89' lang='lat' dir='ltr'>pulchro</span> 
     </span>
     <span class='ocr_line' id='line_1_22' title="bbox 143 1791 1464 1846; baseline 0.001 -14"><span class='ocrx_word' id='word_1_193' title='bbox 143 1794 285 1844; x_wconf 90' lang='lat' dir='ltr'>tapete</span> <span class='ocrx_word' id='word_1_194' title='bbox 317 1791 479 1834; x_wconf 86' lang='lat' dir='ltr'>stratis:</span> <span class='ocrx_word' id='word_1_195' title='bbox 513 1795 555 1833; x_wconf 91' lang='lat' dir='ltr'>et</span> <span class='ocrx_word' id='word_1_196' title='bbox 587 1792 621 1833; x_wconf 91' lang='lat' dir='ltr'>si</span> <span class='ocrx_word' id='word_1_197' title='bbox 654 1792 756 1845; x_wconf 87' lang='lat' dir='ltr'>quid</span> <span class='ocrx_word' id='word_1_198' title='bbox 788 1792 904 1834; x_wconf 89' lang='lat' dir='ltr'>aliud</span> <span class='ocrx_word' id='word_1_199' title='bbox 936 1794 1124 1846; x_wconf 85' lang='lat' dir='ltr'>parabile</span> <span class='ocrx_word' id='word_1_200' title='bbox 1157 1794 1293 1836; x_wconf 90' lang='lat' dir='ltr'>visum</span> <span class='ocrx_word' id='word_1_201' title='bbox 1325 1794 1464 1836; x_wconf 86' lang='lat' dir='ltr'>fuerit.</span> 
     </span>
    </p>

    <p class='ocr_par' dir='ltr' id='par_1_5' title="bbox 142 1866 1873 2221">
     <span class='ocr_line' id='line_1_23' title="bbox 286 1866 1872 1923; baseline 0.003 -16"><span class='ocrx_word' id='word_1_202' title='bbox 286 1867 513 1921; x_wconf 81' lang='lat' dir='ltr'>Personae,</span> <span class='ocrx_word' id='word_1_203' title='bbox 545 1866 747 1921; x_wconf 86' lang='lat' dir='ltr'>hospites,</span> <span class='ocrx_word' id='word_1_204' title='bbox 780 1868 913 1909; x_wconf 88' lang='lat' dir='ltr'>nostri</span> <span class='ocrx_word' id='word_1_205' title='bbox 943 1873 1056 1923; x_wconf 75' lang='lat' dir='ltr'>sunt,</span> <span class='ocrx_word' id='word_1_206' title='bbox 1089 1873 1129 1910; x_wconf 92' lang='lat' dir='ltr'>et</span> <span class='ocrx_word' id='word_1_207' title='bbox 1154 1870 1326 1912; x_wconf 87' lang='lat' dir='ltr'>externi.</span> <span class='ocrx_word' id='word_1_208' title='bbox 1375 1870 1587 1911; x_wconf 73' lang='lat' dir='ltr'>Invitatur</span> <span class='ocrx_word' id='word_1_209' title='bbox 1610 1878 1706 1912; x_wconf 90' lang='lat' dir='ltr'>ante</span> <span class='ocrx_word' id='word_1_210' title='bbox 1729 1882 1872 1912; x_wconf 89' lang='lat' dir='ltr'>omnes</span> 
     </span>
     <span class='ocr_line' id='line_1_24' title="bbox 142 1941 1873 2000; baseline 0.003 -18"><span class='ocrx_word' id='word_1_211' title='bbox 142 1941 187 1983; x_wconf 91' lang='lat' dir='ltr'>P.</span> <span class='ocrx_word' id='word_1_212' title='bbox 220 1942 376 1984; x_wconf 88' lang='lat' dir='ltr'>Rector</span> <span class='ocrx_word' id='word_1_213' title='bbox 409 1942 592 1995; x_wconf 86' lang='lat' dir='ltr'>Collegii.</span> <span class='ocrx_word' id='word_1_214' title='bbox 658 1942 765 1993; x_wconf 81' lang='lat' dir='ltr'>Quia</span> <span class='ocrx_word' id='word_1_215' title='bbox 798 1956 894 1985; x_wconf 81' lang='lat' dir='ltr'>vero</span> <span class='ocrx_word' id='word_1_216' title='bbox 928 1944 1178 1996; x_wconf 80' lang='lat' dir='ltr'>experiendo</span> <span class='ocrx_word' id='word_1_217' title='bbox 1212 1949 1399 2000; x_wconf 84' lang='lat' dir='ltr'>constat,</span> <span class='ocrx_word' id='word_1_218' title='bbox 1432 1945 1543 1998; x_wconf 87' lang='lat' dir='ltr'>quod</span> <span class='ocrx_word' id='word_1_219' title='bbox 1578 1945 1756 1986; x_wconf 89' lang='lat' dir='ltr'>Patrum</span> <span class='ocrx_word' id='word_1_220' title='bbox 1787 1946 1873 1998; x_wconf 89' lang='lat' dir='ltr'>ple-</span> 
     </span>
     <span class='ocr_line' id='line_1_25' title="bbox 143 2017 1873 2073; baseline 0.002 -15"><span class='ocrx_word' id='word_1_221' title='bbox 143 2017 264 2070; x_wconf 87' lang='lat' dir='ltr'>rique</span> <span class='ocrx_word' id='word_1_222' title='bbox 296 2017 423 2059; x_wconf 88' lang='lat' dir='ltr'>rebus</span> <span class='ocrx_word' id='word_1_223' title='bbox 456 2017 546 2059; x_wconf 87' lang='lat' dir='ltr'>aliis</span> <span class='ocrx_word' id='word_1_224' title='bbox 590 2017 946 2073; x_wconf 85' lang='lat' dir='ltr'>praepediantur,</span> <span class='ocrx_word' id='word_1_225' title='bbox 989 2019 1053 2060; x_wconf 82' lang='lat' dir='ltr'>vel</span> <span class='ocrx_word' id='word_1_226' title='bbox 1094 2019 1331 2073; x_wconf 87' lang='lat' dir='ltr'>praepediri</span> <span class='ocrx_word' id='word_1_227' title='bbox 1369 2032 1413 2061; x_wconf 88' lang='lat' dir='ltr'>se</span> <span class='ocrx_word' id='word_1_228' title='bbox 1451 2024 1699 2073; x_wconf 87' lang='lat' dir='ltr'>causentur,</span> <span class='ocrx_word' id='word_1_229' title='bbox 1742 2034 1873 2062; x_wconf 90' lang='lat' dir='ltr'>unum</span> 
     </span>
     <span class='ocr_line' id='line_1_26' title="bbox 143 2091 1873 2149; baseline 0.002 -16"><span class='ocrx_word' id='word_1_230' title='bbox 143 2091 294 2133; x_wconf 89' lang='lat' dir='ltr'>saltem</span> <span class='ocrx_word' id='word_1_231' title='bbox 332 2092 566 2134; x_wconf 89' lang='lat' dir='ltr'>alterumve</span> <span class='ocrx_word' id='word_1_232' title='bbox 609 2105 783 2134; x_wconf 84' lang='lat' dir='ltr'>exorare</span> <span class='ocrx_word' id='word_1_233' title='bbox 826 2094 1048 2135; x_wconf 89' lang='lat' dir='ltr'>conabitur</span> <span class='ocrx_word' id='word_1_234' title='bbox 1087 2094 1314 2149; x_wconf 73' lang='lat' dir='ltr'>Magister,</span> <span class='ocrx_word' id='word_1_235' title='bbox 1356 2099 1396 2136; x_wconf 89' lang='lat' dir='ltr'>et</span> <span class='ocrx_word' id='word_1_236' title='bbox 1444 2096 1696 2148; x_wconf 84' lang='lat' dir='ltr'>perpellere.</span> <span class='ocrx_word' id='word_1_237' title='bbox 1745 2100 1793 2137; x_wconf 89' lang='lat' dir='ltr'>ut</span> <span class='ocrx_word' id='word_1_238' title='bbox 1832 2097 1873 2137; x_wconf 89' lang='lat' dir='ltr'>in</span> 
     </span>
     <span class='ocr_line' id='line_1_27' title="bbox 143 2167 1593 2221; baseline 0.003 -13"><span class='ocrx_word' id='word_1_239' title='bbox 143 2167 358 2209; x_wconf 85' lang='lat' dir='ltr'>studiosae</span> <span class='ocrx_word' id='word_1_240' title='bbox 390 2167 628 2210; x_wconf 82' lang='lat' dir='ltr'>Iuventutis</span> <span class='ocrx_word' id='word_1_241' title='bbox 661 2168 843 2221; x_wconf 78' lang='lat' dir='ltr'>gratiam</span> <span class='ocrx_word' id='word_1_242' title='bbox 874 2170 1159 2221; x_wconf 82' lang='lat' dir='ltr'>praesentiam</span> <span class='ocrx_word' id='word_1_243' title='bbox 1191 2182 1311 2210; x_wconf 86' lang='lat' dir='ltr'>suam</span> <span class='ocrx_word' id='word_1_244' title='bbox 1346 2171 1593 2213; x_wconf 87' lang='lat' dir='ltr'>commodet.</span> 
     </span>
    </p>

    <p class='ocr_par' dir='ltr' id='par_1_6' title="bbox 144 2242 1874 2885">
     <span class='ocr_line' id='line_1_28' title="bbox 283 2242 1872 2298; baseline 0.003 -15"><span class='ocrx_word' id='word_1_245' title='bbox 283 2242 565 2284; x_wconf 84' lang='lat' dir='ltr'>Externorum</span> <span class='ocrx_word' id='word_1_246' title='bbox 607 2243 729 2295; x_wconf 89' lang='lat' dir='ltr'>primi</span> <span class='ocrx_word' id='word_1_247' title='bbox 769 2243 975 2285; x_wconf 83' lang='lat' dir='ltr'>invitandi</span> <span class='ocrx_word' id='word_1_248' title='bbox 1016 2247 1115 2285; x_wconf 87' lang='lat' dir='ltr'>sunt</span> <span class='ocrx_word' id='word_1_249' title='bbox 1154 2244 1506 2286; x_wconf 87' lang='lat' dir='ltr'>Academicorum</span> <span class='ocrx_word' id='word_1_250' title='bbox 1554 2248 1751 2298; x_wconf 87' lang='lat' dir='ltr'>parentes</span> <span class='ocrx_word' id='word_1_251' title='bbox 1793 2246 1872 2287; x_wconf 87' lang='lat' dir='ltr'>etsi</span> 
     </span>
     <span class='ocr_line' id='line_1_29' title="bbox 144 2317 1873 2373; baseline 0.002 -15"><span class='ocrx_word' id='word_1_252' title='bbox 144 2317 352 2371; x_wconf 89' lang='lat' dir='ltr'>illiterati,</span> <span class='ocrx_word' id='word_1_253' title='bbox 392 2330 486 2359; x_wconf 92' lang='lat' dir='ltr'>cum</span> <span class='ocrx_word' id='word_1_254' title='bbox 519 2330 594 2359; x_wconf 90' lang='lat' dir='ltr'>seu</span> <span class='ocrx_word' id='word_1_255' title='bbox 625 2318 664 2358; x_wconf 85' lang='lat' dir='ltr'>in</span> <span class='ocrx_word' id='word_1_256' title='bbox 700 2318 911 2373; x_wconf 86' lang='lat' dir='ltr'>Historia,</span> <span class='ocrx_word' id='word_1_257' title='bbox 953 2331 1028 2360; x_wconf 87' lang='lat' dir='ltr'>seu</span> <span class='ocrx_word' id='word_1_258' title='bbox 1059 2319 1101 2360; x_wconf 88' lang='lat' dir='ltr'>in</span> <span class='ocrx_word' id='word_1_259' title='bbox 1143 2319 1322 2361; x_wconf 84' lang='lat' dir='ltr'>authore</span> <span class='ocrx_word' id='word_1_260' title='bbox 1364 2320 1569 2373; x_wconf 87' lang='lat' dir='ltr'>pleraque</span> <span class='ocrx_word' id='word_1_261' title='bbox 1611 2324 1873 2372; x_wconf 88' lang='lat' dir='ltr'>peragantur</span> 
     </span>
     <span class='ocr_line' id='line_1_30' title="bbox 148 2392 1874 2448; baseline 0.002 -16"><span class='ocrx_word' id='word_1_262' title='bbox 148 2392 385 2434; x_wconf 87' lang='lat' dir='ltr'>vernacula.</span> <span class='ocrx_word' id='word_1_263' title='bbox 450 2395 485 2433; x_wconf 79' lang='grc'>’2.</span> <span class='ocrx_word' id='word_1_264' title='bbox 531 2393 631 2447; x_wconf 86' lang='lat' dir='ltr'>Alii,</span> <span class='ocrx_word' id='word_1_265' title='bbox 672 2393 706 2434; x_wconf 90' lang='lat' dir='ltr'>si</span> <span class='ocrx_word' id='word_1_266' title='bbox 738 2393 809 2445; x_wconf 89' lang='lat' dir='ltr'>qui</span> <span class='ocrx_word' id='word_1_267' title='bbox 841 2393 883 2434; x_wconf 90' lang='lat' dir='ltr'>in</span> <span class='ocrx_word' id='word_1_268' title='bbox 917 2393 1096 2435; x_wconf 87' lang='lat' dir='ltr'>Civitate</span> <span class='ocrx_word' id='word_1_269' title='bbox 1127 2394 1309 2448; x_wconf 85' lang='lat' dir='ltr'>fuerint,</span> <span class='ocrx_word' id='word_1_270' title='bbox 1350 2395 1426 2435; x_wconf 79' lang='lat' dir='ltr'>viri</span> <span class='ocrx_word' id='word_1_271' title='bbox 1464 2395 1506 2435; x_wconf 91' lang='lat' dir='ltr'>in</span> <span class='ocrx_word' id='word_1_272' title='bbox 1544 2393 1748 2447; x_wconf 81' lang='lat' dir='ltr'>dignitate</span> <span class='ocrx_word' id='word_1_273' title='bbox 1780 2407 1874 2436; x_wconf 86' lang='lat' dir='ltr'>con-</span> 
     </span>
     <span class='ocr_line' id='line_1_31' title="bbox 145 2467 1874 2521; baseline 0.001 -13"><span class='ocrx_word' id='word_1_274' title='bbox 145 2467 296 2509; x_wconf 85' lang='lat' dir='ltr'>stituti.</span> <span class='ocrx_word' id='word_1_275' title='bbox 346 2468 382 2509; x_wconf 82' lang='lat'>3.</span> <span class='ocrx_word' id='word_1_276' title='bbox 418 2468 518 2509; x_wconf 92' lang='lat' dir='ltr'>Loci</span> <span class='ocrx_word' id='word_1_277' title='bbox 540 2468 771 2515; x_wconf 81' lang='lat' dir='ltr'>Parochus,</span> <span class='ocrx_word' id='word_1_278' title='bbox 805 2468 1039 2521; x_wconf 87' lang='lat' dir='ltr'>Capellani:</span> <span class='ocrx_word' id='word_1_279' title='bbox 1072 2469 1260 2510; x_wconf 88' lang='lat' dir='ltr'>nonnulli</span> <span class='ocrx_word' id='word_1_280' title='bbox 1294 2482 1368 2510; x_wconf 86' lang='lat' dir='ltr'>seu</span> <span class='ocrx_word' id='word_1_281' title='bbox 1391 2468 1611 2521; x_wconf 65' lang='lat' dir='ltr'>Magistro.</span> <span class='ocrx_word' id='word_1_282' title='bbox 1647 2481 1721 2510; x_wconf 88' lang='lat' dir='ltr'>seu</span> <span class='ocrx_word' id='word_1_283' title='bbox 1754 2469 1874 2510; x_wconf 86' lang='lat' dir='ltr'>disci-</span> 
     </span>
     <span class='ocr_line' id='line_1_32' title="bbox 146 2542 1874 2596; baseline 0.001 -13"><span class='ocrx_word' id='word_1_284' title='bbox 146 2542 256 2596; x_wconf 87' lang='lat' dir='ltr'>pulis</span> <span class='ocrx_word' id='word_1_285' title='bbox 289 2543 377 2583; x_wconf 90' lang='lat' dir='ltr'>noti</span> <span class='ocrx_word' id='word_1_286' title='bbox 409 2543 628 2595; x_wconf 87' lang='lat' dir='ltr'>Religiosi,</span> <span class='ocrx_word' id='word_1_287' title='bbox 662 2543 733 2595; x_wconf 91' lang='lat' dir='ltr'>qui</span> <span class='ocrx_word' id='word_1_288' title='bbox 765 2543 943 2584; x_wconf 89' lang='lat' dir='ltr'>libentes</span> <span class='ocrx_word' id='word_1_289' title='bbox 977 2548 1244 2596; x_wconf 89' lang='lat' dir='ltr'>comparent:</span> <span class='ocrx_word' id='word_1_290' title='bbox 1289 2544 1400 2584; x_wconf 88' lang='lat' dir='ltr'>omni</span> <span class='ocrx_word' id='word_1_291' title='bbox 1443 2543 1623 2596; x_wconf 90' lang='lat' dir='ltr'>denique</span> <span class='ocrx_word' id='word_1_292' title='bbox 1664 2543 1874 2585; x_wconf 86' lang='lat' dir='ltr'>industria</span> 
     </span>
     <span class='ocr_line' id='line_1_33' title="bbox 147 2616 1873 2673; baseline 0.001 -15"><span class='ocrx_word' id='word_1_293' title='bbox 147 2616 319 2659; x_wconf 85' lang='lat' dir='ltr'>efficiet:</span> <span class='ocrx_word' id='word_1_294' title='bbox 362 2621 411 2658; x_wconf 89' lang='lat' dir='ltr'>ut</span> <span class='ocrx_word' id='word_1_295' title='bbox 442 2622 484 2659; x_wconf 90' lang='lat' dir='ltr'>et</span> <span class='ocrx_word' id='word_1_296' title='bbox 514 2617 657 2672; x_wconf 84' lang='lat' dir='ltr'>multi,</span> <span class='ocrx_word' id='word_1_297' title='bbox 701 2622 742 2659; x_wconf 92' lang='lat' dir='ltr'>et</span> <span class='ocrx_word' id='word_1_298' title='bbox 774 2630 902 2670; x_wconf 89' lang='lat' dir='ltr'>quam</span> <span class='ocrx_word' id='word_1_299' title='bbox 935 2618 1113 2670; x_wconf 85' lang='lat' dir='ltr'>spectati</span> <span class='ocrx_word' id='word_1_300' title='bbox 1145 2617 1285 2660; x_wconf 88' lang='lat' dir='ltr'>adsint</span> <span class='ocrx_word' id='word_1_301' title='bbox 1317 2618 1376 2659; x_wconf 90' lang='lat' dir='ltr'>rei</span> <span class='ocrx_word' id='word_1_302' title='bbox 1408 2618 1513 2660; x_wconf 87' lang='lat' dir='ltr'>bene</span> <span class='ocrx_word' id='word_1_303' title='bbox 1545 2622 1689 2672; x_wconf 87' lang='lat' dir='ltr'>gestae</span> <span class='ocrx_word' id='word_1_304' title='bbox 1728 2622 1873 2673; x_wconf 79' lang='lat' dir='ltr'>test-es,</span> 
     </span>
     <span class='ocr_line' id='line_1_34' title="bbox 148 2689 1873 2745; baseline 0.001 -12"><span class='ocrx_word' id='word_1_305' title='bbox 148 2704 224 2734; x_wconf 89' lang='lat' dir='ltr'>nec</span> <span class='ocrx_word' id='word_1_306' title='bbox 255 2692 369 2733; x_wconf 90' lang='lat' dir='ltr'>intra</span> <span class='ocrx_word' id='word_1_307' title='bbox 401 2704 557 2745; x_wconf 90' lang='lat' dir='ltr'>paucos</span> <span class='ocrx_word' id='word_1_308' title='bbox 590 2693 715 2733; x_wconf 86' lang='lat' dir='ltr'>sistat</span> <span class='ocrx_word' id='word_1_309' title='bbox 746 2692 878 2741; x_wconf 73' lang='lat' dir='ltr'>fama,</span> <span class='ocrx_word' id='word_1_310' title='bbox 912 2692 984 2733; x_wconf 87' lang='lat' dir='ltr'>sed</span> <span class='ocrx_word' id='word_1_311' title='bbox 1018 2689 1197 2734; x_wconf 82' lang='lat' dir='ltr'>Civitate</span> <span class='ocrx_word' id='word_1_312' title='bbox 1238 2695 1329 2734; x_wconf 91' lang='lat' dir='ltr'>tota</span> <span class='ocrx_word' id='word_1_313' title='bbox 1362 2692 1572 2734; x_wconf 87' lang='lat' dir='ltr'>efferatur.</span> <span class='ocrx_word' id='word_1_314' title='bbox 1637 2695 1674 2734; x_wconf 76' lang='lat'>4.</span> <span class='ocrx_word' id='word_1_315' title='bbox 1717 2693 1873 2734; x_wconf 83' lang='lat' dir='ltr'>Invita—</span> 
     </span>
     <span class='ocr_line' id='line_1_35' title="bbox 146 2766 1873 2820; baseline 0.001 -13"><span class='ocrx_word' id='word_1_316' title='bbox 146 2767 307 2808; x_wconf 90' lang='lat' dir='ltr'>buntur</span> <span class='ocrx_word' id='word_1_317' title='bbox 346 2766 526 2820; x_wconf 90' lang='lat' dir='ltr'>denique</span> <span class='ocrx_word' id='word_1_318' title='bbox 570 2772 657 2811; x_wconf 86' lang='lat' dir='ltr'>tres</span> <span class='ocrx_word' id='word_1_319' title='bbox 699 2768 894 2815; x_wconf 78' lang='lat' dir='ltr'>Collegae</span> <span class='ocrx_word' id='word_1_320' title='bbox 934 2767 1128 2820; x_wconf 82' lang='lat' dir='ltr'>Magistri</span> <span class='ocrx_word' id='word_1_321' title='bbox 1170 2780 1262 2809; x_wconf 92' lang='lat' dir='ltr'>cum</span> <span class='ocrx_word' id='word_1_322' title='bbox 1307 2781 1482 2810; x_wconf 91' lang='lat' dir='ltr'>suorum</span> <span class='ocrx_word' id='word_1_323' title='bbox 1526 2768 1873 2810; x_wconf 84' lang='lat' dir='ltr'>Academicorum</span> 
     </span>
     <span class='ocr_line' id='line_1_36' title="bbox 146 2841 332 2885; baseline 0.016 -3"><span class='ocrx_word' id='word_1_324' title='bbox 146 2841 332 2885; x_wconf 75' lang='lat' dir='ltr'>delectis,</span> 
     </span>
    </p>

    <p class='ocr_par' dir='ltr' id='par_1_7' title="bbox 147 2916 1874 3198">
     <span class='ocr_line' id='line_1_37' title="bbox 284 2916 1872 2971; baseline 0.001 -13"><span class='ocrx_word' id='word_1_325' title='bbox 284 2918 321 2959; x_wconf 82' lang='lat'>4.</span> <span class='ocrx_word' id='word_1_326' title='bbox 357 2916 460 2967; x_wconf 85' lang='lat' dir='ltr'>Quis</span> <span class='ocrx_word' id='word_1_327' title='bbox 491 2917 607 2959; x_wconf 88' lang='lat' dir='ltr'>locus</span> <span class='ocrx_word' id='word_1_328' title='bbox 640 2920 682 2959; x_wconf 92' lang='lat' dir='ltr'>et</span> <span class='ocrx_word' id='word_1_329' title='bbox 712 2920 893 2971; x_wconf 86' lang='lat' dir='ltr'>tempus.</span> <span class='ocrx_word' id='word_1_330' title='bbox 947 2917 1128 2970; x_wconf 87' lang='lat' dir='ltr'>Tempus</span> <span class='ocrx_word' id='word_1_331' title='bbox 1160 2917 1413 2959; x_wconf 87' lang='lat' dir='ltr'>Academiae</span> <span class='ocrx_word' id='word_1_332' title='bbox 1443 2918 1731 2960; x_wconf 87' lang='lat' dir='ltr'>instituendae</span> <span class='ocrx_word' id='word_1_333' title='bbox 1763 2930 1872 2959; x_wconf 89' lang='lat' dir='ltr'>com-</span> 
     </span>
     <span class='ocr_line' id='line_1_38' title="bbox 147 2990 1874 3046; baseline 0.001 -14"><span class='ocrx_word' id='word_1_334' title='bbox 147 2990 438 3033; x_wconf 87' lang='lat' dir='ltr'>modissimum</span> <span class='ocrx_word' id='word_1_335' title='bbox 469 2992 579 3033; x_wconf 88' lang='lat' dir='ltr'>foret</span> <span class='ocrx_word' id='word_1_336' title='bbox 612 2992 811 3033; x_wconf 79' lang='lat' dir='ltr'>Festivali</span> <span class='ocrx_word' id='word_1_337' title='bbox 845 2991 923 3045; x_wconf 89' lang='lat' dir='ltr'>die,</span> <span class='ocrx_word' id='word_1_338' title='bbox 957 2991 1018 3033; x_wconf 89' lang='lat' dir='ltr'>vel</span> <span class='ocrx_word' id='word_1_339' title='bbox 1053 2991 1272 3034; x_wconf 85' lang='lat' dir='ltr'>Dominica</span> <span class='ocrx_word' id='word_1_340' title='bbox 1303 2997 1401 3045; x_wconf 89' lang='lat' dir='ltr'>post</span> <span class='ocrx_word' id='word_1_341' title='bbox 1423 2993 1633 3046; x_wconf 86' lang='lat' dir='ltr'>Vesperas</span> <span class='ocrx_word' id='word_1_342' title='bbox 1667 2993 1731 3034; x_wconf 81' lang='lat' dir='ltr'>vel</span> <span class='ocrx_word' id='word_1_343' title='bbox 1761 2993 1874 3034; x_wconf 90' lang='lat' dir='ltr'>Lita-</span> 
     </span>
     <span class='ocr_line' id='line_1_39' title="bbox 148 3065 1874 3121; baseline 0.002 -16"><span class='ocrx_word' id='word_1_344' title='bbox 148 3066 261 3121; x_wconf 85' lang='lat' dir='ltr'>nias,</span> <span class='ocrx_word' id='word_1_345' title='bbox 306 3066 406 3118; x_wconf 89' lang='lat' dir='ltr'>quia</span> <span class='ocrx_word' id='word_1_346' title='bbox 444 3070 585 3108; x_wconf 89' lang='lat' dir='ltr'>tamen</span> <span class='ocrx_word' id='word_1_347' title='bbox 625 3065 713 3108; x_wconf 89' lang='lat' dir='ltr'>fieri</span> <span class='ocrx_word' id='word_1_348' title='bbox 753 3071 918 3120; x_wconf 76' lang='lat' dir='ltr'>posset.</span> <span class='ocrx_word' id='word_1_349' title='bbox 960 3070 1009 3108; x_wconf 90' lang='lat' dir='ltr'>ut</span> <span class='ocrx_word' id='word_1_350' title='bbox 1049 3067 1287 3109; x_wconf 89' lang='lat' dir='ltr'>amoeniore</span> <span class='ocrx_word' id='word_1_351' title='bbox 1328 3068 1577 3120; x_wconf 86' lang='lat' dir='ltr'>praesertim</span> <span class='ocrx_word' id='word_1_352' title='bbox 1620 3070 1874 3120; x_wconf 87' lang='lat' dir='ltr'>tempestate</span> 
     </span>
     <span class='ocr_line' id='line_1_40' title="bbox 147 3140 1871 3198; baseline 0.002 -16"><span class='ocrx_word' id='word_1_353' title='bbox 147 3141 350 3194; x_wconf 87' lang='lat' dir='ltr'>pauculos</span> <span class='ocrx_word' id='word_1_354' title='bbox 384 3140 583 3198; x_wconf 81' lang='lat' dir='ltr'>hospites,</span> <span class='ocrx_word' id='word_1_355' title='bbox 616 3153 663 3184; x_wconf 87' lang='lat' dir='ltr'>ac</span> <span class='ocrx_word' id='word_1_356' title='bbox 695 3154 770 3183; x_wconf 89' lang='lat' dir='ltr'>nec</span> <span class='ocrx_word' id='word_1_357' title='bbox 801 3142 914 3195; x_wconf 82' lang='lat' dir='ltr'>ipsos</span> <span class='ocrx_word' id='word_1_358' title='bbox 949 3141 1141 3195; x_wconf 87' lang='lat' dir='ltr'>Collegas</span> <span class='ocrx_word' id='word_1_359' title='bbox 1164 3142 1390 3195; x_wconf 84' lang='lat' dir='ltr'>Magistros</span> <span class='ocrx_word' id='word_1_360' title='bbox 1424 3141 1652 3183; x_wconf 87' lang='lat' dir='ltr'>admodum</span> <span class='ocrx_word' id='word_1_361' title='bbox 1684 3142 1871 3185; x_wconf 76' lang='lat' dir='ltr'>volentes</span> 
     </span>
    </p>
   </div>
  </div>
 </body>
</html>
