2164 3535
696 194 969 237 Heranbildung
994 194 1058 229 der
1083 193 1220 227 Lohrer
1249 195 1346 228 1622.
1798 195 1878 235 229

205 573 257 621 F.
322 573 394 621 De
432 572 782 621 observatione
820 570 1201 634 imitationeque
1240 567 1496 618 Ciceronis
1535 576 1584 616 et
1621 567 1834 623 aliorum

736 663 994 728 puriorum
1032 669 1305 710 auctorum.

158 815 289 857 Tum
328 813 769 868 Repetentibus
809 816 924 854 tum
966 811 1430 853 Professoribus
1471 810 1878 853 humaniorum

608 894 928 936 literarum
971 891 1423 935 accommodata.

295 1021 562 1073 Observatio,
607 1021 717 1063 circa
759 1033 879 1063 voces
925 1019 1156 1072 modosque
1195 1018 1395 1072 loquendi
1437 1018 1616 1060 maxime
1656 1022 1874 1074 occupata,

155 1097 257 1140 haec
290 1097 458 1140 videtur
487 1097 722 1151 postulare:

296 1175 344 1214 19
382 1173 441 1215 Ut
481 1171 533 1214 ad
576 1184 725 1214 vocum
767 1170 1114 1225 significationem
1158 1182 1367 1223 usumque
1399 1168 1589 1211 Ciceroni
1627 1169 1875 1213 familiarem

154 1248 440 1301 attendamus,
472 1260 548 1290 nec
581 1248 711 1290 ullam
745 1258 885 1290 vocem
920 1258 1190 1299 usurpemus,
1224 1257 1334 1299 quae
1363 1257 1445 1287 non
1469 1244 1581 1299 apud
1605 1244 1788 1287 Tullium
1812 1246 1875 1288 vel

155 1324 282 1366 alium
315 1323 538 1366 classicum
570 1325 784 1365 auctorem
818 1321 1069 1375 reperiatur.

290 1401 341 1442 29
375 1399 434 1441 Ut
464 1399 576 1440 inter
607 1411 728 1440 voces
760 1410 880 1440 raras
914 1397 1207 1439 discernamus
1240 1396 1292 1438 ab
1325 1395 1638 1447 usitatioribus,
1680 1399 1874 1439 notatum

151 1474 261 1516 enim
293 1477 358 1517 est
389 1487 413 1515 a
436 1473 584 1525 doctis,
617 1473 858 1516 Ciceronem
881 1472 922 1513 in
946 1471 1247 1526 philosophicis
1271 1470 1630 1524 disputationibus
1653 1484 1702 1513 ex
1723 1471 1871 1524 priscis

151 1549 232 1592 illis
266 1549 421 1603 poetis,
464 1548 612 1599 Accio,
646 1548 823 1603 Naevio,
866 1547 1022 1598 Ennio,
1065 1548 1269 1601 Pacuvio,
1313 1546 1441 1589 verba
1471 1546 1679 1600 quaedam
1713 1547 1875 1589 rariora

152 1628 383 1679 mutuasse,
417 1637 525 1677 quae
557 1637 632 1677 pro
667 1624 878 1666 Ciceronis
912 1623 1017 1665 falso
1050 1623 1327 1666 venditantur
1359 1636 1383 1665 a
1415 1622 1681 1676 quibusdam.

288 1701 338 1743 39
374 1699 685 1741 Particularum
718 1702 766 1741 ut
798 1711 950 1751 magna
981 1698 1193 1741 habeatur
1224 1699 1346 1749 ratio,
1379 1699 1489 1740 utin
1512 1698 1768 1752 quibusdam
1791 1711 1870 1741 sua

152 1775 207 1817 sit
238 1775 461 1831 elegantia,
494 1778 541 1817 ut
572 1775 713 1817 videre
746 1777 810 1817 est
842 1774 954 1828 apud
978 1773 1262 1816 Tursellinum
1286 1773 1355 1815 lib.
1376 1773 1427 1816 de
1449 1773 1666 1827 particulis
1692 1776 1735 1816 et
1757 1773 1870 1828 apud

149 1849 455 1892 Gotschalkum
488 1849 797 1892 Stenwichium.

190 1976 192 1978 v
285 1926 337 1967 49
380 1923 607 1967 Structura
653 1925 738 1966 sive
786 1924 886 1967 ordo
935 1929 977 1967 et
1024 1924 1236 1978 colligatio
1280 1924 1404 1966 unius
1445 1924 1561 1967 verbi
1600 1935 1694 1966 cum
1736 1925 1868 1967 altero

149 2000 422 2042 examinetur.
486 2000 545 2042 Ut
585 2000 693 2041 enim
736 2000 769 2041 si
809 2000 850 2042 in
892 2001 1132 2053 germanica
1173 2000 1320 2053 lingua
1363 1999 1501 2042 dicere
1533 2000 1657 2042 velis:
1704 1999 1773 2041 ille
1807 1999 1870 2041 vir

151 2075 285 2117 bonus
317 2077 394 2130 est,
427 2075 645 2117 retinendo
679 2075 867 2118 ordinem
901 2075 1125 2118 verborum
1159 2075 1388 2117 latinorum
1417 2075 1526 2117 male
1548 2075 1722 2117 dixeris:
1758 2075 1870 2117 »Der

148 2150 276 2192 Mann
309 2152 386 2203 gut
415 2149 521 2201 ist«,
564 2150 623 2192 ita
654 2151 694 2191 in
727 2150 858 2192 latino
891 2163 1084 2193 sermone
1115 2164 1193 2193 sua
1226 2153 1291 2193 est
1323 2151 1532 2204 elegantia
1562 2150 1603 2192 in
1637 2151 1867 2193 dictionum

148 2225 342 2268 ordinata
382 2225 655 2277 connexione,
699 2226 748 2267 de
789 2238 874 2279 qua
914 2226 954 2267 in
996 2227 1082 2268 suis
1126 2226 1326 2268 centuriis
1358 2227 1505 2268 Franc.
1541 2226 1707 2280 Sylvius
1749 2228 1792 2268 et
1826 2227 1866 2268 in

147 2301 359 2354 parallelis
401 2301 666 2354 eloquentiae
712 2301 736 2342 l.
770 2303 791 2342 7
841 2301 891 2343 de
937 2301 1172 2343 elocutione
1215 2314 1245 2343 c.
1287 2304 1337 2343 15
1380 2302 1578 2344 Nicolaus
1622 2302 1864 2345 Caussinus.

147 2376 328 2429 Attingit
367 2379 410 2418 et
440 2376 683 2418 Hadrianus
717 2375 840 2418 Card.
879 2376 921 2418 in
959 2388 1036 2418 suo
1075 2376 1214 2418 libello
1254 2376 1305 2418 de
1336 2376 1466 2418 latino
1499 2388 1692 2418 sermone
1724 2377 1866 2431 aliqua

145 2450 270 2504 hujus
302 2451 477 2504 generis.

285 2527 336 2568 59
370 2526 594 2569 Formulae
632 2527 952 2582 transitionum,
993 2526 1146 2579 quibus
1180 2526 1232 2568 ab
1266 2539 1346 2568 uno
1381 2530 1631 2580 argumento
1651 2526 1717 2568 ·ad
1749 2526 1864 2569 aliud

146 2601 367 2655 transitur,
401 2615 437 2642 v.
461 2601 574 2643 modi
597 2602 870 2644 connectendi
893 2601 1059 2657 similia,
1092 2601 1323 2655 dissimilia,
1351 2602 1577 2656 contraria,
1609 2605 1658 2644 ut
1680 2602 1862 2655 augendi

145 2677 483 2730 extenuandique
515 2677 700 2720 rationes
733 2681 776 2720 et
806 2676 847 2718 id
880 2690 1012 2730 genus
1046 2677 1323 2732 occurrentia,
1356 2679 1568 2720 notentur.
1624 2678 1686 2720 De
1709 2677 1862 2731 quibus

145 2752 349 2795 Erasmus
381 2753 406 2794 l.
434 2756 453 2795 1
489 2752 540 2795 de
571 2753 701 2807 copia.

284 2829 334 2870 69
366 2828 426 2870 Ut
457 2825 699 2870 conferatur
730 2827 880 2870 modus
913 2827 1111 2880 loquendi
1135 2828 1435 2872 Ciceronianus
1459 2842 1552 2872 cum
1574 2828 1709 2871 modis
1732 2829 1861 2871 latine

145 2901 344 2955 loquendi
378 2903 516 2955 vulgo,
549 2903 898 2957 inspiciaturque,
931 2907 1092 2957 quanta
1122 2904 1163 2947 in
1195 2904 1273 2947 hoc
1306 2905 1362 2948 sit
1393 2904 1702 2947 dissimilitudo.
1757 2905 1859 2958 Ejus

144 2976 309 3029 generis
342 2978 531 3031 exempla
563 2982 762 3032 suggeret
783 2979 828 3020 P.
847 2979 975 3021 Andr.
996 2978 1196 3023 Schottus
1229 2980 1253 3022 l.
1280 2981 1303 3022 3
1333 2980 1622 3022 Tullianarum
1646 2979 1858 3033 quaestio-

144 3064 256 3093 num.
305 3051 423 3094 Idem
455 3051 526 3095 fiet
557 3066 683 3107 quam
716 3054 937 3097 utilissime
960 3067 1053 3097 cum
1076 3055 1301 3098 vernacula
1323 3055 1481 3108 lingua,
1515 3055 1634 3108 cujus
1656 3054 1858 3097 idiotismi

145 3125 400 3170 discentibus
432 3140 534 3181 prae
567 3129 698 3171 oculis
730 3133 830 3172 sunt
860 3129 1060 3186 habendi,
1093 3143 1144 3172 ne
1175 3130 1331 3173 latinus
1363 3143 1499 3173 sermo
1533 3133 1771 3173 coarctetur
1803 3129 1856 3172 ad
