2164 3535
459 204 878 240 Geschichtsunterricht
909 215 954 238 an
985 203 1053 238 den
1080 203 1367 239 oberdeutschen
1395 204 1624 248 Gymnasien.
1829 208 1904 248 111

322 346 515 397 Quarta
553 349 740 399 tempus,
779 358 861 399 quo
902 345 1118 387 Hebraeos
1157 345 1453 398 gubernarunt
1477 344 1641 398 judices
1673 345 1907 398 incipiendo

184 435 209 464 a
239 422 405 476 Moysez

323 496 509 547 Quinta
540 499 706 549 tempus
739 508 899 549 regum,
930 496 1163 550 incipiendo
1187 509 1211 537 a
1233 494 1360 537 Saule
1382 507 1517 548 usque
1541 494 1593 536 ad
1617 494 1907 548 captivitatem

184 571 485 626 Babylonicam
517 571 611 613 incl.

323 646 475 688 Sexta
516 650 682 699 tempus
726 645 967 699 pontificum
1019 658 1042 687 a
1089 646 1333 699 captivitate
1373 645 1634 700 Babylonica
1684 657 1817 698 usque
1859 644 1912 686 ad

185 721 399 763 Christum
432 723 592 762 natum.

320 795 634 847 Notandum,
667 794 793 850 quod,
827 807 920 837 cum
953 795 1150 848 periodus
1187 799 1204 837 1
1242 799 1284 838 et
1314 798 1337 837 2
1371 798 1436 838 vix
1469 797 1805 851 complectantur
1827 798 1912 839 suf-

181 869 386 912 ficientem
422 870 641 911 materiam
674 882 750 924 pro
783 869 1082 911 exercitatione
1104 870 1359 921 solemniori,
1392 871 1490 912 addi
1512 872 1670 925 poterit
1693 872 1911 913 dimidium

182 945 343 999 periodi
376 946 399 987 3
432 957 566 998 usque
599 945 652 986 ad
686 945 980 997 migrationem
1013 944 1160 987 Jacobi
1192 945 1466 988 Patriarchae
1497 947 1538 988 in
1567 947 1807 1001 Aegyptum
1841 946 1907 989 vel

183 1033 317 1074 usque
349 1021 402 1062 ad
434 1020 660 1073 Iosephum
692 1020 945 1074 Aegyptium
969 1053 976 1060 .
1004 1053 1010 1060 .
1037 1052 1045 1061 .

320 1095 572 1149 paradigma
610 1095 921 1148 quaesitorum,
965 1095 1018 1136 ad
1061 1096 1180 1148 cnjus
1222 1095 1500 1137 imitationem
1543 1096 1626 1138 alia
1667 1097 1718 1138 (le
1762 1098 1909 1150 quavis

183 1171 360 1213 materia
405 1170 606 1213 historica
653 1169 796 1212 confici
853 1170 1039 1224 possint,
1092 1170 1157 1212 hic
1205 1170 1448 1224 adjunxisse
1494 1183 1576 1212 non
1623 1172 1770 1214 inutile
1817 1173 1910 1214 erit.

915 1363 1180 1405 Methodus

349 1444 776 1486 exercitationum
817 1447 1199 1486 menstruarum
1238 1445 1400 1487 minus
1440 1445 1751 1487 solemnium.

322 1564 358 1603 1.
392 1559 574 1613 Singulis
606 1560 818 1602 mensibus
852 1560 916 1602 vel
950 1559 1099 1612 quovis
1132 1560 1335 1613 bimestri,
1370 1564 1418 1602 ut.
1448 1561 1582 1613 magis
1615 1564 1904 1615 opportunum

182 1636 406 1691 videbitur,
438 1636 652 1689 quaelibet
681 1635 825 1678 schola
847 1636 993 1678 diebus
1022 1636 1295 1679 recreationis
1330 1649 1453 1678 mane
1475 1637 1625 1679 ultima
1646 1637 1785 1679 media
1806 1637 1911 1680 hora

183 1711 378 1753 instituet
408 1711 651 1753 exercitium
682 1710 943 1765 historicum,
978 1710 1228 1753 defendente
1260 1725 1343 1753 uno
1376 1711 1440 1754 vel
1473 1712 1653 1767 duobus,
1685 1714 1908 1766 praesente

182 1786 270 1828 solo
301 1786 504 1839 magistro
536 1786 601 1828 vel
634 1787 758 1828 etiarn
796 1787 840 1828 P.
875 1786 1093 1829 Praefecto
1133 1790 1175 1829 et
1212 1787 1514 1840 magistrorum
1553 1801 1635 1830 uno
1673 1788 1738 1830 vel
1777 1788 1910 1830 altero

181 1864 364 1917 tantum,
397 1865 439 1904 et
469 1861 613 1905 schola
646 1862 944 1905 confoederata
976 1863 1039 1905 vel
1062 1863 1241 1917 integra,
1273 1863 1337 1905 vel
1361 1863 1653 1906 selectioribus
1680 1863 1907 1917 discipulis.

320 1939 357 1980 2.
392 1937 651 1981 Exercitium
684 1939 934 1981 instituetur
950 1939 1074 1992 juxta
1096 1938 1342 1981 methodum
1366 1952 1496 1994 supra
1519 1939 1788 1995 descriptam,
1821 1940 1910 1982 sine

181 2013 479 2056 distributione
501 2015 938 2068 quaestiuncularum,
972 2015 1060 2057 sinc
1083 2014 1352 2057 solemnitate
1374 2015 1474 2066 alia;
1508 2019 1550 2057 et
1582 2015 1908 2068 respondebitur

179 2101 229 2130 ex
261 2089 439 2131 materia
470 2101 553 2131 non
586 2089 691 2132 adeo
724 2090 876 2144 ampla.

400 2442 720 2498 Verordnung
759 2445 879 2487 iiber
920 2444 998 2487 (lie
1037 2444 1364 2498 „Rudimenta
1403 2444 1685 2488 historica“.

983 2520 1104 2561 1727.

662 2634 732 2676 De
764 2633 908 2675 novis
940 2633 1134 2676 libellis
1166 2634 1420 2677 hitoricis.

596 2716 690 2758 Pro
733 2716 778 2758 P.
818 2715 1085 2758 Praefecto
1125 2720 1175 2759 et
1216 2716 1494 2770 Magistris.

492 2806 569 2851 (Ex
593 2807 744 2843 archiv.
770 2808 850 2843 Pro
876 2807 1060 2844 German.
1087 2807 1127 2844 S.
1153 2794 1209 2854 5.,
1235 2808 1307 2844 sub
1332 2819 1373 2844 n.
1400 2808 1446 2844 V.
1473 2819 1510 2844 a.
1530 2808 1588 2853 6.)

316 2897 425 2933 Diese
444 2898 683 2942 Verordnung
706 2899 911 2934 bezweckte
939 2899 996 2934 die
1023 2899 1237 2943 allgemeine
1256 2899 1488 2947 Einfiihrung
1513 2900 1577 2935 der
1604 2900 1769 2936 »Rudim
1797 2901 1901 2936 hist«

177 2965 244 2990 von
272 2956 359 2991 1727
386 2955 424 2990 in
449 2955 518 2990 den
545 2955 830 2991 oberdeutschen
855 2956 879 2990 J
888 2956 1222 3001 esuitenkollegien.
1274 2958 1349 2993 Der
1375 2968 1513 3002 genaue
1540 2958 1635 2993 Titel
1662 2964 1784 2993 unten.

317 3050 354 3089 1.
389 3048 492 3090 Vult
521 3049 621 3091 Rev.
661 3049 705 3090 P.
744 3049 1038 3106 Provincialis,
1078 3052 1127 3092 ut
1166 3050 1418 3104 opusculum
1457 3051 1639 3104 primum
1683 3051 1734 3094 de
1775 3051 1901 3094 rebus

176 3122 339 3166 biblicis
372 3126 538 3166 tantum
572 3124 879 3168 rudimentistis
914 3125 1158 3180 explicetur.
