2164 3535
654 220 1008 256 Clerical-Seminar
1032 220 1068 254 in
1095 220 1282 253 Bruntrut.
1324 222 1421 255 1713.
1814 223 1895 263 329

176 364 218 404 et
248 362 523 405 directionem
556 362 788 416 reliquerit,
821 362 1158 414 impressumque
1198 358 1348 411 gallico
1381 362 1423 401 et
1454 359 1586 401 latino
1618 358 1818 400 idiomate
1849 359 1896 400 li-

174 437 330 479 bellum
371 450 447 490 per
485 437 656 479 modum
689 437 906 491 Epistolae
948 434 1180 477 Pastoralis
1222 433 1379 487 ubique
1418 433 1607 475 locorum
1649 433 1899 487 vulgaverit,

176 512 217 553 in
250 524 332 565 quo
365 512 493 553 erecti
523 511 729 564 nobisque
760 511 908 553 traditi
936 510 1149 553 seminarii
1173 523 1338 565 causas,
1369 512 1536 563 tempus
1565 512 1607 550 et
1639 508 1900 551 conditiones

175 586 280 627 illud
311 585 592 628 subeuntibus
625 588 811 627 statutas
844 585 1043 641 explicat,
1086 598 1168 627 non
1201 585 1291 627 sine
1330 597 1496 627 summa
1528 583 1752 626 Societatis
1793 595 1902 624 com-

175 660 456 709 mendatione,
487 672 614 713 quam
637 659 690 701 ob
714 660 832 701 varia
853 663 943 700 tum
966 660 1191 713 praecipue
1215 659 1266 701 ob
1288 673 1440 713 puram
1464 662 1506 702 et
1528 671 1626 700 vere
1649 657 1903 711 apostolico-

176 747 393 776 romanam
427 734 661 776 doctrinam
695 733 810 775 miris
844 734 1006 775 extollit
1036 734 1234 775 laudibus
1265 735 1465 788 Princeps
1506 747 1602 776 vere
1641 733 1898 776 Catholicus.

313 809 484 851 Festiva
514 809 645 861 igitur
676 809 725 849 D.
761 809 1060 860 Evangelistae
1092 809 1233 850 Lucae
1266 809 1370 863 [die]
1405 809 1690 851 Seminarium
1722 808 1800 850 hoc
1842 807 1903 849 in-

175 883 254 926 coli
297 886 492 936 coeptum
533 886 598 925 est
636 895 661 924 a
698 882 901 924 tredecim
942 882 1126 935 Ephebis
1169 895 1263 925 cum
1313 882 1410 924 bino
1453 883 1744 934 Moderatore,
1797 895 1903 935 quos

175 958 296 1000 annis
339 958 551 1011 prioribus
595 970 670 999 arx
710 957 915 1010 Principis
958 957 1191 1010 Inquilinos
1234 970 1282 999 ac
1314 958 1519 999 Alumnos
1562 957 1767 999 habebat:
1815 957 1903 999 Hos

178 1035 311 1077 altero
358 1046 452 1076 mox
500 1034 567 1076 die
617 1034 795 1075 insecuti
856 1035 956 1075 sunt
1001 1033 1098 1074 DD.
1141 1033 1290 1075 Clerici
1339 1045 1431 1074 cum
1479 1032 1566 1074 suis
1613 1032 1904 1074 Directoribus

179 1109 344 1151 duobus
387 1108 544 1150 nostris
576 1108 788 1150 Patribus.
852 1107 955 1149 Fixa
996 1107 1175 1149 necdum
1221 1107 1363 1149 domui
1406 1106 1519 1148 iusta
1552 1106 1783 1159 Fundatio,
1831 1118 1906 1147 nec

178 1184 444 1226 oeconomiae
486 1195 587 1225 cura
627 1182 678 1224 ad
719 1184 887 1224 nostros
929 1182 1131 1235 pertinet,
1175 1181 1249 1223 sed
1293 1181 1428 1224 victus
1467 1181 1635 1223 interim
1667 1181 1824 1234 partim
1857 1194 1906 1222 ex

178 1259 276 1300 aula
307 1258 621 1314 suppeditatur,
655 1259 809 1311 partim
843 1258 895 1299 ab
927 1258 1030 1312 ipsis
1054 1256 1376 1300 Convictoribus
1407 1256 1599 1298 solvitur.
1655 1255 1830 1298 Censuit
1853 1255 1906 1296 ad

178 1334 362 1375 natalem
402 1345 537 1386 usque
569 1333 738 1375 Domini
771 1333 1091 1375 Ecclesiasticos
1135 1332 1394 1386 quindecim,
1435 1344 1541 1385 quos
1579 1332 1690 1373 inter
1721 1330 1908 1383 quinque

177 1408 412 1451 sacerdotio
458 1408 724 1461 inaugurati,
773 1421 878 1461 quos
933 1421 1026 1450 cum
1084 1407 1262 1449 caeteris
1309 1419 1431 1449 sacra
1478 1407 1528 1448 D.
1576 1406 1715 1448 Patris
1763 1405 1908 1448 solitu-

180 1484 275 1525 dine
309 1483 493 1525 exerceri
535 1483 667 1525 voluit
699 1481 947 1539 [Princepsfl.
1011 1482 1250 1535 Finguntnr
1290 1482 1331 1523 hi
1371 1481 1424 1523 ad
1466 1482 1609 1523 munia
1651 1494 1728 1523 5110
1776 1481 1909 1523 statui

178 1559 351 1613 propria
391 1558 608 1612 principiis
646 1571 695 1600 ex
736 1557 822 1599 vita
854 1557 1121 1610 potissimum
1160 1557 1350 1599 interiori
1382 1556 1538 1609 petitis.
1604 1555 1802 1606 Quotidie
1833 1568 1909 1608 per

180 1634 433 1676 semihoram
473 1634 753 1687 meditantur,
795 1633 858 1675 bis
902 1633 1145 1675 examinant
1184 1633 1397 1674 internum
1437 1632 1601 1673 animae
1641 1633 1824 1681 statium
1868 1633 1911 1672 et

181 1710 392 1752 Corollam
435 1709 670 1751 Marianam
718 1709 898 1750 recitant
972 1708 1192 1750 Docentur
1237 1711 1460 1762 praeterea
1508 1707 1614 1748 ritus
1662 1705 1909 1759 officiorum,

183 1787 353 1826 cantum
386 1784 708 1837 gregorianum,
740 1787 1102 1825 sacramentorum
1137 1782 1569 1834 administrationem,
1612 1780 1783 1822 modum
1817 1792 1912 1822 con-

182 1859 388 1901 cionandi.
452 1859 535 1902 Ubi
578 1859 620 1900 in
654 1858 874 1900 Seminarii
918 1858 1070 1900 sacello
1113 1858 1164 1899 ad
1206 1870 1371 1899 omnem
1414 1856 1666 1910 elegantiam
1709 1859 1910 1897 exornato

185 1934 322 1988 prima
352 1934 441 1976 vice
473 1933 715 1976 solemniter
747 1933 1002 1974 celebratum
1037 1934 1141 1985 est¹)
1182 1931 1221 1973 S.
1257 1932 1411 1974 Missae
1452 1930 1722 1983 sacrificium⁷
1764 1930 1913 1972 aderat

183 2010 360 2052 Celsm‘?S
421 2009 620 2062 Princeps
664 2021 689 2050 a
731 2009 773 2049 Ρ.
808 2009 1026 2050 Directore
1073 2011 1399 2060 extemporanea
1449 2006 1639 2047 oratione
1683 2005 1910 2055 salutatus,

185 2085 333 2127 aderat
374 2088 417 2126 et
448 2085 619 2126 RevfflkIS
651 2084 700 2125 D.
737 2083 1039 2136 Suffraganeus
1074 2116 1081 2124 .
1117 2115 1125 2123 .
1162 2116 1197 2137 .,
1236 2085 1328 2124 tota
1369 2081 1574 2134 Principis
1617 2081 1715 2122 aula
1756 2083 1799 2121 et
1839 2080 1913 2121 tri-

185 2161 302 2213 ginta
341 2159 506 2202 circiter
537 2158 783 2212 Toparchae
822 2162 992 2211 praeter
1032 2158 1174 2211 plures
1215 2157 1318 2199 alios
1357 2157 1519 2210 primae
1552 2155 1796 2197 Nobilitatis
1830 2156 1912 2196 Do-

185 2235 319 2276 minos
353 2234 405 2276 ad
438 2233 622 2275 natalem
645 2233 851 2287 Principis
884 2232 1181 2274 celebrandum
1214 2232 1280 2274 hic
1313 2232 1522 2273 collectos.
1581 2231 1688 2272 Tota
1719 2230 1914 2272 solemni-

187 2313 252 2351 tas
284 2309 396 2350 inter
427 2309 537 2351 solos
563 2308 785 2350 Seminarii
810 2307 1130 2349 Ecclesiasticos
1154 2308 1274 2349 stetit
1296 2320 1344 2348 eo
1369 2306 1553 2359 liquidae
1575 2306 1746 2358 pietatis
1773 2318 1912 2354 sensu,

188 2387 236 2425 ut
268 2384 472 2437 primores
505 2384 662 2436 quique
694 2383 759 2423 vix
793 2395 816 2423 a
849 2381 1045 2435 lacrymis
1079 2381 1290 2423 abstinere
1322 2381 1538 2435 potuerint
1571 2384 1790 2422 cernentes
1825 2383 1912 2421 tam

188 2459 407 2512 praeclara
438 2458 535 2500 novi
567 2458 781 2500 seminarii
813 2456 996 2499 exordia.
1047 2456 1275 2498 Cantatum
1298 2459 1521 2508 praeterea
1552 2454 1604 2496 ab
1627 2454 1785 2496 eisdem
1809 2454 1913 2495 hora

190 2546 301 2575 nona
342 2532 525 2574 officium
565 2532 742 2585 singulis
785 2532 933 2573 diebus
976 2531 1130 2572 festum
1164 2530 1210 2571 B.
1245 2530 1415 2571 Xaverii
1456 2530 1509 2571 ad
1549 2533 1741 2571 octavam
1780 2542 1915 2583 usque

192 2607 569 2662 consequentibns,
623 2610 818 2649 cantatae
862 2607 962 2647 item
1010 2605 1115 2646 hora
1160 2607 1213 2646 4³}-
1252 2605 1331 2647 sub
1379 2617 1600 2658 vesperum
1646 2604 1694 2645 B.
1729 2604 1915 2657 Virginis

190 2683 363 2725 litaniae
396 2683 624 2724 maximum
656 2683 709 2724 ad
733 2682 935 2735 templum
959 2683 1202 2722 nostrorum
1226 2680 1443 2722 concivere
1474 2680 1625 2722 civium
1650 2691 1913 2721 concursum.

332 2834 357 2877 1)
384 2832 468 2867 Cod.
499 2831 698 2867 »celebrat«
