2164 3535
349 209 667 253 Neubestatigung
691 209 755 244 der
780 208 999 251 Privilegien
1025 207 1089 242 der
1114 206 1154 240 G.
1182 205 1215 240 J.
1243 204 1357 240 durch
1382 204 1456 239 Leo
1485 205 1581 238 XIII.
1636 206 1731 240 1886.
1820 208 1893 247 58]

183 350 236 392 ad
267 353 440 393 nostrae
472 349 597 404 hujus
621 348 910 391 Ordinationis
942 359 1134 389 normam
1166 345 1353 388 inchoari
1386 346 1532 398 queat:
1566 343 1641 385 has
1673 356 1770 385 vero
1794 343 1903 385 litte-

183 439 252 469 ras
283 428 453 468 nostras
487 425 529 466 in
562 424 668 466 libro
703 423 1027 466 Ordinationum
1061 420 1331 464 Generalium
1364 418 1654 462 inscribendas
1687 421 1816 460 curet.

733 497 990 541 Commendo
1023 509 1089 539 1116
1122 495 1200 538 88.
1235 494 1314 537 88.

239 595 398 636 Romae
433 595 497 634 11.
522 591 625 634 Maii
661 592 782 634 1858.

1446 691 1626 734 vaw

1369 766 1524 809 Servus
1557 766 1598 807 in
1631 766 1715 808 Xto

1310 841 1460 883 Petrus
1494 841 1634 883 Beckx
1668 840 1708 882 S.
1733 840 1771 882 J.

181 1199 691 1273 Neubest‘atigung
756 1197 855 1251 der
919 1195 1267 1268 Privilegien
1345 1194 1444 1247 der
1511 1190 1904 1247 Gesellschaft

564 1296 708 1350 ,16511
753 1295 931 1348 durch
978 1292 1161 1366 Papst
1203 1292 1323 1346 Leo
1373 1289 1526 1345 XIII.

840 1391 913 1437 13.
952 1387 1061 1436 Juli
1104 1389 1246 1435 1886.

321 1494 436 1529 Unter
461 1493 558 1528 diese
585 1492 805 1536 Privilegien
832 1491 941 1526 fallen
967 1490 1061 1525 auch
1088 1489 1144 1524 die
1172 1488 1533 1532 Vergunstigungen,
1567 1486 1700 1521 welche
1733 1496 1800 1520 von
1835 1485 1903 1519 den

182 1552 464 1587 verschiedenen
485 1551 643 1597 Papsten
663 1551 727 1585 der
747 1549 990 1585 Gesellschaft
1006 1549 1098 1584 Jesu
1124 1547 1182 1583 fiir
1200 1547 1277 1582 ihre
1298 1546 1454 1582 Schulen
1473 1545 1633 1589 gegeben
1650 1543 1793 1578 worden
1813 1542 1902 1577 sind.

768 1739 921 1789 Leo
971 1736 1101 1789 PP.
1149 1736 1312 1787 XIII.

625 1829 697 1872 Ad
738 1831 981 1873 futuram
1024 1828 1102 1870 rei
1141 1826 1466 1870 memoriam.

322 1947 524 1989 Dolemus
556 1947 667 1989 inter
698 1947 793 1999 6116,
826 1945 979 1999 quibus
1013 1957 1084 1986 cor
1114 1946 1307 1985 nostrum
1340 1942 1379 1983 in
1413 1943 1533 1982 tanta
1565 1951 1707 1981 rerum
1737 1942 1903 1991 pertur-

185 2022 356 2065 batione
390 2023 580 2077 angitur,
613 2022 788 2063 iniurias
822 2024 864 2062 et
895 2020 1049 2062 damna
1086 2019 1205 2061 illata
1236 2016 1443 2070 religiosis
1475 2014 1751 2067 Regularium
1784 2013 1904 2055 Ordi-

182 2110 283 2139 num
306 2096 490 2153 familiis,
534 2110 658 2151 quae,
691 2110 715 2139 a
736 2095 1012 2139 sanctissimis
1034 2095 1256 2137 institutae
1278 2092 1393 2143 viris,
1426 2103 1578 2143 magno
1601 2089 1696 2131 usui
1719 2091 1761 2130 et
1783 2101 1904 2130 orna-

184 2176 331 2214 mento
364 2175 454 2214 tum
488 2172 720 2214 catholicae
754 2171 981 2226 Ecclesiae,
1024 2173 1115 2212 tum
1148 2169 1256 2211 civili
1289 2168 1414 2210 etiam
1449 2166 1641 2208 societati
1684 2163 1902 2206 commodo

183 2249 225 2290 et
257 2247 433 2289 utilitati
465 2250 578 2303 sunt,
611 2259 805 2300 quaeque
838 2246 949 2288 omni
980 2247 1169 2298 tempore
1202 2243 1253 2285 de
1284 2242 1485 2295 religione
1508 2253 1555 2282 ac
1579 2240 1700 2281 bonis
1724 2238 1901 2289 artibus,

183 2322 319 2376 deque
351 2322 586 2364 animarum
620 2321 758 2363 salute
790 2321 946 2374 optime
976 2321 1236 2361 meruerunt.
1286 2317 1518 2370 Propterea
1549 2314 1680 2356 Nobis
1714 2316 1779 2355 est
1810 2325 1904 2365 gra·

184 2402 295 2453 tum,
335 2397 480 2439 oblata
518 2397 756 2451 occasione,
798 2395 987 2449 laudem,
1029 2407 1138 2447 quae
1170 2393 1317 2435 iisdem
1359 2389 1566 2443 religiosis
1607 2388 1774 2430 familiis
1813 2388 1905 2429 iure

184 2472 419 2526 meritoque
452 2471 643 2527 debetur,
676 2471 885 2526 tribuere,
918 2473 960 2512 et
990 2468 1338 2522 benevolentiam,
1372 2478 1455 2519 qua
1487 2477 1579 2519 eas,
1611 2464 1673 2505 uti
1706 2466 1747 2505 et
1778 2463 1905 2504 Prae-

185 2548 427 2591 decessores
460 2547 621 2603 Nostri,
655 2546 987 2600 complectimur,
1021 2543 1187 2597 publice
1219 2545 1261 2584 et
1291 2541 1431 2595 palam
1463 2538 1624 2581 testari.

325 2624 517 2666 Iamvero
550 2635 682 2676 quum
714 2621 954 2663 noverimus
986 2618 1179 2673 pluribus
1213 2616 1363 2658 abhinc
1401 2615 1520 2657 annis
1553 2625 1704 2655 novam
1737 2611 1905 2654 inchoa-

192 2701 279 2741 tam
312 2711 404 2741 esse
446 2698 672 2740 editionem
703 2696 863 2750 operis,
906 2695 970 2737 cui
1002 2693 1152 2735 titulus
1198 2691 1471 2733 »Institutum
1504 2688 1725 2731 Societatis
1757 2687 1905 2741 Jesu«,

190 2786 368 2827 eamque
400 2786 424 2815 a
458 2772 608 2815 dilecto
640 2771 725 2813 filio
757 2770 938 2812 Antonio
960 2768 1096 2810 Maria
1116 2765 1357 2819 Anderledy
1380 2764 1546 2806 Vicario
1580 2762 1765 2816 generali
1798 2761 1905 2804 eius-

194 2849 288 2892 dem
322 2848 545 2891 Societatis
578 2847 702 2897 Jesu,
736 2845 905 2888 assiduo
938 2843 1077 2887 studio
1111 2840 1409 2885 absolvendam
1442 2838 1600 2893 curari,
1633 2837 1906 2889 eiusdemque

196 2924 333 2978 operis
366 2923 504 2966 adhuc
537 2921 767 2965 desiderari
799 2920 973 2970 librum,
1005 2919 1046 2960 in
1079 2930 1161 2971 quo
1195 2915 1462 2970 Apostolicae
1493 2914 1660 2955 litterae
1690 2912 1907 2966 praefatae

191 2999 408 3054 Societati,
441 2999 617 3051 eiusque
647 2995 883 3039 institutori
915 2996 1061 3036 sancto
1095 2992 1257 3046 Ignatio
1292 2991 1343 3032 de
1374 2989 1534 3043 Loyola
1575 2987 1750 3040 aliisque
1782 2987 1907 3028 Prae-

188 3074 336 3129 positis
368 3073 636 3127 generalibus
669 3072 794 3114 datae
825 3070 1051 3124 habentur,
1082 3069 1189 3110 hanc
1213 3065 1494 3120 arripiendam
1518 3063 1757 3106 censuimus
1791 3073 1906 3103 occa-

188 3150 348 3192 sionem
380 3148 602 3191 exhibendi
633 3148 816 3191 Nostrae
848 3157 948 3199 erga
981 3144 1234 3187 Societatem
1258 3142 1376 3195 1656,
1408 3139 1574 3194 egregie
1607 3138 1657 3180 de
1690 3150 1734 3179 re
1767 3136 1907 3178 catho-
