2164 3535
243 265 327 307 564
685 261 912 307 Anordnung
936 261 998 297 des
1025 262 1078 307 3j.
1105 261 1236 307 philos.
1262 261 1400 297 Kurses
1429 264 1527 298 1858.

248 394 387 437 minus
420 393 572 449 priori,
604 392 646 435 in
680 405 763 447 quo
796 391 980 446 plurima
1011 391 1158 434 insunt
1188 391 1379 445 pericula
1410 404 1458 434 ac
1491 390 1786 448 difficultates,
1825 392 1979 436 adhae-

243 473 347 512 reat.
411 469 571 512 Caveat
602 480 725 524 vere,
764 480 818 509 ne
850 467 1030 509 aliorum
1074 467 1298 510 sententiis
1332 467 1489 510 erroris
1522 470 1667 510 notam
1708 467 1871 511 facilius
1903 469 1979 510 tri-

245 545 364 602 buat,
396 548 472 587 aut
494 558 556 600 ea,
589 557 712 600 quae,
745 544 825 586 etsi
848 542 990 599 dubia,
1024 543 1207 585 innocua
1227 544 1370 585 tamen
1393 547 1505 597 sunt,
1541 544 1680 587 acrius
1702 544 1979 598 perstringat.

386 622 451 663 12.
496 620 662 673 Agatur
684 619 810 661 etiam
834 619 913 662 hoc
945 619 1036 661 loco
1068 618 1234 673 plenius
1258 618 1310 660 de
1337 618 1485 673 Judicii
1507 622 1678 675 natura,
1711 623 1840 672 atque
1871 619 1978 661 illud

244 709 327 739 non
371 696 630 751 voluntatis,
680 694 754 737 sed
795 695 1035 737 intellectus
1077 696 1220 736 actum
1263 694 1449 737 elicitum
1493 707 1586 737 esse
1627 695 1845 749 probetur.
1916 695 1980 738 De

245 772 494 827 attentione,
525 769 766 826 reflexione,
799 770 993 812 idearum
1026 769 1321 825 associatione,
1355 770 1684 824 reproductione
1716 774 1760 813 et
1790 770 1981 824 recogni-

246 847 370 890 tione.
420 847 483 890 De
518 847 701 902 loquela,
736 847 827 900 ejus
860 845 1036 900 origine,
1070 844 1258 887 utilitate
1289 847 1330 887 et
1358 846 1628 902 necessitate,
1660 845 1733 888 ubi
1767 846 1981 889 refutandi

245 926 346 965 sunt
377 922 701 965 Traditionales.

385 999 450 1040 13.
484 997 548 1041 De
571 998 763 1052 appetitu
788 997 1005 1053 sensitivo,
1038 997 1089 1039 de
1112 997 1332 1039 voluntate
1354 1001 1397 1039 et
1418 996 1551 1039 libero
1584 997 1765 1040 hominis
1788 998 1978 1041 arbitrio.

386 1075 450 1116 14.
499 1072 563 1116 De
595 1074 761 1115 animae
792 1073 1004 1115 humanae
1035 1072 1358 1114 immortalitate
1392 1076 1434 1114 et
1476 1072 1626 1114 ultimo
1658 1071 1762 1123 fine,
1807 1073 1859 1115 de
1900 1073 1980 1116 hoc

243 1153 385 1192 tamen
417 1149 617 1205 breviter,
650 1149 837 1191 uberiori
870 1148 1126 1191 tractatione
1159 1148 1201 1189 in
1234 1148 1433 1190 Ethicam
1465 1147 1608 1190 dilata.

384 1226 447 1267 15.
497 1225 560 1267 De
592 1225 669 1267 Dei
701 1224 936 1267 existentia.
1001 1224 1080 1266 Hic
1113 1223 1388 1278 ostendatur,
1433 1223 1699 1266 existentiam
1733 1224 1810 1266 Dei
1854 1236 1979 1278 posse

243 1306 286 1343 et
317 1301 472 1343 debere
504 1314 554 1343 ex
587 1300 804 1343 effectibus
838 1300 1136 1355 demonstrari,
1169 1303 1299 1352 atque
1331 1299 1562 1353 praecipua
1584 1302 1850 1356 argumenta,
1886 1300 1977 1354 qui-

243 1376 322 1419 bus
355 1376 687 1433 demonstratur,
720 1376 944 1429 diligenter
975 1376 1248 1430 explicentur.

385 1454 449 1494 16.
498 1452 561 1494 De
593 1452 670 1494 Dei
702 1452 867 1494 unitate
899 1455 1028 1506 atque
1060 1451 1279 1493 attributis
1312 1451 1534 1505 absolutis,
1566 1451 1772 1505 singulari
1805 1451 1980 1506 diligen-

244 1528 303 1570 tia
335 1528 612 1584 ostendendo,
646 1529 782 1570 Deum
815 1540 907 1570 esse
940 1540 1037 1570 vere
1069 1516 1295 1578 infinitum,
1329 1531 1565 1584 aeternum,
1597 1528 1866 1583 immensum,
1899 1528 1975 1570 im-

244 1603 517 1657 mutabilem,
559 1604 942 1659 simplicissimum,
984 1607 1126 1645 actum
1160 1603 1459 1658 purissimum,
1502 1603 1634 1645 vitam
1675 1603 1977 1646 intellectivam

243 1679 561 1736 subsistentem,
594 1682 643 1721 ut
667 1680 941 1722 confutentur
963 1680 1219 1721 recentiores
1242 1678 1529 1729 Pantheistae,
1564 1679 1721 1733 quippe
1743 1680 1817 1733 qui
1839 1679 1976 1722 Deum

244 1756 403 1798 faciant
435 1769 508 1798 ens
529 1755 810 1809 indefinitum,
844 1755 1089 1809 potentiale,
1122 1755 1328 1797 mutabile
1352 1759 1408 1811 et,
1442 1759 1490 1797 ut
1512 1757 1647 1812 aJ'unt,
1680 1756 1975 1810 impersonale.

386 1835 449 1873 17.
501 1832 563 1873 De
596 1831 736 1874 divino
769 1831 987 1873 intellectu
1020 1835 1062 1873 et
1087 1831 1322 1886 voluntate,
1355 1831 1427 1872 ubi
1450 1830 1577 1885 hujus
1610 1831 1785 1874 libertas
1816 1830 1977 1874 indiffe-

245 1908 418 1962 rentiae,
452 1907 703 1962 praesertim
736 1907 777 1948 in
811 1907 1006 1962 creando,
1040 1906 1363 1960 diligentissime
1386 1906 1725 1959 demonstretur3
1760 1911 1975 1950 caeterum

246 1983 297 2025 de
329 1996 391 2034 ea,
426 1983 537 2026 sicut
570 1983 698 2025 etiam
730 1983 782 2025 de
814 1983 891 2025 Dei
918 1983 1089 2036 justitia
1121 1987 1164 2025 et
1195 1983 1386 2025 bonitate
1418 1995 1580 2025 necnon
1614 1983 1665 2025 de
1697 1984 1979 2037 praescientia

243 2059 377 2101 libera
408 2058 676 2114 futurorum,
721 2059 781 2101 ita
812 2059 1047 2112 agendum,
1089 2063 1136 2101 ut
1169 2059 1222 2101 ad
1255 2059 1568 2102 controversias
1601 2059 1861 2113 theologicas
1893 2072 1976 2101 non

244 2134 505 2177 deflectatur.

387 2212 450 2253 18.
477 2210 713 2253 Creationis
732 2211 916 2264 genuina
933 2211 1103 2253 notione
1123 2210 1445 2263 diligentissime
1463 2210 1685 2266 explicata,
1709 2210 1976 2266 ostendatur,

244 2286 449 2328 mundum
482 2300 619 2340 neque
652 2299 700 2329 ex
724 2286 904 2328 materia
926 2286 1185 2340 praeJacenti
1219 2285 1340 2338 effici,
1374 2298 1511 2339 neque
1547 2298 1594 2328 ex
1626 2286 1704 2328 Dei
1735 2286 1978 2329 substantia

246 2375 443 2405 emanare
466 2362 669 2417 potuisse,
693 2374 945 2415 omnemque
968 2374 1056 2403 rem
1074 2365 1261 2404 creatam
1280 2363 1372 2403 tota
1396 2361 1580 2404 essentia
1602 2374 1627 2403 a
1650 2362 1738 2404 Deo
1762 2361 1974 2404 diversam

245 2451 349 2480 esse.
394 2438 637 2488 Quaeratur
659 2438 801 2493 etiam,
825 2450 876 2479 an
901 2442 1074 2480 aeterna
1098 2437 1255 2479 creatio
1279 2437 1492 2491 possibilis
1513 2437 1656 2493 fuerit,
1679 2441 1721 2479 et
1745 2439 1900 2490 agatur
1922 2436 1973 2478 de

246 2513 393 2555 mundi
416 2512 672 2567 perfectione
706 2516 834 2566 atque
868 2513 1019 2555 ultimo
1050 2512 1146 2565 fine,
1180 2513 1436 2567 optimismo,
1469 2512 1541 2566 qui
1574 2512 1742 2568 dicitur,
1775 2512 1973 2554 refutato.

386 2590 451 2631 19.
500 2588 693 2642 Denique
737 2588 788 2631 de
829 2602 1036 2631 concursu
1080 2589 1157 2630 Dei
1198 2588 1251 2630 ad
1299 2591 1593 2630 creaturarum
1644 2587 1853 2642 actiones,
1902 2587 1974 2641 qui

245 2677 269 2705 a
298 2664 617 2706 conservatione
650 2676 877 2707 causarum
911 2668 1152 2706 creatarum
1175 2663 1401 2706 distinctus
1425 2675 1518 2706 esse
1541 2665 1827 2716 monstretur3
1860 2665 1975 2716 post-

245 2751 360 2781 remo
394 2739 445 2781 de
477 2739 743 2793 providentia
776 2740 930 2795 divina,
963 2740 1091 2783 etiam
1123 2739 1234 2782 circa
1265 2739 1389 2782 mala.

819 2947 1146 3003 Philosophia
1187 2949 1406 2991 moralis.

388 3066 422 3105 1.
472 3063 534 3106 De
566 3062 864 3116 Philosophiae
896 3064 1067 3107 moralis
1100 3064 1263 3118 objecto
1296 3067 1337 3106 et
1369 3063 1610 3118 partitione.

384 3141 421 3180 2.
470 3138 533 3180 De
565 3138 658 3189 fine,
693 3139 800 3180 bono
833 3143 876 3180 et
907 3139 1016 3181 malo
1050 3140 1296 3192 generatim.
1361 3139 1422 3180 De
1458 3139 1605 3180 ultimo
1649 3137 1729 3179 line
1769 3139 1811 3179 et
1842 3136 1971 3179 beati·

246 3213 393 3257 tudine
428 3214 631 3264 hominis3
665 3214 716 3256 de
749 3213 874 3268 hujus
906 3215 1018 3257 vitae
1050 3215 1340 3258 destinatione.
