2164 3535
362 231 512 275 Beding.
526 232 548 265 f.
564 231 597 266 d.
611 230 816 265 Aufnahme
834 229 963 273 adelig.
977 228 1076 272 Zogl.
1094 228 1150 263 ins
1164 226 1256 262 Sem.
1270 237 1315 261 zu
1329 226 1456 261 Fulda.
1483 226 1552 261 Um
1568 228 1666 262 1620.
1791 228 1872 269 289

351 588 840 670 Papstliches
896 587 1237 646 Seminar
1291 607 1372 645 zu
1429 586 1683 645 Fulda.

159 824 594 897 Anordnungen
639 823 781 877 iiber
825 824 916 878 die
950 822 1276 876 Aufnahme
1308 822 1564 895 adeliger
1593 822 1878 896 Zo’glinge

423 928 482 980 in
526 928 630 982 das
674 927 926 981 Fuldaer
968 926 1292 1000 p'apstliche
1338 926 1612 981 Seminar.

607 1038 1043 1087 Wahrscheinlich
1081 1055 1167 1085 um
1210 1039 1355 1086 1620.

388 1258 610 1306 Puncta
647 1257 878 1322 aliquot
913 1255 1298 1322 proponenda
1334 1255 1639 1305 nobilibus

192 1351 528 1413 Alumnis⁷
588 1350 700 1415 qui
756 1350 819 1398 in
884 1348 1335 1397 pontificium
1395 1348 1850 1398 Seminarium

438 1441 732 1491 Fuldense
770 1440 1128 1490 admittendi
1166 1450 1595 1508 proponuntur.

731 1546 846 1591 (cod.
873 1545 960 1581 col.
986 1546 1090 1591 priv.
1115 1545 1189 1582 foi.
1209 1545 1320 1590 342.)

300 1660 336 1699 1.
386 1656 482 1699 Sint
512 1657 674 1700 nobiles
707 1658 916 1711 equestris
950 1657 1107 1700 ordinis
1138 1658 1204 1700 vel
1243 1657 1347 1700 alias
1388 1657 1594 1711 probatae
1632 1657 1881 1714 nobilitatis,

158 1732 333 1785 legitimi
385 1745 549 1785 omnes,
598 1746 646 1774 ex
694 1732 936 1785 regionibus
977 1732 1180 1784 Saxonia,
1228 1733 1400 1788 Hassia,
1447 1732 1620 1787 Misnia‚
1669 1733 1883 1789 Turingia‚

159 1807 424 1861 Westphalia
455 1807 634 1849 oriundi.

297 1883 335 1923 2.
369 1882 479 1924 Ante
511 1895 667 1924 annum
702 1884 753 1924 15
785 1894 867 1924 non
900 1882 1170 1938 recipientur,
1201 1882 1282 1924 nisi
1315 1882 1367 1924 ob
1399 1882 1627 1937 ingenium,
1660 1887 1885 1936 parentum

158 1957 311 2000 merita
343 1961 386 2000 et
417 1957 521 1999 alias
554 1957 893 2000 circumstantias
937 1957 1218 2011 dispensetur.
1281 1958 1328 1999 In
1370 1957 1503 1999 literis
1546 1961 1689 1999 autem
1731 1962 1774 2000 et
1814 1958 1889 2000 lin-

160 2044 267 2086 guae
298 2032 455 2074 latinae
488 2032 740 2074 rudimentis
775 2032 835 2074 ita
868 2033 1097 2086 profecisse
1120 2032 1288 2086 debent,
1321 2036 1369 2073 ut
1400 2032 1452 2074 ad
1477 2032 1714 2075 Secundam
1737 2032 1887 2075 Gram-

161 2108 340 2150 maticae
372 2107 511 2150 idonei
543 2108 649 2162 sint,
694 2111 768 2150 aut
809 2108 960 2150 saltem
998 2120 1081 2150 non
1114 2107 1246 2149 multo
1289 2112 1479 2161 tempore
1521 2107 1574 2150 ad
1615 2120 1707 2150 eam
1750 2109 1888 2162 aptari

161 2186 331 2237 queant.

301 2259 337 2299 3.
386 2258 480 2300 Non
518 2258 604 2299 sint
646 2258 835 2300 moribus
877 2258 1017 2312 asperi
1057 2262 1100 2300 et
1139 2258 1452 2309 intractabiles,
1500 2258 1574 2300 sed
1620 2259 1787 2312 ingenio
1836 2260 1889 2302 ad

162 2333 308 2375 literas
341 2336 383 2375 et
414 2334 616 2387 pietatem
649 2333 928 2375 hauriendam
951 2336 1050 2386 apto
1074 2345 1122 2375 ac
1145 2345 1370 2387 propenso,
1403 2333 1645 2376 valetudine
1668 2339 1889 2387 praeterea

164 2410 206 2449 et
237 2412 411 2450 externa
441 2408 581 2462 specie
614 2408 886 2462 corporisque
919 2408 1221 2450 constitutione
1253 2408 1537 2450 conveniente.

302 2484 340 2523 4.
390 2482 688 2525 Observabunt
721 2495 865 2524 omnes
910 2483 1023 2535 leges
1056 2486 1098 2525 et
1129 2482 1332 2536 probatas
1365 2483 1691 2526 consuetudines
1725 2483 1886 2527 domus.

302 2559 340 2597 5.
391 2557 588 2599 Contenti
620 2562 746 2600 erunt
777 2570 924 2599 mensa
956 2558 1166 2599 communi
1199 2562 1486 2609 caeterorum,
1525 2571 1635 2611 quae
1667 2560 1764 2602 talis
1797 2560 1890 2613 erit,

164 2634 214 2672 ut
244 2631 407 2673 nobiles
440 2632 728 2675 adolescentes
761 2645 810 2675 ea
843 2632 992 2674 merito
1026 2633 1212 2674 contenti
1245 2633 1340 2674 sint.

309 2708 344 2748 6.
395 2706 607 2749 Semestre
640 2707 766 2749 datur
799 2706 852 2748 ad
885 2719 1030 2748 00111111
1073 2706 1286 2759 ingenium
1319 2711 1360 2749 et
1399 2707 1582 2750 indolem
1615 2708 1891 2763 probandam,

174 2793 256 2833 quo
290 2781 491 2835 temporis
533 2783 672 2835 spatio
712 2782 753 2823 in
787 2781 1021 2823 Seminario
1054 2781 1197 2823 vivent
1238 2785 1411 2835 sumptu
1443 2782 1668 2825 Pontificis.
1734 2783 1893 2834 Quodsi

170 2854 334 2897 interea
372 2857 528 2910 reperti
570 2856 726 2898 fuerint
767 2857 820 2898 ad
860 2857 1122 2910 disciplinam
1161 2869 1243 2899 non
1283 2857 1422 2900 idonei
1470 2859 1535 2901 vel
1582 2859 1892 2901 conditionibus

172 2930 386 2983 requisitis
419 2931 634 2987 destituti,
674 2931 842 2973 domum
876 2931 1168 2987 remittentur,
1206 2932 1317 2974 sicut
1348 2937 1390 2974 et
1420 2937 1517 2986 post
1552 2934 1593 2974 id
1634 2939 1821 2986 tempus,
1861 2934 1894 2975 si

173 3005 392 3057 contingat
422 3018 493 3047 eos
525 3005 615 3047 fieri
647 3006 739 3059 alijs
771 3006 932 3061 noxios,
966 3009 1041 3047 aut
1062 3019 1156 3048 cum
1181 3007 1379 3049 scandalo
1404 3008 1687 3062 refractarios,
1721 3012 1763 3050 et
1784 3009 1894 3050 nolle

173 3079 474 3133 Superioribus
506 3084 549 3122 et
578 3081 743 3134 legibus
776 3081 1068 3124 communibus
1101 3081 1406 3136 obtemperare.

313 3156 335 3168 ,-

320 3167 349 3195 c.
398 3154 447 3196 In
477 3155 567 3208 ipso
600 3155 794 3208 ingressu
826 3156 1038 3209 deponent
1070 3158 1124 3198 20
1156 3156 1400 3210 Imperiales
1433 3158 1546 3210 apud
1567 3158 1893 3199 Procuratorem

249 3231 279 3256 M
282 3239 438 3257 nnnnnnnn
459 3232 631 3258 Germaniae
650 3232 856 3265 paedagogica
875 3232 952 3258 XVI.
1628 3227 1667 3260 19
