2164 3535
398 238 607 273 Beibericht
633 238 696 272 der
722 235 1148 272 Studien-Kommissare
1173 245 1237 269 zur
1262 234 1304 269 R.
1332 238 1374 269 st.
1401 243 1469 268 von
1498 236 1596 269 18:32.
1777 237 1859 277 497

279 379 328 421 N.
353 375 445 423 130.
522 378 593 420 Ad
634 390 731 431 reg.
777 377 930 420 eamd.
1000 375 1145 418 Additi
1193 374 1407 418 vernaculi
1454 377 1650 416 auctores
1691 378 1866 427 propter

142 454 255 496 dicta
286 467 324 495 n.
350 455 402 495 25
436 454 460 506 ξ
483 455 518 494 2.

279 534 329 576 N.
345 530 441 577 131.
502 533 571 574 Ad
613 545 709 586 reg.
744 531 897 574 eamd.
965 534 1013 574 19
1048 532 1279 573 Immutata
1319 533 1383 572 est
1413 529 1516 571 haec
1548 541 1647 583 pars
1680 528 1865 583 regulae,

144 610 264 664 quia,
306 621 400 650 cum
435 608 524 661 jam
566 608 607 649 in
649 619 847 660 suprema
888 607 1165 659 grammatica
1205 606 1428 647 didicerint
1468 607 1601 646 artem
1634 604 1869 655 metricam,

143 683 426 726 necessarium
458 695 540 724 non
574 682 741 724 videtur
773 685 975 723 semestre
1007 683 1191 735 spatium
1225 681 1277 722 ad
1312 693 1403 722 eam
1436 679 1725 734 repetendam,
1757 678 1869 720 unde

144 759 353 812 reliquum
386 761 567 810 tempus,
599 759 695 810 post
718 756 1011 810 compendium
1035 756 1302 807 Rhetoricae,
1335 755 1496 798 utiliter
1517 754 1705 808 impendi
1727 756 1868 807 potest

144 834 185 875 in
217 833 469 886 specialibus
501 832 737 885 praeceptis
770 831 810 872 in
846 831 992 883 regula
1026 830 1279 884 designatis;
1312 834 1440 883 atque
1472 829 1568 871 inde
1591 830 1716 871 etiam
1739 828 1871 871 levior

146 909 193 950 fit
216 907 335 950 labor
357 908 397 949 in
424 906 665 961 Rhetorica,
698 906 737 947 in
763 918 847 958 qua
873 906 961 959 Jam
986 918 1066 946 non
1090 909 1190 947 sunt
1211 905 1289 946 nisi
1314 905 1509 958 graviora
1530 907 1757 958 praecepta
1786 907 1872 945 tra—

146 983 294 1025 denda.
359 983 410 1024 29
444 982 676 1034 Praecepta
718 981 886 1034 linguae
931 992 1107 1033 graecae
1147 979 1334 1021 indicata
1373 983 1474 1022 sunt
1509 979 1632 1031 juxta
1675 979 1787 1021 dicta
1819 978 1871 1020 ad

147 1071 186 1100 n.
224 1058 317 1099 104.

286 1132 334 1174 N.
361 1127 454 1175 132.
512 1131 582 1173 Ad
616 1143 711 1184 reg.
739 1132 778 1172 2.
839 1131 944 1173 Cum
977 1131 1018 1172 in
1050 1130 1129 1172 hac
1162 1132 1204 1172 et
1235 1129 1504 1171 inferioribus
1536 1129 1710 1183 scholis,
1744 1131 1873 1182 prout

148 1207 327 1261 praefati
369 1219 535 1257 sumus,
577 1209 744 1259 tempus
788 1205 1090 1258 assignandum
1133 1208 1246 1247 esset
1287 1204 1543 1246 institutioni
1582 1204 1751 1256 linguae
1783 1215 1873 1244 ver-

149 1282 324 1324 naculae
356 1285 399 1324 et
428 1281 680 1323 facultatum
714 1281 1059 1331 accessoriarum,
1092 1280 1237 1322 eodem
1268 1279 1470 1334 temporis
1502 1279 1657 1334 spatio,
1691 1278 1873 1320 duarum

149 1357 308 1399 scilicet
348 1369 441 1398 cum
484 1356 656 1398 dimidia
688 1356 908 1411 horarum,
951 1358 1246 1411 permanente,
1289 1354 1526 1397 necessario
1560 1353 1872 1396 contrahendae

150 1433 325 1473 fuerunt
347 1431 668 1473 exercitationes
686 1432 775 1485 Jam
799 1433 1041 1481 consuetae,
1072 1443 1120 1472 eo
1143 1429 1236 1481 fine,
1260 1432 1308 1471 ut
1329 1432 1420 1471 tum
1443 1442 1566 1471 mane
1588 1433 1680 1471 tum
1704 1440 1876 1481 vespere.

150 1506 361 1549 semihora
383 1510 638 1559 superesset,
661 1518 769 1559 quae
791 1506 960 1557 linguae
984 1505 1237 1547 vernaculae
1264 1507 1307 1546 et
1329 1504 1574 1546 accessoriis
1597 1504 1877 1546 tribueretur:

151 1582 229 1624 nisi
263 1582 374 1623 enim
408 1585 570 1623 certum
603 1585 770 1634 tempus
800 1582 1076 1631 statueretur,
1110 1592 1193 1633 quo
1216 1579 1280 1621 his
1305 1579 1534 1633 disciplinis
1557 1579 1699 1621 vacari
1720 1580 1877 1633 posset,

153 1656 278 1698 facile
313 1656 636 1698 obsolescerent.
705 1656 820 1698 Haec
852 1655 995 1697 studia
1025 1655 1180 1697 nostris
1213 1654 1475 1708 temporibus
1517 1654 1641 1707 plane
1681 1657 1781 1696 sunt
1811 1665 1881 1695 ne-

153 1732 350 1773 cessaria.
398 1731 678 1773 Nihilominus
701 1731 745 1772 P.
771 1731 1013 1784 Deputatus
1036 1730 1185 1772 ltaliae
1209 1733 1365 1781 censet,
1389 1729 1430 1771 in
1455 1729 1657 1771 divisione
1679 1728 1879 1782 temporis

155 1806 396 1859 antiquitus
421 1806 633 1860 descripta
664 1806 766 1847 nihil
790 1805 1016 1847 admodum
1049 1818 1141 1847 esse
1172 1804 1502 1846 immutandum:
1540 1807 1588 1847 19
1622 1804 1722 1857 quia
1743 1806 1880 1857 putat,

157 1881 402 1923 divisionem
447 1881 499 1923 ab
543 1882 634 1923 aliis
667 1881 928 1934 propositam
961 1893 1052 1923 esse
1084 1893 1226 1922 veram
1260 1879 1674 1922 reformationem
1706 1878 1880 1920 rationis

155 1956 415 2011 studiorum,
457 1957 509 1998 ad
542 1968 668 2010 quam
702 1955 1179 1998 accommodandam
1220 1955 1386 1997 solum
1419 1954 1756 2008 temporibus,
1797 1965 1881 1994 non

154 2044 253 2073 vero
286 2031 339 2073 ad
371 2031 683 2073 reformandam
715 2044 790 2085 per
822 2031 984 2073 litteras
1018 2031 1065 2072 A.
1090 2031 1137 2072 R.
1162 2031 1206 2072 P.
1232 2031 1282 2071 N.
1316 2031 1453 2072 vocati
1487 2042 1633 2072 sumus
1652 2065 1661 2078 ,
1704 2028 1883 2070 maxime

156 2119 250 2148 cum
290 2106 531 2160 hujusmodi
574 2107 817 2149 reformatio
860 2119 952 2148 esse
991 2109 1135 2159 posset
1175 2105 1416 2148 domesticis
1459 2104 1729 2155 offendiculo,
1777 2103 1881 2145 risui

157 2182 388 2227 extra11eis;
437 2184 487 2223 29
521 2182 621 2235 quia
653 2182 800 2224 utilius
833 2182 949 2223 ducit
980 2185 1145 2234 tempus
1178 2181 1360 2222 solidum
1396 2181 1509 2222 hisce
1541 2178 1881 2222 institutionibus

156 2257 421 2312 impendere,
465 2269 590 2309 quam
633 2256 802 2298 easdem
845 2256 1074 2298 subsecivis
1116 2256 1244 2297 horae
1285 2255 1478 2308 partibus
1512 2254 1707 2301 delibari;
1750 2265 1882 2306 quare

152 2331 317 2386 judicat
358 2332 564 2385 optimum
606 2331 721 2373 factu
760 2330 872 2381 fore,
917 2331 949 2372 si
991 2334 1158 2384 tempus
1191 2330 1255 2372 his
1289 2330 1520 2383 disciplinis
1552 2328 1880 2382 impendendum

158 2407 435 2460 permittatur
475 2406 650 2448 arbitrio
692 2407 1025 2459 praefectorum,
1069 2406 1154 2460 qui,
1198 2405 1354 2447 auditis
1398 2404 1636 2457 magistris,
1686 2405 1883 2455 factaque

160 2482 239 2523 sibi
281 2494 305 2523 a
337 2481 589 2523 Provinciali
630 2483 865 2535 potestate,
907 2483 1073 2534 tempus
1118 2480 1378 2536 indicarent,
1421 2492 1504 2533 quo
1536 2479 1600 2522 his
1633 2478 1784 2521 studiis
1817 2490 1885 2519 va-

166 2555 346 2597 candum
381 2559 503 2598 esset.
568 2555 706 2606 Quare
739 2569 772 2597 e.
807 2568 844 2609 g.
878 2556 1009 2598 statui
1041 2558 1186 2609 posset
1215 2556 1381 2608 longius
1414 2559 1580 2608 tempus
1613 2554 1679 2596 die
1704 2553 1813 2607 jovis
1846 2555 1889 2594 et

162 2631 368 2673 sabbatho
412 2631 654 2673 accessoriis
697 2630 947 2683 dicandum,
990 2631 1029 2672 in
1071 2630 1224 2684 quibus
1269 2630 1363 2671 dein
1407 2630 1552 2684 optimi
1594 2629 1751 2682 quique
1793 2640 1886 2681 per-

163 2705 391 2747 ficerentur
433 2718 508 2759 per
550 2704 811 2747 academicos
858 2709 1105 2750 conventus:
1161 2707 1212 2748 39
1252 2705 1352 2758 quia
1398 2704 1631 2759 existimat,
1677 2715 1759 2744 non
1799 2702 1887 2744 sine

164 2793 314 2834 magno
348 2780 600 2822 detrimento
632 2780 801 2833 linguae
832 2783 924 2821 tum
954 2781 1112 2822 latinae
1145 2784 1235 2822 tum
1269 2792 1445 2833 graecae
1477 2779 1617 2820 induci
1650 2778 1757 2819 hanc
1798 2790 1888 2818 mu-

164 2857 385 2907 tationem3
426 2856 536 2910 perit
567 2856 677 2898 enim
710 2855 772 2897 his
806 2855 958 2908 linguis
991 2855 1198 2908 quidquid
1232 2854 1476 2897 accessoriis
1510 2853 1735 2903 tribuitur,
1777 2851 1889 2893 ideo-

165 2944 247 2985 que
295 2932 530 2974 accessoria
572 2931 791 2985 dicuntur,
838 2943 890 2971 ne
931 2930 1135 2982 genuinas
1179 2930 1305 2972 rebus
1349 2928 1612 2983 gravioribus
1654 2927 1780 2968 horas
1821 2926 1885 2967 de-

166 3006 350 3048 trahant.
415 3031 465 3037 —
529 3006 608 3047 Alii
649 3018 747 3048 vero
780 3005 858 3046 PP.
894 3005 1097 3058 Deputati
1130 3004 1411 3058 respondent:
1464 3006 1514 3045 19
1548 3006 1692 3044 utrum
1724 3004 1890 3042 mutata

168 3081 315 3123 divisio
359 3081 560 3135 temporis
602 3080 902 3123 reformatio
944 3079 1020 3133 sit,
1067 3092 1118 3120 an
1162 3077 1515 3130 accommodatiO,
1562 3089 1606 3118 se
1644 3075 1890 3129 permittere

168 3156 334 3198 omnino
375 3156 534 3210 judicio
566 3156 613 3197 A.
639 3156 684 3197 R.
709 3155 753 3196 P.
779 3155 824 3196 N.
864 3154 1030 3196 Interea
1071 3157 1247 3208 putant,
1289 3153 1427 3207 posita
1458 3151 1708 3194 necessitate
1740 3149 1890 3192 horum

238 3234 430 3260 Monumenta
450 3232 626 3259 Germaniae
645 3231 849 3265 Paedagogica
868 3229 945 3257 XVI·
1615 3221 1660 3253 32
