2164 3535
207 174 290 216 240
620 173 799 208 Gretser’s
825 173 1020 208 Mecoenas
1046 172 1288 207 studiosorum
1314 183 1526 218 pauperum.

206 314 393 368 scripsit3
437 327 485 356 eo
524 314 693 367 quidem
733 315 896 366 fructu,
936 327 1060 368 quem
1103 327 1184 356 non
1226 313 1362 356 solum
1394 314 1435 356 in
1469 314 1661 368 pluribus
1693 317 1930 361 Academiis

206 401 253 431 ac
275 389 516 443 Gymnasiis
549 389 738 431 eiusdem
762 388 1002 444 Societatis,
1035 389 1141 431 bene
1169 401 1349 442 magnus
1373 388 1672 432 Studiosorum
1694 404 1928 445 pauperum

205 478 407 507 numerus
441 465 693 518 gratissimis
728 464 877 506 animis
910 464 1143 507 liberaliter
1173 477 1284 506 nunc
1316 465 1494 518 percipit
1525 467 1652 519 atque
1683 469 1731 508 ut
1762 479 1933 521 speran-

205 540 318 595 dum,
351 541 392 582 in
425 541 512 582 dies
545 540 678 593 magis
711 544 991 593 percepturus
1024 543 1102 595 est,
1135 540 1210 582 sed
1243 541 1386 591 etiam,
1419 541 1491 594 qui
1523 541 1565 582 in
1594 554 1790 594 magnam
1814 542 1931 585 Chri-

204 617 367 658 stianae
400 616 515 669 Reip.
543 615 771 658 utilitatem
803 616 1015 658 uberrime
1048 616 1271 659 redundat.
1321 617 1564 659 Permultos
1597 618 1706 659 enim
1739 618 1813 660 tali
1844 618 1931 672 pio-

205 705 298 734 rum
331 691 519 734 subsidio
552 703 600 733 ac
629 691 884 733 liberalitate
905 692 946 734 in
977 692 1129 734 studiis
1160 692 1329 734 adiutos
1365 693 1490 734 variis
1520 693 1561 734 in
1585 692 1685 735 locis
1708 706 1931 736 numerare

203 767 313 823 licet,
345 768 417 820 qui
449 767 489 808 in
524 779 594 808 eos
627 779 802 809 euasere
833 767 959 819 viros,
999 771 1046 809 ut
1077 779 1231 820 magna
1262 768 1433 821 pietatis
1466 772 1508 810 et
1540 768 1758 811 doctrinae
1788 769 1928 821 laude,

203 843 407 895 insignem
446 856 556 885 nunc
594 843 704 899 Deo,
744 848 786 886 et
827 845 959 898 ipsius
993 845 1209 887 Ecclesiae
1249 845 1289 886 in
1331 845 1568 887 animarum
1606 845 1745 887 salute
1782 858 1931 899 procu-

203 919 337 961 randa
367 923 586 972 praestent
619 932 810 973 operam,
853 920 965 962 haud
999 921 1159 974 absque
1197 934 1370 962 suorum
1402 921 1693 963 Mecoenatum
1725 925 1931 975 perpetua

203 995 316 1048 apud
344 995 475 1037 bonos
500 1007 643 1038 omnes
667 996 1042 1047 commendatione,
1076 996 1455 1050 laudatissimaque
1478 997 1694 1047 memoria,
1727 1001 1781 1049 et,
1815 998 1928 1051 quod

203 1074 330 1124 caput
366 1074 444 1121 est,
477 1071 720 1123 eorundem,
754 1071 867 1125 apud
889 1071 1075 1113 DEUM
1099 1072 1303 1114 bonorum
1338 1073 1523 1114 omnium
1554 1077 1929 1128 remuneratorem,

203 1147 384 1188 maximo
422 1147 585 1188 merito.
659 1147 817 1189 Verum
855 1148 956 1201 quia
996 1147 1121 1190 huius
1155 1148 1347 1201 opusculi
1379 1149 1655 1202 exemplaria,
1695 1161 1788 1190 cum
1822 1149 1929 1201 aliis,

203 1223 274 1275 qui
315 1235 441 1276 saepe
480 1222 750 1265 vehementer
787 1236 836 1265 ea
874 1223 1149 1279 expetebant,
1191 1224 1444 1266 laboriosius
1486 1224 1567 1266 huc
1600 1237 1734 1278 usque
1767 1225 1928 1266 calamo

203 1298 501 1340 communicari
535 1300 748 1354 poterant,
780 1298 863 1340 imo
897 1299 949 1340 ob
982 1312 1262 1342 amanuenses
1294 1300 1432 1341 minus
1462 1299 1623 1356 doctos,
1656 1300 1783 1342 variis
1816 1313 1928 1342 men-

202 1373 265 1415 dis
299 1374 479 1416 obnoxia
510 1374 644 1427 magis
678 1374 985 1425 reddebantur,
1017 1388 1099 1417 non
1132 1375 1381 1431 defuerunt,
1415 1376 1486 1429 qui
1518 1376 1590 1417 illa
1622 1378 1787 1429 (utpote
1820 1388 1928 1417 com-

203 1449 317 1490 muni
349 1450 442 1491 luce
473 1462 555 1491 non
589 1450 778 1503 indigna)
819 1451 930 1504 typis
964 1451 1203 1504 evulganda
1235 1456 1510 1501 censuerunt,
1551 1464 1645 1494 cum
1677 1455 1725 1493 ut
1757 1451 1927 1493 illorum

202 1524 325 1567 lectio
358 1526 534 1579 gratior,
567 1539 757 1580 ususque
789 1527 929 1583 latior,
961 1530 1051 1569 tum
1085 1528 1211 1570 etiam
1245 1530 1289 1570 vt
1310 1528 1373 1571 his
1405 1528 1506 1582 ipsis
1531 1527 1740 1570 Studiosis
1773 1540 1929 1581 paupe-

202 1601 333 1656 ribus,
367 1601 480 1655 apud
513 1602 679 1655 piorum
713 1608 876 1644 mentes
898 1603 994 1644 inde
1016 1604 1338 1659 permovendas,
1372 1604 1514 1646 vtilior
1535 1603 1656 1645 foret.
1705 1603 1925 1655 Augustae

203 1676 365 1718 Vindel.
412 1676 676 1731 12.Ma1·tij,
725 1678 815 1731 ipso
864 1678 904 1720 S.
945 1678 1136 1732 Gregorij
1186 1692 1422 1732 pauperum
1470 1679 1644 1720 Patroni
1690 1679 1797 1720 festo
1845 1678 1925 1727 die,

201 1753 321 1795 Anno
359 1754 479 1795 1620.

858 1977 1009 2020 index
1040 1979 1273 2032 capitum.

342 2092 372 2133 Ι.
407 2092 687 2135 Contribuere
718 2092 877 2146 aliquid
910 2092 963 2134 ad
995 2092 1264 2134 fundationes
1304 2105 1379 2146 pro
1413 2092 1554 2144 egenis
1587 2092 1924 2135 adolescentibus

408 2168 706 2223 instituendas,
738 2169 918 2211 maxime
949 2169 1064 2222 pium
1095 2172 1137 2210 et
1165 2168 1354 2210 salutare
1376 2181 1482 2219 esse,
1514 2168 1720 2222 probatur
1741 2168 1923 2222 primum

408 2257 457 2286 ex
489 2245 699 2287 communi
731 2245 894 2287 ratione
927 2244 1231 2298 eleemosynae.

323 2331 374 2373 ΙΙ.
411 2332 755 2386 Eleemosynam,
787 2345 871 2386 qua
903 2332 1021 2385 egeni
1053 2332 1342 2374 adolescentes
1375 2334 1691 2386 sustentantur,
1725 2344 1816 2373 esse
1851 2344 1925 2384 per

409 2421 453 2449 se
484 2408 717 2462 loquendo,
750 2409 837 2450 Deo
871 2408 1121 2463 gratiorem,
1163 2411 1206 2448 et
1236 2406 1468 2459 utiliorem,
1502 2420 1629 2460 quam
1662 2407 1718 2448 sit
1749 2407 1924 2448 eleemo-

407 2496 513 2537 syna
545 2484 637 2537 alijS
670 2484 812 2537 egenis
845 2483 1013 2526 collata.

294 2569 370 2610 ΙΙΙ.
404 2569 492 2612 Deo
525 2570 688 2623 gratius
721 2573 762 2612 et
795 2569 1068 2622 Reipublicae
1100 2569 1246 2611 utilius
1278 2581 1392 2621 esse,
1431 2568 1465 2611 si
1498 2569 1599 2622 quid
1632 2569 1922 2622 eleemosynae

408 2646 703 2688 contribuatur
735 2645 788 2687 ad
820 2645 1109 2688 fundationem
1142 2646 1183 2687 in
1217 2645 1425 2687 communi
1453 2658 1528 2698 pro
1558 2645 1701 2686 multis
1730 2658 1856 2698 quam
1888 2645 1923 2687 si

408 2721 674 2775 eleemosyna
706 2721 794 2763 sine
826 2721 1111 2774 perpetuitate
1144 2719 1398 2762 conferatur.

308 2806 376 2848 IV.
411 2807 492 2849 Per
529 2807 838 2860 eleemosynam
877 2807 930 2848 ad
968 2807 1257 2849 fundationem
1300 2820 1376 2860 pro
1409 2807 1550 2861 egenis
1584 2807 1921 2850 adolescentibus

409 2883 628 2938 collatam,
675 2882 871 2925 satisfieri
917 2895 1040 2936 posse
1080 2886 1305 2937 praecepto
1348 2884 1533 2925 naturali
1574 2888 1616 2926 et
1657 2884 1820 2937 diuino,
1868 2883 1919 2925 de

409 2957 674 3011 eleemosyna
705 2957 858 3010 danda,
891 2959 1076 3011 itemque
1110 2958 1160 3001 de
1192 2958 1480 3001 satisfactione
1511 2959 1791 3012 suscipienda.

329 3045 377 3087 V.
411 3044 757 3086 Contributiones
796 3043 850 3086 ad
887 3044 1114 3086 seminaria
1145 3044 1432 3086 studiosorum
1465 3044 1778 3087 adolescentum
1811 3045 1915 3085 mul-

408 3122 497 3161 tum
530 3133 555 3161 a
586 3120 746 3174 legibus
780 3120 974 3162 ciuilibus
1008 3120 1304 3164 commendari.
