<?xml version="1.0" encoding="UTF-8"?>
<!DOCTYPE html PUBLIC "-//W3C//DTD XHTML 1.0 Transitional//EN"
    "http://www.w3.org/TR/xhtml1/DTD/xhtml1-transitional.dtd">
<html xmlns="http://www.w3.org/1999/xhtml" xml:lang="en" lang="en">
 <head>
  <title>
</title>
<meta http-equiv="Content-Type" content="text/html;charset=utf-8" />
  <meta name='ocr-system' content='tesseract 3.04.00' />
  <meta name='ocr-capabilities' content='ocr_page ocr_carea ocr_par ocr_line ocrx_word'/>
</head>
<body>
  <div class='ocr_page' id='page_1' title='image "./ratiostudiorumet16jesu_0461.png"; bbox 0 0 2216 3556; ppageno 0'>
   <div class='ocr_carea' id='block_1_1' title="bbox 491 189 1901 235">
    <p class='ocr_par' dir='ltr' id='par_1_1' title="bbox 491 189 1901 235">
     <span class='ocr_line' id='line_1_1' title="bbox 491 189 1901 235; baseline -0.001 -9"><span class='ocrx_word' id='word_1_1' title='bbox 491 191 593 226; x_wconf 86' lang='lat' dir='ltr'>Neue</span> <span class='ocrx_word' id='word_1_2' title='bbox 620 191 983 235; x_wconf 78' lang='lat' dir='ltr'>Studienvorschlage</span> <span class='ocrx_word' id='word_1_3' title='bbox 1010 191 1074 226; x_wconf 88' lang='lat' dir='ltr'>der</span> <span class='ocrx_word' id='word_1_4' title='bbox 1098 190 1297 226; x_wconf 82' lang='lat' dir='ltr'><strong>deutschen</strong></span> <span class='ocrx_word' id='word_1_5' title='bbox 1322 189 1474 225; x_wconf 88' lang='lat' dir='ltr'>Provinz</span> <span class='ocrx_word' id='word_1_6' title='bbox 1503 192 1600 226; x_wconf 89' lang='lat'>1830.</span> <span class='ocrx_word' id='word_1_7' title='bbox 1819 195 1901 235; x_wconf 83' lang='lat'>437</span> 
     </span>
    </p>
   </div>
   <div class='ocr_carea' id='block_1_2' title="bbox 177 331 1906 1138">
    <p class='ocr_par' dir='ltr' id='par_1_2' title="bbox 177 331 1906 1138">
     <span class='ocr_line' id='line_1_2' title="bbox 183 331 1901 386; baseline 0 -11"><span class='ocrx_word' id='word_1_8' title='bbox 183 332 381 386; x_wconf 89' lang='lat' dir='ltr'>gantibus</span> <span class='ocrx_word' id='word_1_9' title='bbox 413 334 656 375; x_wconf 79' lang='lat' dir='ltr'>evocentur:</span> <span class='ocrx_word' id='word_1_10' title='bbox 689 331 878 386; x_wconf 89' lang='lat' dir='ltr'>profecto</span> <span class='ocrx_word' id='word_1_11' title='bbox 910 331 964 374; x_wconf 90' lang='lat' dir='ltr'>ad</span> <span class='ocrx_word' id='word_1_12' title='bbox 997 331 1153 374; x_wconf 91' lang='lat' dir='ltr'>bonum</span> <span class='ocrx_word' id='word_1_13' title='bbox 1188 343 1431 374; x_wconf 88' lang='lat' dir='ltr'>successum</span> <span class='ocrx_word' id='word_1_14' title='bbox 1454 332 1696 374; x_wconf 80' lang='lat' dir='ltr'>tentaminis</span> <span class='ocrx_word' id='word_1_15' title='bbox 1719 332 1901 375; x_wconf 89' lang='lat' dir='ltr'>multum</span> 
     </span>
     <span class='ocr_line' id='line_1_3' title="bbox 177 406 1901 462; baseline -0.001 -12"><span class='ocrx_word' id='word_1_16' title='bbox 177 409 361 462; x_wconf 75' lang='lat' dir='ltr'>juvaret,</span> <span class='ocrx_word' id='word_1_17' title='bbox 393 408 427 450; x_wconf 90' lang='lat' dir='ltr'>si</span> <span class='ocrx_word' id='word_1_18' title='bbox 458 420 540 450; x_wconf 91' lang='lat' dir='ltr'>non</span> <span class='ocrx_word' id='word_1_19' title='bbox 572 408 650 450; x_wconf 92' lang='lat' dir='ltr'>nisi</span> <span class='ocrx_word' id='word_1_20' title='bbox 683 408 829 461; x_wconf 87' lang='lat' dir='ltr'>optimi</span> <span class='ocrx_word' id='word_1_21' title='bbox 861 421 910 450; x_wconf 93' lang='lat' dir='ltr'>ex</span> <span class='ocrx_word' id='word_1_22' title='bbox 941 420 1196 461; x_wconf 87' lang='lat' dir='ltr'>unaquaque</span> <span class='ocrx_word' id='word_1_23' title='bbox 1227 406 1370 450; x_wconf 88' lang='lat' dir='ltr'>schola</span> <span class='ocrx_word' id='word_1_24' title='bbox 1392 420 1485 450; x_wconf 90' lang='lat' dir='ltr'>sese</span> <span class='ocrx_word' id='word_1_25' title='bbox 1516 407 1570 449; x_wconf 90' lang='lat' dir='ltr'>ad</span> <span class='ocrx_word' id='word_1_26' title='bbox 1600 407 1706 449; x_wconf 91' lang='lat' dir='ltr'>illud</span> <span class='ocrx_word' id='word_1_27' title='bbox 1727 420 1901 450; x_wconf 81' lang='lat' dir='ltr'>examen</span> 
     </span>
     <span class='ocr_line' id='line_1_4' title="bbox 183 481 1905 537; baseline 0 -12"><span class='ocrx_word' id='word_1_28' title='bbox 183 483 393 525; x_wconf 85' lang='lat' dir='ltr'>sisterent.</span> <span class='ocrx_word' id='word_1_29' title='bbox 454 482 549 524; x_wconf 90' lang='lat' dir='ltr'>Alia</span> <span class='ocrx_word' id='word_1_30' title='bbox 587 495 717 524; x_wconf 87' lang='lat' dir='ltr'>causa</span> <span class='ocrx_word' id='word_1_31' title='bbox 755 485 842 537; x_wconf 90' lang='lat' dir='ltr'>est,</span> <span class='ocrx_word' id='word_1_32' title='bbox 886 483 999 536; x_wconf 90' lang='lat' dir='ltr'>quod</span> <span class='ocrx_word' id='word_1_33' title='bbox 1037 483 1359 525; x_wconf 77' lang='lat' dir='ltr'>exercitationes</span> <span class='ocrx_word' id='word_1_34' title='bbox 1390 482 1632 536; x_wconf 87' lang='lat' dir='ltr'>hujusmodi</span> <span class='ocrx_word' id='word_1_35' title='bbox 1669 481 1774 524; x_wconf 90' lang='lat' dir='ltr'>fiant</span> <span class='ocrx_word' id='word_1_36' title='bbox 1816 483 1905 525; x_wconf 90' lang='lat' dir='ltr'>sine</span> 
     </span>
     <span class='ocr_line' id='line_1_5' title="bbox 183 556 1906 611; baseline 0 -12"><span class='ocrx_word' id='word_1_37' title='bbox 183 556 405 600; x_wconf 87' lang='lat' dir='ltr'>sufficienti</span> <span class='ocrx_word' id='word_1_38' title='bbox 437 560 668 611; x_wconf 88' lang='lat' dir='ltr'>apparatu,</span> <span class='ocrx_word' id='word_1_39' title='bbox 708 561 750 599; x_wconf 91' lang='lat' dir='ltr'>et</span> <span class='ocrx_word' id='word_1_40' title='bbox 780 557 876 599; x_wconf 88' lang='lat' dir='ltr'>hinc</span> <span class='ocrx_word' id='word_1_41' title='bbox 913 557 1001 599; x_wconf 88' lang='lat' dir='ltr'>sine</span> <span class='ocrx_word' id='word_1_42' title='bbox 1033 557 1257 600; x_wconf 85' lang='lat' dir='ltr'>sufficienti</span> <span class='ocrx_word' id='word_1_43' title='bbox 1289 561 1561 600; x_wconf 84' lang='lat' dir='ltr'>externorum</span> <span class='ocrx_word' id='word_1_44' title='bbox 1593 556 1830 610; x_wconf 82' lang='lat' dir='ltr'>frequentia</span> <span class='ocrx_word' id='word_1_45' title='bbox 1863 561 1906 599; x_wconf 91' lang='lat' dir='ltr'>et</span> 
     </span>
     <span class='ocr_line' id='line_1_6' title="bbox 184 631 1905 687; baseline 0 -13"><span class='ocrx_word' id='word_1_46' title='bbox 184 632 410 685; x_wconf 83' lang='lat' dir='ltr'>applausu:</span> <span class='ocrx_word' id='word_1_47' title='bbox 445 632 510 674; x_wconf 89' lang='lat' dir='ltr'>cui</span> <span class='ocrx_word' id='word_1_48' title='bbox 542 632 651 673; x_wconf 91' lang='lat' dir='ltr'>malo</span> <span class='ocrx_word' id='word_1_49' title='bbox 687 631 829 683; x_wconf 86' lang='lat' dir='ltr'>(Ratio</span> <span class='ocrx_word' id='word_1_50' title='bbox 863 631 934 682; x_wconf 85' lang='lat' dir='ltr'>st.)</span> <span class='ocrx_word' id='word_1_51' title='bbox 969 632 1127 673; x_wconf 86' lang='lat' dir='ltr'>mederi</span> <span class='ocrx_word' id='word_1_52' title='bbox 1159 635 1324 687; x_wconf 82' lang='lat' dir='ltr'>posset,</span> <span class='ocrx_word' id='word_1_53' title='bbox 1367 633 1400 674; x_wconf 89' lang='lat' dir='ltr'>si</span> <span class='ocrx_word' id='word_1_54' title='bbox 1433 633 1803 675; x_wconf 82' lang='lat' dir='ltr'>intermisceantur</span> <span class='ocrx_word' id='word_1_55' title='bbox 1844 633 1905 674; x_wconf 91' lang='lat' dir='ltr'>in-</span> 
     </span>
     <span class='ocr_line' id='line_1_7' title="bbox 183 706 1900 762; baseline 0.001 -13"><span class='ocrx_word' id='word_1_56' title='bbox 183 707 540 760; x_wconf 87' lang='lat' dir='ltr'>terrogationibus</span> <span class='ocrx_word' id='word_1_57' title='bbox 573 706 782 760; x_wconf 88' lang='lat' dir='ltr'>quaedam</span> <span class='ocrx_word' id='word_1_58' title='bbox 815 706 1156 762; x_wconf 83' lang='lat' dir='ltr'>declamationes,</span> <span class='ocrx_word' id='word_1_59' title='bbox 1191 707 1360 761; x_wconf 83' lang='lat' dir='ltr'>dialogi,</span> <span class='ocrx_word' id='word_1_60' title='bbox 1392 707 1489 762; x_wconf 90' lang='lat' dir='ltr'>imo,</span> <span class='ocrx_word' id='word_1_61' title='bbox 1522 708 1594 749; x_wconf 88' lang='lat' dir='ltr'>ubi</span> <span class='ocrx_word' id='word_1_62' title='bbox 1624 707 1714 750; x_wconf 88' lang='lat' dir='ltr'>fieri</span> <span class='ocrx_word' id='word_1_63' title='bbox 1745 711 1900 762; x_wconf 86' lang='lat' dir='ltr'>potest,</span> 
     </span>
     <span class='ocr_line' id='line_1_8' title="bbox 182 781 1904 837; baseline 0.001 -14"><span class='ocrx_word' id='word_1_64' title='bbox 182 782 217 824; x_wconf 87' lang='lat' dir='ltr'>si</span> <span class='ocrx_word' id='word_1_65' title='bbox 249 782 396 824; x_wconf 87' lang='lat' dir='ltr'>musici</span> <span class='ocrx_word' id='word_1_66' title='bbox 428 782 514 825; x_wconf 90' lang='lat' dir='ltr'>suis</span> <span class='ocrx_word' id='word_1_67' title='bbox 548 781 820 824; x_wconf 86' lang='lat' dir='ltr'>concentibus</span> <span class='ocrx_word' id='word_1_68' title='bbox 852 781 1038 823; x_wconf 90' lang='lat' dir='ltr'>taedium</span> <span class='ocrx_word' id='word_1_69' title='bbox 1072 782 1251 824; x_wconf 81' lang='lat' dir='ltr'>subinde</span> <span class='ocrx_word' id='word_1_70' title='bbox 1285 782 1517 837; x_wconf 76' lang='lat' dir='ltr'>dissipent,</span> <span class='ocrx_word' id='word_1_71' title='bbox 1550 786 1592 824; x_wconf 91' lang='lat' dir='ltr'>et</span> <span class='ocrx_word' id='word_1_72' title='bbox 1622 785 1758 825; x_wconf 89' lang='lat' dir='ltr'>totam</span> <span class='ocrx_word' id='word_1_73' title='bbox 1789 783 1904 825; x_wconf 88' lang='lat' dir='ltr'>illam</span> 
     </span>
     <span class='ocr_line' id='line_1_9' title="bbox 183 857 1904 913; baseline 0.001 -14"><span class='ocrx_word' id='word_1_74' title='bbox 183 857 465 899; x_wconf 89' lang='lat' dir='ltr'>academicam</span> <span class='ocrx_word' id='word_1_75' title='bbox 508 857 852 899; x_wconf 83' lang='lat' dir='ltr'>exercitationem</span> <span class='ocrx_word' id='word_1_76' title='bbox 900 857 1033 909; x_wconf 89' lang='lat' dir='ltr'>magis</span> <span class='ocrx_word' id='word_1_77' title='bbox 1080 857 1275 899; x_wconf 88' lang='lat' dir='ltr'>festivam</span> <span class='ocrx_word' id='word_1_78' title='bbox 1322 857 1513 899; x_wconf 87' lang='lat' dir='ltr'>reddant.</span> <span class='ocrx_word' id='word_1_79' title='bbox 1579 858 1715 912; x_wconf 80' lang='lat' dir='ltr'>HuJ&#39;us</span> <span class='ocrx_word' id='word_1_80' title='bbox 1762 859 1904 913; x_wconf 87' lang='lat' dir='ltr'>moris,</span> 
     </span>
     <span class='ocr_line' id='line_1_10' title="bbox 183 932 1899 987; baseline 0.002 -14"><span class='ocrx_word' id='word_1_81' title='bbox 183 932 254 985; x_wconf 92' lang='lat' dir='ltr'>qui</span> <span class='ocrx_word' id='word_1_82' title='bbox 295 945 427 974; x_wconf 89' lang='lat' dir='ltr'>novus</span> <span class='ocrx_word' id='word_1_83' title='bbox 468 945 549 974; x_wconf 91' lang='lat' dir='ltr'>non</span> <span class='ocrx_word' id='word_1_84' title='bbox 592 935 678 987; x_wconf 90' lang='lat' dir='ltr'>est,</span> <span class='ocrx_word' id='word_1_85' title='bbox 720 932 910 985; x_wconf 89' lang='lat' dir='ltr'>exempla</span> <span class='ocrx_word' id='word_1_86' title='bbox 951 932 1137 974; x_wconf 85' lang='lat' dir='ltr'>citantur</span> <span class='ocrx_word' id='word_1_87' title='bbox 1174 932 1215 974; x_wconf 92' lang='lat' dir='ltr'>in</span> <span class='ocrx_word' id='word_1_88' title='bbox 1256 932 1434 974; x_wconf 89' lang='lat' dir='ltr'>historia</span> <span class='ocrx_word' id='word_1_89' title='bbox 1467 932 1690 976; x_wconf 82' lang='lat' dir='ltr'>Societatis</span> <span class='ocrx_word' id='word_1_90' title='bbox 1722 934 1826 976; x_wconf 83' lang='lat' dir='ltr'>Jesu</span> <span class='ocrx_word' id='word_1_91' title='bbox 1858 934 1899 976; x_wconf 93' lang='lat' dir='ltr'>in</span> 
     </span>
     <span class='ocr_line' id='line_1_11' title="bbox 183 1006 1905 1062; baseline 0.001 -13"><span class='ocrx_word' id='word_1_92' title='bbox 183 1006 423 1051; x_wconf 88' lang='lat' dir='ltr'>Germania.</span> <span class='ocrx_word' id='word_1_93' title='bbox 471 1032 521 1039; x_wconf 89' lang='lat'>—</span> <span class='ocrx_word' id='word_1_94' title='bbox 571 1006 831 1061; x_wconf 86' lang='lat' dir='ltr'>Conspectus</span> <span class='ocrx_word' id='word_1_95' title='bbox 864 1007 1105 1060; x_wconf 88' lang='lat' dir='ltr'>hujusmodi</span> <span class='ocrx_word' id='word_1_96' title='bbox 1136 1008 1380 1050; x_wconf 88' lang='lat' dir='ltr'>tentaminis</span> <span class='ocrx_word' id='word_1_97' title='bbox 1413 1009 1521 1051; x_wconf 91' lang='lat' dir='ltr'>solet</span> <span class='ocrx_word' id='word_1_98' title='bbox 1551 1009 1662 1062; x_wconf 88' lang='lat' dir='ltr'>typis</span> <span class='ocrx_word' id='word_1_99' title='bbox 1694 1009 1905 1059; x_wconf 88' lang='lat' dir='ltr'>mandari;</span> 
     </span>
     <span class='ocr_line' id='line_1_12' title="bbox 183 1082 1900 1138; baseline 0.001 -14"><span class='ocrx_word' id='word_1_100' title='bbox 183 1082 415 1136; x_wconf 88' lang='lat' dir='ltr'>optandum</span> <span class='ocrx_word' id='word_1_101' title='bbox 437 1086 514 1138; x_wconf 90' lang='lat' dir='ltr'>est,</span> <span class='ocrx_word' id='word_1_102' title='bbox 548 1085 596 1123; x_wconf 93' lang='lat' dir='ltr'>ut</span> <span class='ocrx_word' id='word_1_103' title='bbox 617 1082 763 1124; x_wconf 91' lang='lat' dir='ltr'>eadem</span> <span class='ocrx_word' id='word_1_104' title='bbox 786 1082 936 1124; x_wconf 87' lang='lat' dir='ltr'>saltem</span> <span class='ocrx_word' id='word_1_105' title='bbox 958 1082 1000 1123; x_wconf 90' lang='lat' dir='ltr'>in</span> <span class='ocrx_word' id='word_1_106' title='bbox 1023 1094 1279 1137; x_wconf 89' lang='lat' dir='ltr'>unaquaque</span> <span class='ocrx_word' id='word_1_107' title='bbox 1296 1083 1517 1126; x_wconf 88' lang='lat' dir='ltr'>Provincia</span> <span class='ocrx_word' id='word_1_108' title='bbox 1539 1086 1734 1126; x_wconf 89' lang='lat' dir='ltr'>servetur</span> <span class='ocrx_word' id='word_1_109' title='bbox 1755 1083 1900 1126; x_wconf 89' lang='lat' dir='ltr'>forma.</span> 
     </span>
    </p>
   </div>
   <div class='ocr_carea' id='block_1_3' title="bbox 182 1175 1905 1454">
    <p class='ocr_par' dir='ltr' id='par_1_3' title="bbox 182 1175 1905 1454">
     <span class='ocr_line' id='line_1_13' title="bbox 318 1175 1905 1229; baseline 0.001 -13"><span class='ocrx_word' id='word_1_110' title='bbox 318 1175 391 1216; x_wconf 90' lang='lat' dir='ltr'>Ad</span> <span class='ocrx_word' id='word_1_111' title='bbox 423 1188 519 1229; x_wconf 90' lang='lat' dir='ltr'>reg.</span> <span class='ocrx_word' id='word_1_112' title='bbox 555 1176 620 1217; x_wconf 84' lang='lat'>37.</span> <span class='ocrx_word' id='word_1_113' title='bbox 683 1175 799 1217; x_wconf 89' lang='lat' dir='ltr'>Haec</span> <span class='ocrx_word' id='word_1_114' title='bbox 836 1175 1081 1217; x_wconf 87' lang='lat' dir='ltr'>exercitatio</span> <span class='ocrx_word' id='word_1_115' title='bbox 1121 1175 1175 1217; x_wconf 92' lang='lat' dir='ltr'>ad</span> <span class='ocrx_word' id='word_1_116' title='bbox 1214 1176 1523 1229; x_wconf 90' lang='lat' dir='ltr'>promotionem</span> <span class='ocrx_word' id='word_1_117' title='bbox 1562 1176 1803 1229; x_wconf 79' lang='lat' dir='ltr'>generalem</span> <span class='ocrx_word' id='word_1_118' title='bbox 1835 1176 1905 1218; x_wconf 88' lang='lat' dir='ltr'>ab—</span> 
     </span>
     <span class='ocr_line' id='line_1_14' title="bbox 186 1250 1905 1307; baseline 0.001 -15"><span class='ocrx_word' id='word_1_119' title='bbox 186 1250 298 1292; x_wconf 90' lang='lat' dir='ltr'>unde</span> <span class='ocrx_word' id='word_1_120' title='bbox 329 1250 518 1304; x_wconf 91' lang='lat' dir='ltr'>suppleri</span> <span class='ocrx_word' id='word_1_121' title='bbox 550 1251 718 1293; x_wconf 91' lang='lat' dir='ltr'>videtur</span> <span class='ocrx_word' id='word_1_122' title='bbox 746 1265 821 1305; x_wconf 87' lang='lat' dir='ltr'>per</span> <span class='ocrx_word' id='word_1_123' title='bbox 853 1252 1201 1307; x_wconf 86' lang='lat' dir='ltr'>concertationes,</span> <span class='ocrx_word' id='word_1_124' title='bbox 1234 1264 1343 1305; x_wconf 89' lang='lat' dir='ltr'>quae</span> <span class='ocrx_word' id='word_1_125' title='bbox 1376 1265 1459 1293; x_wconf 89' lang='lat' dir='ltr'>uno</span> <span class='ocrx_word' id='word_1_126' title='bbox 1488 1252 1618 1294; x_wconf 87' lang='lat' dir='ltr'>ferme</span> <span class='ocrx_word' id='word_1_127' title='bbox 1641 1264 1784 1294; x_wconf 91' lang='lat' dir='ltr'>mense</span> <span class='ocrx_word' id='word_1_128' title='bbox 1807 1255 1905 1293; x_wconf 92' lang='lat' dir='ltr'>ante</span> 
     </span>
     <span class='ocr_line' id='line_1_15' title="bbox 182 1325 1904 1381; baseline 0.002 -15"><span class='ocrx_word' id='word_1_129' title='bbox 182 1325 466 1378; x_wconf 89' lang='lat' dir='ltr'>praemiorum</span> <span class='ocrx_word' id='word_1_130' title='bbox 508 1325 847 1368; x_wconf 87' lang='lat' dir='ltr'>distributionem</span> <span class='ocrx_word' id='word_1_131' title='bbox 887 1326 1012 1378; x_wconf 88' lang='lat' dir='ltr'>fiunt;</span> <span class='ocrx_word' id='word_1_132' title='bbox 1060 1326 1172 1369; x_wconf 88' lang='lat' dir='ltr'>unde</span> <span class='ocrx_word' id='word_1_133' title='bbox 1218 1326 1342 1381; x_wconf 86' lang='lat' dir='ltr'>hujus</span> <span class='ocrx_word' id='word_1_134' title='bbox 1383 1328 1708 1370; x_wconf 86' lang='lat' dir='ltr'>concertationis</span> <span class='ocrx_word' id='word_1_135' title='bbox 1748 1327 1904 1369; x_wconf 91' lang='lat' dir='ltr'>mentio</span> 
     </span>
     <span class='ocr_line' id='line_1_16' title="bbox 182 1399 706 1454; baseline 0 -12"><span class='ocrx_word' id='word_1_136' title='bbox 182 1399 272 1442; x_wconf 89' lang='lat' dir='ltr'>fieri</span> <span class='ocrx_word' id='word_1_137' title='bbox 301 1403 446 1454; x_wconf 89' lang='lat' dir='ltr'>posset</span> <span class='ocrx_word' id='word_1_138' title='bbox 475 1401 518 1442; x_wconf 91' lang='lat' dir='ltr'>in</span> <span class='ocrx_word' id='word_1_139' title='bbox 549 1401 706 1454; x_wconf 88' lang='lat' dir='ltr'>regula.</span> 
     </span>
    </p>
   </div>
   <div class='ocr_carea' id='block_1_4' title="bbox 179 1493 1906 1936">
    <p class='ocr_par' dir='ltr' id='par_1_4' title="bbox 179 1493 1905 1763">
     <span class='ocr_line' id='line_1_17' title="bbox 277 1493 1904 1551; baseline 0.001 -16"><span class='ocrx_word' id='word_1_140' title='bbox 277 1521 280 1524; x_wconf 84' lang='lat'><em>-</em></span> <span class='ocrx_word' id='word_1_141' title='bbox 321 1493 391 1535; x_wconf 90' lang='lat' dir='ltr'>Ad</span> <span class='ocrx_word' id='word_1_142' title='bbox 423 1506 518 1547; x_wconf 87' lang='lat' dir='ltr'>reg.</span> <span class='ocrx_word' id='word_1_143' title='bbox 555 1495 620 1535; x_wconf 78' lang='lat'>38.</span> <span class='ocrx_word' id='word_1_144' title='bbox 683 1494 869 1551; x_wconf 87' lang='lat' dir='ltr'>Petitur,</span> <span class='ocrx_word' id='word_1_145' title='bbox 910 1498 958 1536; x_wconf 91' lang='lat' dir='ltr'>ut</span> <span class='ocrx_word' id='word_1_146' title='bbox 989 1508 1071 1537; x_wconf 91' lang='lat' dir='ltr'>non</span> <span class='ocrx_word' id='word_1_147' title='bbox 1104 1495 1315 1537; x_wconf 85' lang='lat' dir='ltr'>solumin</span> <span class='ocrx_word' id='word_1_148' title='bbox 1348 1508 1501 1548; x_wconf 80' lang='lat' dir='ltr'>genere</span> <span class='ocrx_word' id='word_1_149' title='bbox 1534 1497 1719 1549; x_wconf 89' lang='lat' dir='ltr'>ponatur</span> <span class='ocrx_word' id='word_1_150' title='bbox 1751 1496 1904 1549; x_wconf 89' lang='lat' dir='ltr'>aliquis</span> 
     </span>
     <span class='ocr_line' id='line_1_18' title="bbox 183 1568 1905 1626; baseline 0.002 -16"><span class='ocrx_word' id='word_1_151' title='bbox 183 1581 275 1611; x_wconf 90' lang='lat' dir='ltr'>esse</span> <span class='ocrx_word' id='word_1_152' title='bbox 311 1568 466 1625; x_wconf 90' lang='lat' dir='ltr'>bonus,</span> <span class='ocrx_word' id='word_1_153' title='bbox 514 1570 780 1626; x_wconf 88' lang='lat' dir='ltr'>retinendus,</span> <span class='ocrx_word' id='word_1_154' title='bbox 827 1570 1095 1624; x_wconf 65' lang='lat' dir='ltr'>rejiciendus,</span> <span class='ocrx_word' id='word_1_155' title='bbox 1143 1570 1218 1613; x_wconf 90' lang='lat' dir='ltr'>sed</span> <span class='ocrx_word' id='word_1_156' title='bbox 1258 1573 1305 1613; x_wconf 92' lang='lat' dir='ltr'>ut</span> <span class='ocrx_word' id='word_1_157' title='bbox 1347 1570 1390 1612; x_wconf 90' lang='lat' dir='ltr'>hi</span> <span class='ocrx_word' id='word_1_158' title='bbox 1430 1571 1595 1612; x_wconf 88' lang='lat' dir='ltr'>numeri</span> <span class='ocrx_word' id='word_1_159' title='bbox 1637 1571 1905 1625; x_wconf 87' lang='lat' dir='ltr'>applicentur</span> 
     </span>
     <span class='ocr_line' id='line_1_19' title="bbox 185 1645 1905 1702; baseline 0.001 -16"><span class='ocrx_word' id='word_1_160' title='bbox 185 1647 234 1688; x_wconf 86' lang='grc'>19</span> <span class='ocrx_word' id='word_1_161' title='bbox 267 1645 321 1687; x_wconf 85' lang='lat' dir='ltr'>ad</span> <span class='ocrx_word' id='word_1_162' title='bbox 359 1658 630 1700; x_wconf 88' lang='lat' dir='ltr'>progressum</span> <span class='ocrx_word' id='word_1_163' title='bbox 670 1647 712 1688; x_wconf 93' lang='lat' dir='ltr'>in</span> <span class='ocrx_word' id='word_1_164' title='bbox 758 1646 935 1699; x_wconf 80' lang='lat' dir='ltr'>studiis,</span> <span class='ocrx_word' id='word_1_165' title='bbox 983 1648 1034 1690; x_wconf 81' lang='grc'>29</span> <span class='ocrx_word' id='word_1_166' title='bbox 1068 1646 1122 1689; x_wconf 91' lang='lat' dir='ltr'>ad</span> <span class='ocrx_word' id='word_1_167' title='bbox 1163 1658 1324 1702; x_wconf 87' lang='lat' dir='ltr'>mores,</span> <span class='ocrx_word' id='word_1_168' title='bbox 1373 1647 1424 1689; x_wconf 77' lang='lat'>39</span> <span class='ocrx_word' id='word_1_169' title='bbox 1465 1647 1519 1688; x_wconf 86' lang='lat' dir='ltr'>ad</span> <span class='ocrx_word' id='word_1_170' title='bbox 1561 1646 1821 1700; x_wconf 88' lang='lat' dir='ltr'>diligentiam</span> <span class='ocrx_word' id='word_1_171' title='bbox 1863 1647 1905 1688; x_wconf 93' lang='lat' dir='ltr'>in</span> 
     </span>
     <span class='ocr_line' id='line_1_20' title="bbox 179 1715 343 1763; baseline -0.006 -1"><span class='ocrx_word' id='word_1_172' title='bbox 179 1715 343 1763; x_wconf 78' lang='lat' dir='ltr'>stlidiis.</span> 
     </span>
    </p>

    <p class='ocr_par' dir='ltr' id='par_1_5' title="bbox 183 1807 1906 1936">
     <span class='ocr_line' id='line_1_21' title="bbox 320 1807 1906 1865; baseline 0.002 -17"><span class='ocrx_word' id='word_1_173' title='bbox 320 1807 393 1849; x_wconf 88' lang='lat' dir='ltr'>Ad</span> <span class='ocrx_word' id='word_1_174' title='bbox 432 1820 529 1861; x_wconf 87' lang='lat' dir='ltr'>reg.</span> <span class='ocrx_word' id='word_1_175' title='bbox 562 1809 630 1850; x_wconf 77' lang='lat'>42.</span> <span class='ocrx_word' id='word_1_176' title='bbox 694 1808 802 1859; x_wconf 84' lang='lat' dir='ltr'>Quid</span> <span class='ocrx_word' id='word_1_177' title='bbox 844 1812 1067 1852; x_wconf 90' lang='lat' dir='ltr'>censeatur</span> <span class='ocrx_word' id='word_1_178' title='bbox 1106 1809 1158 1852; x_wconf 90' lang='lat' dir='ltr'>de</span> <span class='ocrx_word' id='word_1_179' title='bbox 1200 1809 1279 1852; x_wconf 90' lang='lat' dir='ltr'>hac</span> <span class='ocrx_word' id='word_1_180' title='bbox 1320 1809 1490 1865; x_wconf 86' lang='lat' dir='ltr'>regula,</span> <span class='ocrx_word' id='word_1_181' title='bbox 1527 1810 1618 1863; x_wconf 75' lang='lat' dir='ltr'>Jam</span> <span class='ocrx_word' id='word_1_182' title='bbox 1650 1808 1809 1852; x_wconf 89' lang='lat' dir='ltr'>dictum</span> <span class='ocrx_word' id='word_1_183' title='bbox 1841 1812 1906 1851; x_wconf 90' lang='lat' dir='ltr'>est</span> 
     </span>
     <span class='ocr_line' id='line_1_22' title="bbox 183 1882 898 1936; baseline 0.001 -12"><span class='ocrx_word' id='word_1_184' title='bbox 183 1882 237 1925; x_wconf 89' lang='lat' dir='ltr'>ad</span> <span class='ocrx_word' id='word_1_185' title='bbox 267 1895 353 1936; x_wconf 86' lang='lat' dir='ltr'>reg.</span> <span class='ocrx_word' id='word_1_186' title='bbox 379 1884 434 1925; x_wconf 85' lang='lat'>46</span> <span class='ocrx_word' id='word_1_187' title='bbox 465 1883 647 1927; x_wconf 88' lang='lat' dir='ltr'>Profess.</span> <span class='ocrx_word' id='word_1_188' title='bbox 681 1883 794 1928; x_wconf 86' lang='lat' dir='ltr'>stud.</span> <span class='ocrx_word' id='word_1_189' title='bbox 826 1883 898 1926; x_wconf 90' lang='lat' dir='ltr'>inf.</span> 
     </span>
    </p>
   </div>
   <div class='ocr_carea' id='block_1_5' title="bbox 584 2218 1502 2284">
    <p class='ocr_par' dir='ltr' id='par_1_6' title="bbox 584 2218 1502 2284">
     <span class='ocr_line' id='line_1_23' title="bbox 584 2218 1502 2284; baseline 0.001 -18"><span class='ocrx_word' id='word_1_190' title='bbox 584 2218 806 2284; x_wconf 83' lang='lat' dir='ltr'>Regulae</span> <span class='ocrx_word' id='word_1_191' title='bbox 844 2218 1149 2268; x_wconf 88' lang='lat' dir='ltr'>Professoris</span> <span class='ocrx_word' id='word_1_192' title='bbox 1187 2218 1502 2268; x_wconf 86' lang='lat' dir='ltr'>Rhetoricae.</span> 
     </span>
    </p>
   </div>
   <div class='ocr_carea' id='block_1_6' title="bbox 181 2356 1904 2864">
    <p class='ocr_par' dir='ltr' id='par_1_7' title="bbox 181 2356 1904 2864">
     <span class='ocr_line' id='line_1_24' title="bbox 318 2356 1903 2413; baseline 0.001 -16"><span class='ocrx_word' id='word_1_193' title='bbox 318 2356 390 2398; x_wconf 91' lang='lat' dir='ltr'>Ad</span> <span class='ocrx_word' id='word_1_194' title='bbox 421 2369 518 2410; x_wconf 88' lang='lat' dir='ltr'>reg.</span> <span class='ocrx_word' id='word_1_195' title='bbox 555 2359 590 2398; x_wconf 88' lang='lat'>1.</span> <span class='ocrx_word' id='word_1_196' title='bbox 654 2356 872 2399; x_wconf 90' lang='lat' dir='ltr'>Indicandi</span> <span class='ocrx_word' id='word_1_197' title='bbox 904 2370 1073 2411; x_wconf 91' lang='lat' dir='ltr'>quoque</span> <span class='ocrx_word' id='word_1_198' title='bbox 1103 2357 1302 2400; x_wconf 90' lang='lat' dir='ltr'>videntur</span> <span class='ocrx_word' id='word_1_199' title='bbox 1323 2357 1535 2399; x_wconf 89' lang='lat' dir='ltr'>Authores</span> <span class='ocrx_word' id='word_1_200' title='bbox 1568 2357 1797 2413; x_wconf 89' lang='lat' dir='ltr'>vernaculi,</span> <span class='ocrx_word' id='word_1_201' title='bbox 1831 2357 1903 2410; x_wconf 90' lang='lat' dir='ltr'>qui</span> 
     </span>
     <span class='ocr_line' id='line_1_25' title="bbox 182 2431 1904 2489; baseline 0.001 -17"><span class='ocrx_word' id='word_1_202' title='bbox 182 2431 223 2473; x_wconf 92' lang='lat' dir='ltr'>in</span> <span class='ocrx_word' id='word_1_203' title='bbox 265 2431 442 2485; x_wconf 87' lang='lat' dir='ltr'>singulis</span> <span class='ocrx_word' id='word_1_204' title='bbox 484 2432 638 2475; x_wconf 89' lang='lat' dir='ltr'>scholis</span> <span class='ocrx_word' id='word_1_205' title='bbox 680 2433 950 2475; x_wconf 86' lang='lat' dir='ltr'>inferioribus</span> <span class='ocrx_word' id='word_1_206' title='bbox 995 2433 1283 2489; x_wconf 86' lang='lat' dir='ltr'>explicantur,</span> <span class='ocrx_word' id='word_1_207' title='bbox 1326 2436 1368 2475; x_wconf 92' lang='lat' dir='ltr'>et</span> <span class='ocrx_word' id='word_1_208' title='bbox 1399 2432 1633 2475; x_wconf 91' lang='lat' dir='ltr'>curandum</span> <span class='ocrx_word' id='word_1_209' title='bbox 1665 2432 1812 2488; x_wconf 90' lang='lat' dir='ltr'>simul,</span> <span class='ocrx_word' id='word_1_210' title='bbox 1854 2435 1904 2474; x_wconf 92' lang='lat' dir='ltr'>ut</span> 
     </span>
     <span class='ocr_line' id='line_1_26' title="bbox 182 2507 1898 2562; baseline 0.001 -14"><span class='ocrx_word' id='word_1_211' title='bbox 182 2507 382 2549; x_wconf 89' lang='lat' dir='ltr'>continua</span> <span class='ocrx_word' id='word_1_212' title='bbox 412 2507 664 2550; x_wconf 89' lang='lat' dir='ltr'>instituatur</span> <span class='ocrx_word' id='word_1_213' title='bbox 696 2508 956 2562; x_wconf 90' lang='lat' dir='ltr'>comparatio</span> <span class='ocrx_word' id='word_1_214' title='bbox 979 2508 1089 2551; x_wconf 90' lang='lat' dir='ltr'>inter</span> <span class='ocrx_word' id='word_1_215' title='bbox 1110 2508 1323 2550; x_wconf 89' lang='lat' dir='ltr'>Authores</span> <span class='ocrx_word' id='word_1_216' title='bbox 1346 2508 1543 2561; x_wconf 90' lang='lat' dir='ltr'>antiquos</span> <span class='ocrx_word' id='word_1_217' title='bbox 1566 2510 1609 2549; x_wconf 92' lang='lat' dir='ltr'>et</span> <span class='ocrx_word' id='word_1_218' title='bbox 1630 2507 1898 2558; x_wconf 84' lang='lat' dir='ltr'>vernaculos;</span> 
     </span>
     <span class='ocr_line' id='line_1_27' title="bbox 181 2581 1900 2637; baseline 0.001 -14"><span class='ocrx_word' id='word_1_219' title='bbox 181 2581 240 2624; x_wconf 91' lang='lat' dir='ltr'>sic</span> <span class='ocrx_word' id='word_1_220' title='bbox 272 2582 382 2624; x_wconf 88' lang='lat' dir='ltr'>enim</span> <span class='ocrx_word' id='word_1_221' title='bbox 413 2582 608 2625; x_wconf 87' lang='lat' dir='ltr'>facillime</span> <span class='ocrx_word' id='word_1_222' title='bbox 631 2584 903 2637; x_wconf 88' lang='lat' dir='ltr'>antiquarum</span> <span class='ocrx_word' id='word_1_223' title='bbox 924 2585 1165 2637; x_wconf 88' lang='lat' dir='ltr'>linguarum</span> <span class='ocrx_word' id='word_1_224' title='bbox 1187 2583 1481 2626; x_wconf 84' lang='lat' dir='ltr'>necessitas-et</span> <span class='ocrx_word' id='word_1_225' title='bbox 1502 2582 1665 2625; x_wconf 90' lang='lat' dir='ltr'>utilitas</span> <span class='ocrx_word' id='word_1_226' title='bbox 1688 2583 1900 2637; x_wconf 88' lang='lat' dir='ltr'>elucescit,</span> 
     </span>
     <span class='ocr_line' id='line_1_28' title="bbox 182 2657 1902 2713; baseline 0.001 -15"><span class='ocrx_word' id='word_1_227' title='bbox 182 2659 225 2698; x_wconf 91' lang='lat' dir='ltr'>et</span> <span class='ocrx_word' id='word_1_228' title='bbox 255 2657 378 2700; x_wconf 90' lang='lat' dir='ltr'>unius</span> <span class='ocrx_word' id='word_1_229' title='bbox 410 2658 580 2711; x_wconf 86' lang='lat' dir='ltr'>linguae</span> <span class='ocrx_word' id='word_1_230' title='bbox 611 2659 799 2701; x_wconf 89' lang='lat' dir='ltr'>studium</span> <span class='ocrx_word' id='word_1_231' title='bbox 831 2660 1059 2713; x_wconf 91' lang='lat' dir='ltr'>cognitioni</span> <span class='ocrx_word' id='word_1_232' title='bbox 1091 2659 1266 2701; x_wconf 88' lang='lat' dir='ltr'>alterius</span> <span class='ocrx_word' id='word_1_233' title='bbox 1294 2659 1464 2712; x_wconf 88' lang='lat' dir='ltr'>linguae</span> <span class='ocrx_word' id='word_1_234' title='bbox 1496 2658 1677 2701; x_wconf 90' lang='lat' dir='ltr'>amicum</span> <span class='ocrx_word' id='word_1_235' title='bbox 1699 2659 1782 2709; x_wconf 86' lang='lat' dir='ltr'>fert</span> <span class='ocrx_word' id='word_1_236' title='bbox 1804 2657 1902 2701; x_wconf 91' lang='lat' dir='ltr'>sub-</span> 
     </span>
     <span class='ocr_line' id='line_1_29' title="bbox 182 2733 1901 2789; baseline 0.001 -15"><span class='ocrx_word' id='word_1_237' title='bbox 182 2733 348 2775; x_wconf 91' lang='lat' dir='ltr'>sidium.</span> <span class='ocrx_word' id='word_1_238' title='bbox 382 2759 435 2763; x_wconf 87' lang='lat'>—</span> <span class='ocrx_word' id='word_1_239' title='bbox 468 2733 577 2776; x_wconf 84' lang='lat' dir='ltr'>Sunt</span> <span class='ocrx_word' id='word_1_240' title='bbox 606 2735 734 2777; x_wconf 90' lang='lat' dir='ltr'>etiam</span> <span class='ocrx_word' id='word_1_241' title='bbox 766 2736 838 2789; x_wconf 91' lang='lat' dir='ltr'>qui</span> <span class='ocrx_word' id='word_1_242' title='bbox 870 2738 1034 2789; x_wconf 88' lang='lat' dir='ltr'>petunt,</span> <span class='ocrx_word' id='word_1_243' title='bbox 1067 2740 1115 2777; x_wconf 88' lang='lat' dir='ltr'>ut</span> <span class='ocrx_word' id='word_1_244' title='bbox 1147 2735 1291 2788; x_wconf 88' lang='lat' dir='ltr'>aliqua</span> <span class='ocrx_word' id='word_1_245' title='bbox 1322 2747 1489 2777; x_wconf 90' lang='lat' dir='ltr'>summa</span> <span class='ocrx_word' id='word_1_246' title='bbox 1510 2734 1670 2788; x_wconf 88' lang='lat' dir='ltr'>logicae</span> <span class='ocrx_word' id='word_1_247' title='bbox 1693 2736 1901 2787; x_wconf 90' lang='lat' dir='ltr'>quantum</span> 
     </span>
     <span class='ocr_line' id='line_1_30' title="bbox 183 2808 1251 2864; baseline 0.001 -15"><span class='ocrx_word' id='word_1_248' title='bbox 183 2808 236 2850; x_wconf 89' lang='lat' dir='ltr'>ad</span> <span class='ocrx_word' id='word_1_249' title='bbox 267 2808 537 2852; x_wconf 86' lang='lat' dir='ltr'>Rhetoricam</span> <span class='ocrx_word' id='word_1_250' title='bbox 569 2811 977 2864; x_wconf 88' lang='lat' dir='ltr'>argumentationem</span> <span class='ocrx_word' id='word_1_251' title='bbox 1009 2810 1251 2863; x_wconf 88' lang='lat' dir='ltr'>explicetur.</span> 
     </span>
    </p>
   </div>
   <div class='ocr_carea' id='block_1_7' title="bbox 181 2900 1902 3184">
    <p class='ocr_par' dir='ltr' id='par_1_8' title="bbox 181 2900 1902 3184">
     <span class='ocr_line' id='line_1_31' title="bbox 319 2900 1902 2957; baseline 0 -15"><span class='ocrx_word' id='word_1_252' title='bbox 319 2900 391 2942; x_wconf 89' lang='lat' dir='ltr'>Ad</span> <span class='ocrx_word' id='word_1_253' title='bbox 423 2915 520 2956; x_wconf 87' lang='lat' dir='ltr'>reg.</span> <span class='ocrx_word' id='word_1_254' title='bbox 555 2904 592 2944; x_wconf 79' lang='lat'>2.</span> <span class='ocrx_word' id='word_1_255' title='bbox 656 2903 815 2946; x_wconf 89' lang='lat' dir='ltr'>Divisio</span> <span class='ocrx_word' id='word_1_256' title='bbox 856 2903 1057 2957; x_wconf 90' lang='lat' dir='ltr'>temporis</span> <span class='ocrx_word' id='word_1_257' title='bbox 1099 2902 1141 2943; x_wconf 90' lang='lat' dir='ltr'>in</span> <span class='ocrx_word' id='word_1_258' title='bbox 1183 2903 1332 2955; x_wconf 85' lang='lat' dir='ltr'>regula</span> <span class='ocrx_word' id='word_1_259' title='bbox 1370 2902 1555 2944; x_wconf 86' lang='lat' dir='ltr'>indicata</span> <span class='ocrx_word' id='word_1_260' title='bbox 1585 2901 1743 2943; x_wconf 88' lang='lat' dir='ltr'>mutari</span> <span class='ocrx_word' id='word_1_261' title='bbox 1777 2900 1902 2942; x_wconf 91' lang='lat' dir='ltr'>debet</span> 
     </span>
     <span class='ocr_line' id='line_1_32' title="bbox 181 2976 1902 3031; baseline -0.001 -13"><span class='ocrx_word' id='word_1_262' title='bbox 181 2978 272 3019; x_wconf 91' lang='lat' dir='ltr'>tum</span> <span class='ocrx_word' id='word_1_263' title='bbox 313 2981 487 3031; x_wconf 87' lang='lat' dir='ltr'>propter</span> <span class='ocrx_word' id='word_1_264' title='bbox 527 2978 878 3021; x_wconf 87' lang='lat' dir='ltr'>abundantiorem</span> <span class='ocrx_word' id='word_1_265' title='bbox 919 2979 1144 3021; x_wconf 86' lang='lat' dir='ltr'>lectionum</span> <span class='ocrx_word' id='word_1_266' title='bbox 1194 2978 1415 3020; x_wconf 89' lang='lat' dir='ltr'>materiam</span> <span class='ocrx_word' id='word_1_267' title='bbox 1462 2980 1554 3019; x_wconf 91' lang='lat' dir='ltr'>tum</span> <span class='ocrx_word' id='word_1_268' title='bbox 1600 2979 1775 3030; x_wconf 88' lang='lat' dir='ltr'>propter</span> <span class='ocrx_word' id='word_1_269' title='bbox 1823 2976 1902 3018; x_wconf 86' lang='lat' dir='ltr'>fre-</span> 
     </span>
     <span class='ocr_line' id='line_1_33' title="bbox 184 3051 1901 3106; baseline -0.001 -13"><span class='ocrx_word' id='word_1_270' title='bbox 184 3052 426 3104; x_wconf 88' lang='lat' dir='ltr'>quentiores</span> <span class='ocrx_word' id='word_1_271' title='bbox 467 3054 787 3096; x_wconf 89' lang='lat' dir='ltr'>exercitationes</span> <span class='ocrx_word' id='word_1_272' title='bbox 829 3054 870 3095; x_wconf 91' lang='lat' dir='ltr'>in</span> <span class='ocrx_word' id='word_1_273' title='bbox 911 3053 1054 3106; x_wconf 87' lang='lat' dir='ltr'>lingua</span> <span class='ocrx_word' id='word_1_274' title='bbox 1086 3053 1324 3096; x_wconf 89' lang='lat' dir='ltr'>vernacula.</span> <span class='ocrx_word' id='word_1_275' title='bbox 1390 3077 1439 3082; x_wconf 88' lang='lat'>—</span> <span class='ocrx_word' id='word_1_276' title='bbox 1501 3052 1632 3094; x_wconf 88' lang='lat' dir='ltr'>Moris</span> <span class='ocrx_word' id='word_1_277' title='bbox 1666 3055 1730 3094; x_wconf 89' lang='lat' dir='ltr'>est</span> <span class='ocrx_word' id='word_1_278' title='bbox 1761 3051 1827 3093; x_wconf 91' lang='lat' dir='ltr'>hic</span> <span class='ocrx_word' id='word_1_279' title='bbox 1858 3051 1901 3092; x_wconf 92' lang='lat' dir='ltr'>in</span> 
     </span>
     <span class='ocr_line' id='line_1_34' title="bbox 183 3126 1899 3184; baseline -0.001 -15"><span class='ocrx_word' id='word_1_280' title='bbox 183 3127 398 3184; x_wconf 88' lang='lat' dir='ltr'>Helvetia,</span> <span class='ocrx_word' id='word_1_281' title='bbox 444 3131 493 3169; x_wconf 90' lang='lat' dir='ltr'>ut</span> <span class='ocrx_word' id='word_1_282' title='bbox 535 3129 702 3171; x_wconf 89' lang='lat' dir='ltr'>circiter</span> <span class='ocrx_word' id='word_1_283' title='bbox 740 3129 844 3172; x_wconf 91' lang='lat' dir='ltr'>hora</span> <span class='ocrx_word' id='word_1_284' title='bbox 884 3128 1052 3182; x_wconf 86' lang='lat' dir='ltr'>integra</span> <span class='ocrx_word' id='word_1_285' title='bbox 1090 3141 1184 3171; x_wconf 90' lang='lat' dir='ltr'>cum</span> <span class='ocrx_word' id='word_1_286' title='bbox 1227 3128 1399 3170; x_wconf 89' lang='lat' dir='ltr'>dimidia</span> <span class='ocrx_word' id='word_1_287' title='bbox 1431 3127 1693 3170; x_wconf 87' lang='lat' dir='ltr'>attribuatur</span> <span class='ocrx_word' id='word_1_288' title='bbox 1724 3126 1899 3179; x_wconf 86' lang='lat' dir='ltr'>singulis</span> 
     </span>
    </p>
   </div>
  </div>
 </body>
</html>
