2164 3535
241 187 325 229 520
451 184 682 228 Einfiihrung
707 184 771 219 der
795 195 913 219 neuen
930 183 973 218 R.
1000 188 1042 218 st.
1069 184 1106 218 in
1132 184 1196 220 der
1222 185 1508 222 oberdeutschen
1527 186 1633 224 Prov.
1660 191 1759 225 1834.

380 327 416 367 6.
460 325 701 368 Academici
743 325 995 368 conveniant
1035 326 1147 368 omni
1189 326 1479 383 hebdomada,
1523 330 1599 370 aut
1638 328 1788 372 saltem
1830 329 1894 371 bis
1926 329 1968 371 in

241 414 395 445 mense.
461 402 580 456 (Reg.
608 403 625 442 1
663 400 780 443 acad.
812 400 956 453 Rhet.)

380 479 416 518 7.
454 477 535 519 Ter
566 478 641 518 aut
661 478 814 529 quater
845 476 887 517 in
920 488 1029 518 anno
1062 477 1182 531 (Reg.
1208 478 1231 518 3
1263 476 1383 532 ibid.)
1417 481 1492 519 aut
1524 478 1676 534 rarius,
1709 479 1744 521 si
1777 479 1968 522 locorum

242 552 441 606 adjuncta
472 551 514 592 id
545 551 786 606 postulent,
830 551 1153 593 exercitationes
1195 552 1390 606 publicae
1430 556 1472 595 et
1513 553 1820 607 splendidiores
1864 554 1969 597 fiant

241 628 360 680 (Reg.
385 627 408 668 3
443 626 559 668 acad.
594 625 716 668 Rhet.
751 627 794 667 et
827 627 850 667 6
884 626 1001 668 acad.
1035 630 1256 682 gramm),
1298 629 1553 681 praesertim
1585 628 1652 671 die
1684 629 1826 683 aliquo
1858 630 1966 673 festo

242 702 497 758 academiae,
530 714 656 756 quem
688 701 842 744 celebri
873 714 1029 756 pompa
1061 703 1338 746 exornabunt.
1405 705 1524 757 (Reg.
1549 706 1573 745 5
1607 704 1723 747 acad.
1757 705 1901 759 Rhet.)

382 778 420 819 8.
454 777 692 820 Praemiola
723 776 934 830 quaedam
958 777 1222 834 academicis,
1257 779 1329 832 qui
1351 780 1500 822 melius
1534 780 1855 824 exercitationes
1877 794 1971 836 per-

242 857 388 907 agunt,
426 853 624 896 distribui
655 855 870 907 poterunt.
935 854 1053 907 (Reg.
1078 855 1103 895 4
1137 853 1252 896 acad.
1288 854 1409 897 Rhet.
1444 858 1486 898 et
1518 857 1542 898 6
1574 856 1692 899 acad.
1727 859 1922 910 gramm.)

1062 1121 1158 1174 §a

456 1215 791 1256 Professores
832 1215 1126 1257 inferiorum
1170 1215 1421 1258 Classium
1464 1217 1755 1271 generatim.

384 1333 419 1372 1.
470 1331 622 1372 Futuri
653 1330 847 1383 magistri
887 1331 1170 1374 instituantur
1201 1331 1254 1374 ab
1287 1331 1427 1385 aliquo
1472 1331 1648 1374 docendi
1679 1331 1840 1386 perito,
1880 1332 1973 1372 tum

243 1406 282 1447 in
315 1405 440 1447 modo
474 1405 662 1460 docendi,
695 1410 787 1449 tum
818 1407 859 1449 in
893 1407 1269 1450 consuetudinibus
1303 1407 1490 1460 Collegii.
1544 1408 1663 1461 (Reg.
1688 1408 1743 1449 30
1773 1407 1896 1449 Prov.
1932 1409 1974 1449 et

242 1495 280 1536 q.
313 1482 451 1535 Rect.)

385 1559 422 1599 2.
466 1557 532 1600 Ab
569 1558 689 1600 initio
730 1559 828 1600 anni
869 1558 1109 1602 scholastici
1151 1571 1287 1613 usque
1329 1559 1382 1601 ad
1420 1559 1588 1601 initium
1621 1556 1973 1612 quadragesimae

244 1633 412 1675 scholae
453 1645 576 1675 mane
616 1633 857 1676 habeantur
904 1634 1071 1676 duabus
1117 1637 1285 1676 tantum
1331 1634 1512 1688 horis1)‚
1558 1634 1687 1676 etiam
1730 1632 1971 1675 Rhetorica.

244 1709 423 1762 Reliquo
456 1708 553 1749 anni
591 1713 781 1762 tempore
822 1709 988 1752 duabus
1032 1722 1126 1751 cuin
1167 1709 1361 1765 dimidia,
1394 1709 1621 1752 Rhetorica
1662 1721 1761 1751 vero
1807 1707 1973 1750 duabus

246 1786 437 1837 tantum,
470 1783 584 1837 quod
616 1784 743 1826 etiam
776 1784 962 1839 obtinet,
996 1784 1096 1826 dum
1135 1785 1248 1828 idem
1279 1784 1501 1828 Professor
1541 1788 1607 1828 est
1636 1784 1889 1827 Rhetoricae
1932 1785 1974 1825 et

245 1859 547 1901 Humanitatis.
602 1859 711 1901 Hinc
743 1860 873 1913 priori
909 1860 1006 1902 anni
1040 1864 1230 1914 tempore
1263 1873 1430 1903 sacrum
1462 1873 1586 1902 mane
1618 1860 1674 1903 sit
1706 1861 1800 1914 7¹s2,
1832 1861 1973 1913 poste-

246 1935 347 1976 riori
379 1946 477 1976 vero
512 1936 564 1976 7²?
600 1959 649 1964 —
684 1933 861 1977 Scholae
893 1936 1197 1989 praemittatur
1229 1936 1379 1988 oratio,
1412 1948 1541 1990 quam
1563 1935 1769 1989 magister
1788 1937 1832 1978 et
1853 1934 1975 1977 disci-

247 2010 336 2064 puli
368 2013 516 2063 aperto
549 2010 686 2063 capite
719 2012 761 2052 et
792 2010 968 2063 genibus
1000 2010 1117 2053 flexis
1149 2012 1337 2054 audiant.

386 2086 423 2126 3.
464 2084 721 2127 Divisionem
754 2085 958 2138 temporis
991 2089 1033 2127 et
1054 2087 1344 2142 materiarum,
1376 2100 1485 2140 quae
1518 2086 1570 2128 ob
1600 2086 1734 2128 dictas
1766 2084 1974 2139 temporis

248 2161 467 2214 angustias
500 2164 541 2202 et
572 2163 740 2214 tempus
772 2161 911 2214 majus
944 2160 1113 2214 linguae
1146 2163 1399 2205 vernaculae
1431 2165 1473 2204 et
1506 2161 1754 2205 accessoriis
1786 2160 1975 2203 tribuen-

250 2236 349 2277 dum
383 2236 425 2277 in
456 2235 535 2277 hac
566 2236 789 2277 Provincia
819 2235 1041 2290 paululum
1074 2249 1099 2278 a
1129 2237 1222 2279 Rat.
1258 2240 1310 2279 st.
1344 2238 1554 2291 discrepet
1585 2239 1774 2291 oportet,
1806 2237 1976 2278 servent

248 2324 391 2353 omnes
424 2323 472 2353 eo
504 2310 643 2366 modo,
675 2323 757 2364 quo
790 2311 1056 2354 uniformiter
1086 2312 1404 2366 praescribitur.

387 2388 425 2427 4.
473 2386 764 2441 Professores,
800 2387 871 2439 qui
904 2387 1010 2429 duas
1044 2388 1199 2431 classes
1231 2387 1410 2442 habent,
1442 2390 1613 2429 servent
1643 2388 1744 2441 Reg.
1776 2388 1801 2429 8
1834 2384 1974 2429 Praef.

249 2463 319 2504 inf.
355 2462 469 2516 §lQ
504 2474 612 2514 quae
644 2462 916 2515 praecipitur,
951 2466 1000 2504 ut
1031 2464 1201 2517 utrique
1235 2462 1371 2504 ordini
1405 2462 1545 2504 omnia
1576 2465 1746 2515 praeter
1767 2474 1975 2515 gramma-

249 2537 355 2579 ticae
386 2536 609 2579 lectionem
640 2537 725 2579 sint
755 2538 842 2580 fere
876 2539 1126 2581 communia.
1175 2538 1481 2580 Adnotationes
1512 2540 1654 2579 tamen
1687 2537 1974 2591 praeceptoris

249 2624 325 2665 pro
359 2611 535 2653 diversis
568 2611 787 2654 ordinibus
820 2613 1060 2669 varientur,
1100 2617 1142 2656 et
1173 2614 1363 2656 themata
1395 2614 1459 2655 vel
1493 2613 1661 2655 diversa
1704 2613 1789 2655 sint
1834 2612 1975 2665 singu-

249 2687 472 2739 lorumque
505 2686 741 2740 praeceptis
776 2688 1118 2740 accommodata,
1162 2689 1224 2730 vel
1257 2688 1446 2741 ejusdem
1478 2690 1646 2729 tantum
1679 2687 1843 2740 generis
1875 2699 1974 2740 pars

252 2761 413 2804 facilior
445 2762 497 2803 ab
529 2762 715 2804 inferiori
749 2763 894 2805 ordine
926 2763 1131 2816 exigatur.
1196 2763 1338 2816 (Ibid.)

389 2837 595 2879 Materiae
628 2838 888 2881 accessoriae
920 2839 980 2880 ita
1012 2839 1182 2892 utrique
1221 2838 1356 2881 ordini
1389 2851 1633 2881 communes
1665 2838 1772 2893 sint,
1817 2840 1859 2880 et
1891 2850 1974 2879 uno

255 2925 363 2954 anno
397 2911 625 2953 tradantur
657 2925 765 2965 quae
798 2912 998 2969 inferiori,
1032 2914 1163 2956 altero
1197 2927 1306 2967 quae
1337 2914 1544 2968 superiori
1576 2913 1786 2955 attributa
1816 2916 1927 2955 sunt.

394 2990 431 3028 5.
476 2988 683 3029 Auctores
717 2988 940 3043 classicos,
973 2993 1179 3041 quantum
1212 2992 1413 3043 possunt,
1455 3001 1525 3031 eos
1558 2991 1800 3045 assumant,
1832 2989 1904 3042 qui
1934 2988 1976 3030 in

390 3137 419 3178 ¹)
446 3137 513 3171 Die
539 3136 581 3171 R.
609 3140 650 3171 st.
678 3136 813 3171 fordert
834 3137 872 3180 J'e
898 3139 968 3179 2¹„s2
996 3138 1167 3173 Stunden.
