2164 3535
224 222 309 263 450
753 220 828 255 Fur
853 219 922 254 den
949 219 1295 264 Studienprafekten
1322 224 1421 257 1832.

225 373 444 404 successus
478 361 735 416 obtineatur,
767 364 810 403 et
838 360 1039 403 Societati
1073 364 1269 403 constare
1300 362 1441 413 possit
1473 361 1524 403 de
1556 361 1760 415 cuiusque
1792 363 1956 416 capaci-

223 439 313 478 tate
346 440 387 479 et
417 436 708 490 applicatione.
773 435 1052 477 Examinandi
1082 436 1214 489 igitur
1245 439 1287 477 et
1322 436 1644 479 Examinatores
1676 437 1718 478 in
1760 439 1954 490 tempore

225 515 479 554 moneantur
510 514 622 563 (octo
654 511 804 552 saltem
839 514 937 552 ante
970 523 1143 552 examen
1179 510 1327 552 diebus
1360 511 1499 566 primi,
1533 513 1575 552 et
1598 512 1783 565 quinque
1806 511 1954 554 diebus

227 587 330 642 alii),
364 599 416 628 ne
450 590 494 628 et
524 586 595 628 isti
628 589 672 627 et
703 586 762 627 illi
794 585 994 638 imparati
1026 586 1251 641 accedant,
1285 588 1327 627 et
1357 586 1398 627 in
1432 585 1704 628 Scholasticis
1737 587 1958 628 minuatur

225 661 464 703 aestimatio
496 674 578 703 non
611 661 748 703 solum
779 660 973 711 illorum,
1015 660 1087 713 qui
1131 660 1394 711 examinant,
1437 660 1512 702 sed
1555 661 1746 714 ipsorum
1787 673 1957 714 quoque

225 737 466 779 examinum
498 749 594 778 cum
625 749 708 778 non
741 735 1082 778 leviSoeietatis
1117 735 1385 777 detrimento.

364 812 403 865 e)
450 812 511 853 Ut
557 811 683 853 etiam
732 810 929 853 Studium
977 811 1220 863 linguarum
1267 811 1539 853 orientalium
1590 811 1633 853 in
1682 811 1956 854 Scholasticis

225 887 382 928 nostris
417 886 584 928 omnino
607 887 761 939 vigeat,
794 898 842 927 ac
873 885 1042 927 scholae
1075 889 1117 927 et
1151 886 1474 928 exercitationes
1508 886 1549 927 in
1581 886 1731 928 iisdem
1754 899 1837 928 non
1861 899 1957 940 per—

225 962 432 1003 functorie
474 965 517 1003 et
546 961 766 1014 languide,
808 961 883 1002 sed
915 961 1024 1003 serio
1058 964 1100 1002 et
1130 961 1343 1003 ferventer
1372 960 1486 1003 fiant.
1551 962 1838 1015 Designentur
1873 962 1956 1004 sin-

226 1037 334 1090 gulis
367 1037 487 1078 annis
519 1037 561 1091 ii,
593 1037 665 1090 qui
697 1036 838 1078 studio
871 1036 1041 1089 linguae
1072 1036 1298 1078 hebraicae
1319 1036 1385 1078 vel
1418 1037 1660 1079 chaldaicae
1683 1038 1748 1079 vel
1777 1038 1953 1080 alterius

225 1125 275 1154 ex
316 1112 593 1153 orientalibus
635 1111 923 1167 applicentur,
965 1114 1013 1152 ut
1044 1111 1265 1153 Provincia
1307 1112 1469 1165 copiam
1502 1112 1581 1154 sibi
1612 1116 1736 1165 paret
1767 1113 1955 1154 virorum

225 1187 267 1228 in
299 1186 363 1228 his
396 1186 549 1239 linguis
591 1187 697 1228 bene
729 1189 1009 1228 versatorum.
1072 1186 1119 1227 In
1163 1188 1382 1239 posterum
1423 1199 1590 1241 omnes,
1633 1188 1706 1240 qui
1747 1200 1831 1230 non
1867 1188 1956 1241 jam

226 1265 323 1303 actu
355 1262 427 1302 uni
460 1275 509 1303 ex
539 1261 768 1315 praedictis
799 1261 955 1313 linguis
988 1261 1182 1313 student,
1227 1274 1404 1314 graecae
1435 1262 1606 1314 linguae
1646 1274 1818 1316 operam
1851 1263 1953 1305 dare

226 1337 498 1378 tenebuntur.
552 1336 699 1387 Quoad
733 1336 899 1389 linguas
934 1337 1183 1378 vernaculas
1216 1337 1457 1389 assignetur
1482 1337 1644 1391 pariter
1667 1338 1841 1379 cuilibet
1863 1350 1954 1393 sua,

228 1415 275 1453 ut
306 1412 348 1453 in
380 1424 429 1454 ea
460 1425 562 1465 prae
595 1412 774 1454 caeteris
806 1425 899 1454 sese
932 1415 1136 1454 exerceat.

861 1748 1015 1803 Caput
1045 1749 1325 1791 secundum.

557 1864 637 1910 De
692 1861 1140 1912 Examinibus
1197 1864 1616 1912 Nostrorum.

366 2000 496 2042 Varia
538 2002 604 2043 hic
647 2002 912 2044 observanda
942 2002 1134 2051 veniunt;
1177 2002 1260 2043 alia
1302 2001 1412 2043 enim
1445 2001 1585 2054 ipsum
1618 2000 1830 2054 Examen,
1871 1999 1954 2041 alia

228 2075 544 2117 Examinandus
577 2080 619 2118 et
642 2077 977 2130 Examinatores,
1012 2076 1094 2117 alia
1125 2076 1306 2129 denique
1337 2075 1539 2128 suffragia
1569 2074 1953 2128 suffragiorumque

226 2154 424 2192 naturam
457 2154 499 2193 et
530 2164 755 2194 numerum
788 2152 1032 2207 respiciunt,
1065 2152 1116 2193 de
1150 2151 1302 2205 quibus
1335 2151 1581 2204 singillatim
1618 2151 1794 2193 totidem
1827 2151 1956 2192 Para—

228 2225 400 2279 graphis
433 2227 643 2279 quaedam
678 2239 895 2281 exponam.

1045 2493 1137 2547 §1-

843 2586 909 2627 De
953 2587 1061 2640 ipso
1102 2586 1348 2629 Examina.

367 2699 414 2739 A.
478 2699 706 2741 Materia.
764 2703 798 2741 1.
838 2700 1097 2743 Examinis
1137 2701 1196 2743 ad
1241 2700 1491 2753 gradum1)
1527 2698 1782 2752 assignanda
1823 2700 1888 2740 est
1930 2710 1955 2738 a

231 2771 456 2825 Superiore
497 2786 592 2815 cum
630 2774 849 2816 Praefecto
891 2775 1161 2829 Studiorum,
1203 2779 1245 2817 et
1284 2774 1479 2817 omnibus
1518 2774 1572 2815 ad
1612 2786 1703 2815 sese
1743 2772 1954 2825 parandos

230 2847 544 2899 praescribendi
577 2852 762 2901 quatuor
784 2862 962 2903 menses,
985 2851 1099 2891 ultra
1122 2849 1235 2903 quod
1257 2850 1292 2891 si
1315 2848 1537 2890 differatur
1557 2859 1744 2897 examen,
1774 2845 1953 2887 materia

232 2920 284 2962 ab
307 2921 452 2963 eodem
477 2921 703 2975 Superiore
726 2936 819 2965 cuni
842 2924 1062 2966 Praefecto
1084 2923 1289 2966 mutanda
1311 2923 1402 2965 erit.
1437 2925 1544 2974 (can.
1571 2923 1618 2963 13
1653 2921 1801 2973 Congr.
1817 2920 1953 2965 VIII.)

232 2995 288 3036 Et
325 2996 516 3048 quamvis
549 2998 574 3038 4
606 2997 824 3039 minimum
857 2999 1113 3041 assertiones
1146 3012 1195 3040 ex
1227 2997 1455 3049 Theologia
1487 2995 1740 3038 scholastica
1771 2998 1813 3036 et
1845 2995 1869 3035 3
1905 3006 1954 3035 ex

371 3158 396 3200 ¹)
422 3155 615 3190 Innerhalb
642 3156 705 3191 der
732 3157 976 3192 Gesellschaft
1000 3157 1102 3203 Jesu,
1128 3167 1192 3192 zur
1217 3156 1424 3191 Profession
1451 3156 1515 3191 der
1540 3156 1615 3190 vier
1642 3154 1814 3189 Gelubde.
