2164 3535
278 229 331 270 26
787 226 983 270 catalogus
1010 231 1207 270 perpetuus
1232 226 1362 261 Rheni.
1414 230 1511 262 1622.

1084 367 1206 408 1630.

970 449 1014 488 ln
1047 447 1321 488 rhetorica.

417 534 631 576 Ciceronis
663 535 904 576 orationum
936 533 1015 575 vol.
1040 535 1105 576 ‘2131
1159 558 1208 563 -—
1257 534 1321 576 De
1352 534 1612 576 Inventione.
1661 559 1707 563 —
1755 535 1922 577 Orator.
1956 561 2010 566 —

278 610 446 652 Horatii
479 610 546 651 lib.
582 612 619 651 4.
685 610 930 652 Carininum
971 612 1014 651 et
1045 609 1235 663 Epodon.
1279 635 1331 639 —-
1379 610 1563 652 Senecae
1595 609 1811 664 Thyestes.
1849 635 1898 640 —
1932 611 2012 652 De-

278 685 509 727 mosthenis
545 685 779 739 Philippica
814 687 832 726 1
869 689 911 726 et
943 686 977 725 2.
1017 709 1066 715 -—
1103 685 1393 739 Chrysostomi
1426 685 1477 726 de
1510 685 1748 728 sacerdotio
1781 686 1851 728 lib.
1886 688 1923 727 5.
1959 712 2010 717 —

277 761 450 802 Homeri
490 761 647 802 Iliados
689 761 874 813 quintus.
940 785 990 790 -
1054 760 1423 814 Epigrammatum
1461 774 1711 813 graecorum
1746 775 1846 815 pars
1879 763 1915 802 2.
1960 787 2007 791 —

278 835 386 877 Livii
428 835 596 877 decadis
637 837 674 876 2.
708 836 890 889 epitome
933 839 975 878 et
1008 836 1131 878 decas
1164 837 1216 879 3ἰἰ
1256 862 1302 865 —
1347 837 1553 878 Prosodia
1584 849 1644 889 gr.
1679 837 1770 878 Jac.
1805 836 2010 879 Gretseri.

279 936 329 941 —-
364 910 616 953 Rhetoricae
648 911 785 953 Soarii
817 911 1027 964 repetitio.

945 1039 991 1079 ln
1031 1039 1347 1080 humanitate.

416 1118 629 1161 Ciceronis
663 1118 822 1161 Officia.
859 1144 908 1149 —
943 1119 1025 1161 Pro
1059 1120 1082 1161 l.
1117 1120 1303 1161 Manilia.
1341 1145 1389 1150 —
1424 1119 1507 1161 Pro
1540 1119 1724 1172 Ligario.
1760 1145 1810 1150 —
1845 1120 2012 1173 Virgilii

276 1199 301 1240 l.
337 1195 461 1235 6-9.
508 1219 556 1225 —-
602 1194 810 1237 Martialis
842 1195 867 1236 1.
903 1197 926 1236 7
960 1197 1003 1237 et
1034 1196 1070 1237 8.
1127 1220 1176 1225 -
1231 1195 1390 1237 Caesar
1421 1195 1472 1237 de
1505 1194 1613 1236 bello
1646 1194 1754 1237 Gall.
1806 1220 1856 1224 —
1910 1195 2011 1237 Pro-

277 1269 396 1311 sodia
425 1270 726 1311 Emmanuelis.
760 1296 814 1300 —
847 1271 1057 1313 Isocrates
1090 1271 1143 1312 ad
1166 1271 1392 1313 Nicoclem.
1429 1296 1478 1301 —
1514 1271 1810 1313 Nazianzenus
1843 1270 1895 1313 de
1918 1271 2012 1313 Vir-

277 1345 466 1398 ginitate.
503 1371 553 1376 —
589 1346 786 1400 Syntaxis
819 1359 972 1399 graeca
1004 1346 1207 1388 Gretseri.
1245 1371 1293 1376 -
1328 1346 1556 1388 Rhetorica
1587 1345 1736 1388 Soarii.

788 1475 833 1514 ln
867 1486 1097 1527 suprema
1129 1474 1502 1527 grammaticae.

417 1553 629 1596 Ciceronis
662 1554 796 1607 Epist.
832 1554 884 1596 ad
925 1553 1054 1596 famil.
1098 1553 1167 1595 lib.
1202 1554 1341 1595 4—6.
1396 1578 1446 1583 —
1503 1553 1684 1595 Laelius.
1742 1578 1790 1584 -
1844 1554 2011 1607 Virgilii

277 1629 484 1670 Aeneidos
517 1629 585 1671 lib.
621 1632 658 1670 5.
715 1655 763 1659 —
819 1629 1081 1671 Selectorum
1114 1629 1347 1671 carminum
1386 1641 1485 1682 pars
1520 1630 1556 1669 2.
1615 1653 1664 1658 ——
1720 1629 2009 1672 Emmanuelis

277 1704 466 1758 syntaxis
499 1718 593 1746 cum
626 1704 929 1758 appendicibus
962 1704 1078 1746 tertii
1110 1704 1286 1757 generis.
1350 1703 1557 1745 Prosodia
1598 1703 1742 1745 latina.
1800 1729 1848 1734 ——
1902 1705 2010 1746 Pon-

276 1779 365 1820 tani
396 1779 619 1834 Progymn.
655 1779 721 1821 vol
765 1781 802 1820 2.
843 1804 892 1809 -
927 1779 1114 1820 Gramm.
1148 1791 1302 1832 graeca
1334 1778 1536 1821 Gretseri.
1573 1803 1622 1808 ——
1657 1780 1889 1832 Agapetus.

813 1907 858 1947 ln
900 1906 1058 1948 media
1098 1907 1468 1959 grammaticae.

417 1986 628 2028 Ciceronis
662 1987 795 2040 Epist.
837 1986 889 2028 ad
931 1986 1059 2028 famil.
1100 1986 1169 2028 lib.
1206 1987 1256 2028 13
1290 1990 1332 2027 et
1367 1988 1430 2027 14.
1496 2011 1545 2016 —
1611 1986 1747 2028 Ovidii
1788 1987 1839 2029 de
1872 1987 2006 2029 Ponto

277 2061 345 2102 lib.
375 2064 409 2102 1.
446 2087 494 2090 —
529 2062 782 2103 Cateehismi
814 2062 953 2114 graeci
986 2063 1124 2120 cap.j2
1149 2064 1190 2102 et
1213 2062 1250 2102 3.
1286 2086 1336 2091 —
1373 2061 1662 2103 Emmanuelis
1696 2062 1885 2115 syntaxis
1917 2062 2007 2104 sine

277 2136 493 2189 appendic.
529 2136 643 2177 tertii
675 2136 853 2189 generis.
916 2135 1229 2177 Grammaticae
1261 2135 1417 2177 latinae
1449 2136 1656 2188 repetitio.
1695 2161 1744 2166 —
1780 2136 1869 2178 Jac.
1901 2136 2007 2178 Pon—

277 2211 365 2252 tani
398 2211 621 2265 Progymn.
657 2212 735 2253 vol.
765 2214 819 2253 ΙΨ
854 2236 903 2241 -—
939 2210 1129 2253 Gretseri
1160 2210 1328 2252 Rudim.
1364 2223 1458 2252 cum
1492 2210 1630 2252 verbis
1662 2211 1704 2253 in
1733 2227 1790 2266 μι.

1081 2408 1201 2449 1631.

964 2489 1010 2530 ln
1049 2489 1317 2529 rhetorica.

416 2578 627 2621 Ciceronis
670 2580 909 2621 orationum
948 2580 1145 2621 volumen
1184 2580 1221 2621 3.
1287 2604 1336 2609 —
1401 2579 1462 2620 De
1506 2578 1687 2620 Oratore
1727 2578 1824 2620 libri
1862 2579 1899 2620 3.
1952 2603 2001 2608 —

277 2654 443 2695 Horatii
487 2667 614 2695 carm.
665 2654 770 2696 liber
809 2657 844 2695 1.
909 2679 958 2684 ——
1023 2654 1207 2696 Senecae
1247 2654 1390 2695 Troas.
1458 2678 1506 2682 —
1568 2653 1865 2695 Demosthenis
1909 2652 2005 2694 Phi-

276 2728 431 2782 lippica
459 2730 482 2769 3
513 2733 554 2770 et
583 2731 620 2770 4.
677 2754 725 2759 -
782 2728 1071 2782 Chrysostomi
1104 2728 1154 2770 de
1187 2727 1422 2770 sacerdotio
1454 2728 1561 2769 liber
1591 2729 1628 2768 6.
1679 2752 1728 2757 -
1783 2727 2005 2780 Epigram-

276 2806 436 2844 matum
470 2816 606 2856 graec.
641 2816 739 2857 pars
773 2804 824 2845 3²3L
879 2828 928 2833 —
979 2803 1084 2845 Livii
1117 2803 1241 2844 decas
1274 2806 1438 2855 quarta.
1488 2827 1537 2832 -
1579 2801 1785 2844 Prosodia
1816 2814 1877 2855 gr.
1911 2802 2001 2844 Jac.

277 2877 479 2919 Gretseri.
516 2903 564 2908 ——
600 2879 852 2920 Rhetoricae
885 2878 1021 2920 Soarii
1055 2877 1262 2931 repetit-io.

946 2995 991 3035 ln
1029 2994 1346 3035 humanitate.

417 3073 560 3115 Cicero
594 3073 645 3114 (le
676 3072 841 3115 finibus.
888 3098 937 3103 —
979 3073 1060 3115 Pro
1093 3074 1306 3126 Dejotaro.
1349 3097 1397 3102 —-
1444 3072 1523 3113 Pro
1557 3072 1768 3114 Marcello.
1816 3097 1865 3102 —
1910 3071 2001 3114 Vir-

278 3148 364 3201 gilii
396 3148 464 3190 lib.
501 3148 679 3189 10—12.
730 3173 779 3178 —-
828 3147 1035 3189 Martialis
1067 3148 1092 3189 l.
1125 3150 1148 3189 9
1181 3150 1224 3189 et
1258 3148 1322 3189 10.
1373 3172 1422 3177 —
1472 3147 1658 3189 Curtius.
1704 3171 1753 3176 ——
1796 3145 2001 3189 Prosodia
