2164 3535
409 253 475 289 Die
502 253 763 289 obex-deutsche
790 253 941 288 Provinz
967 252 1056 288 tiber
1081 252 1138 287 die
1164 262 1255 287 neue
1281 251 1323 287 R.
1351 255 1393 287 st.
1423 254 1520 287 1835.
1750 255 1830 296 531

1504 323 1627 330 Q

112 394 309 436 citiorum
341 406 562 436 numerum
596 392 763 435 difficile
785 395 849 435 est
870 393 995 447 plura
1016 392 1153 435 adhuc
1174 391 1415 435 Matheseos
1441 391 1640 434 exercitia
1663 391 1833 447 addere,

111 468 181 511 ubi
213 481 391 522 magnus
425 467 679 521 quandoque
716 470 957 509 nostrorum
990 467 1341 521 Philosophorum
1382 478 1584 508 numerus
1629 465 1835 508 sufficien-

110 547 176 585 ter
207 543 482 585 examinetur.
548 544 599 585 29
632 541 819 584 Subinde
851 542 891 584 in
925 542 1061 596 prima
1092 542 1189 584 anni
1221 546 1344 596 parte
1378 542 1554 594 exiguus
1589 545 1653 584 est
1684 541 1724 582 in
1757 540 1835 583 hac

111 617 286 660 scientia
317 629 593 673 progressus,
635 618 807 659 econtra
839 616 974 669 major
1005 629 1151 659 versus
1186 615 1325 668 finem3
1370 629 1502 671 quare
1534 629 1661 671 saepe
1693 616 1836 670 priora

110 693 183 735 illa
214 692 405 735 examina
438 693 526 735 fere
558 692 734 734 inutilia.
799 693 851 734 3‘?
887 691 1021 745 Saepe
1054 691 1279 735 difficultas
1316 692 1468 749 etiam,
1513 696 1561 734 ut
1592 704 1667 746 per
1700 694 1836 733 totum

111 779 268 810 annum
300 766 425 808 iidem
451 767 548 822 sint,
581 767 652 820 qui
676 765 923 819 suffragium
954 765 1114 817 ferant3
1149 767 1299 820 quodsi
1320 767 1447 809 iidem
1471 779 1553 809 non
1578 767 1675 820 sint,
1708 779 1836 809 causa

111 842 346 884 turbationi
380 844 423 884 et
453 841 743 883 incertitudini
776 840 913 883 datur.
977 841 1207 883 Videretur
1237 842 1385 895 itaque
1418 854 1552 896 aeque
1585 841 1834 884 conveniens

111 917 240 959 semel
274 917 314 958 in
346 915 427 958 fine
460 929 633 958 examen
676 929 751 969 per
795 915 967 969 aliquod
1007 918 1176 969 tempus
1220 917 1510 970 praescribere
1550 929 1600 959 ex
1644 916 1836 959 omnibus

111 991 208 1033 anni
239 990 446 1041 materiis;
479 990 607 1044 idque
639 990 870 1044 adjungere
900 990 940 1032 in
974 991 1083 1045 §6.,
1116 990 1187 1033 ubi
1220 991 1270 1033 de
1303 992 1494 1034 examine
1527 1005 1575 1035 ex
1607 992 1763 1045 Logica
1795 994 1838 1034 et

110 1065 402 1120 Metaphysica
433 1066 586 1119 agitur.

247 1141 318 1183 Ad
350 1141 373 1196 ξ
397 1142 434 1182 6.
472 1141 639 1183 videtur
661 1140 976 1194 declarandum,
1001 1154 1052 1184 an
1077 1142 1267 1184 Examen
1292 1142 1514 1184 universae
1538 1141 1834 1195 Philosophiae

111 1216 441 1270 comprehendat
473 1216 600 1258 etiam
633 1216 841 1258 Ethicam.

246 1292 364 1345 Reg.
390 1292 457 1334 37.
496 1293 520 1346 ἓ
551 1294 614 1334 11.
669 1291 876 1342 Quoniam
909 1303 1071 1345 paucae
1101 1292 1190 1345 Jam
1222 1291 1470 1333 Provinciae
1501 1303 1594 1333 esse
1625 1290 1834 1345 videntur,

110 1367 151 1408 in
184 1366 338 1420 quibus
382 1378 463 1408 non
497 1366 663 1419 integra
704 1367 855 1409 saltem
888 1366 975 1408 dies
1018 1366 1227 1409 vacationi
1267 1365 1624 1408 hebdomadariae
1667 1366 1834 1409 concedi

110 1441 269 1483 dudum
298 1442 446 1496 soleat,
478 1441 694 1483 videretur
726 1441 920 1483 addenda
952 1441 1145 1483 clausula
1178 1441 1342 1498 aliqua,
1376 1454 1459 1495 qua
1490 1442 1672 1484 latitudo
1705 1455 1831 1496 quae-

111 1516 208 1558 dam
241 1516 418 1559 daretur
439 1516 579 1569 quoad
603 1516 711 1558 diem
743 1516 955 1569 integrum
979 1516 1043 1558 vel
1067 1516 1285 1558 dimidium
1315 1519 1480 1558 tantum
1504 1517 1832 1573 concedendum,

110 1604 162 1633 ne
193 1604 314 1634 secus
346 1592 470 1634 Ratio
505 1591 753 1634 Studiorum
786 1591 1010 1641 habeatur,
1042 1591 1181 1645 qualis
1214 1592 1373 1634 Romae
1404 1592 1491 1634 fere
1523 1593 1659 1635 solum
1694 1593 1834 1635 obser-

110 1671 246 1710 vatur.
309 1668 511 1711 Fortasse
550 1680 631 1709 non
673 1667 747 1709 abs
789 1680 834 1710 re
875 1666 1010 1723 foret,
1051 1667 1091 1709 in
1136 1667 1229 1721 ipsa
1271 1667 1517 1710 Studiorum
1560 1669 1740 1711 Ratione
1783 1668 1836 1710 ad

111 1743 222 1797 §lo
256 1743 522 1797 permittere,
555 1747 603 1786 ut
634 1743 725 1785 loco
759 1743 839 1785 diei
872 1743 1052 1797 integri,
1096 1743 1178 1785 duo
1212 1743 1371 1785 dimidii
1412 1743 1582 1786 concedi
1622 1747 1779 1796 queant
1812 1755 1834 1785 a

111 1818 298 1873 meridie,
333 1819 433 1873 quia
464 1831 540 1872 pro
574 1818 822 1861 Scholarum
856 1822 1045 1872 tempore
1079 1818 1225 1861 eodem
1257 1831 1324 1861 res
1357 1818 1485 1866 redit:
1517 1831 1593 1873 pro
1623 1819 1836 1861 Professo-

111 1893 227 1936 ribus
251 1906 349 1936 vero
383 1907 432 1936 ea
462 1894 714 1947 interruptio
748 1893 975 1935 admodum
998 1894 1217 1936 commoda
1239 1899 1321 1946 est,
1357 1907 1403 1936 ac
1425 1897 1647 1948 praeterea
1679 1894 1720 1936 in
1745 1895 1833 1948 qui-

110 1968 290 2010 busdam
323 1970 565 2023 regionibus
599 1969 725 2012 etiam
758 1969 870 2022 apud
902 1969 1082 2012 Nostros
1116 1970 1157 2012 in
1189 1982 1279 2012 mos
1312 1970 1565 2012 invaluerat.

661 2234 938 2300 Regulae
976 2234 1282 2284 Rectoris.

250 2372 363 2425 Reg.
403 2373 466 2413 12.
530 2371 635 2413 Cum
668 2370 707 2412 in
740 2371 955 2426 plurimis,
987 2372 1089 2423 11110,
1130 2374 1337 2424 quantum
1370 2371 1550 2420 videtur,
1582 2370 1668 2413 fere
1700 2372 1830 2413 omni-

115 2447 193 2489 bus
225 2446 456 2489 Provinciis
488 2458 577 2487 mos
610 2446 678 2497 sit,
710 2448 759 2487 ut
790 2445 842 2487 ad
871 2445 1184 2499 Philosophiam
1219 2459 1338 2489 nemo
1373 2446 1559 2496 accedat,
1591 2446 1689 2499 quin
1723 2445 1831 2488 Rhe-

113 2521 290 2563 toricam
323 2533 370 2562 ac
403 2520 720 2562 Humanitatem
754 2519 920 2562 biennio
953 2520 1112 2576 fecerit,
1146 2520 1362 2562 videretur
1392 2521 1456 2562 vel
1488 2521 1750 2562 immutanda
1784 2533 1832 2563 ea

113 2608 211 2649 pars
235 2595 426 2649 regulae:
460 2608 555 2637 non
588 2595 819 2649 cogendi,
853 2595 918 2638 vel
949 2595 1187 2638 limitanda:
1220 2596 1317 2637 nisi
1340 2596 1478 2638 alius
1511 2596 1574 2637 sit
1607 2596 1832 2649 regionis

113 2683 233 2714 mos.

252 2746 366 2799 Reg.
407 2747 470 2788 18.
504 2745 724 2800 permittit,
757 2758 832 2798 pro
866 2745 1080 2798 regionum
1115 2758 1244 2795 more,
1277 2748 1325 2787 ut
1356 2758 1430 2799 per
1461 2746 1672 2799 integrum
1705 2746 1831 2788 etiam

117 2821 226 2863 diem
266 2819 485 2863 inferiores
528 2820 695 2863 scholae
726 2823 892 2867 vacent:
937 2824 1108 2862 econtra
1149 2821 1249 2874 Reg.
1290 2822 1354 2862 37,
1397 2822 1420 2875 ξ
1459 2824 1521 2862 11.
1583 2821 1830 2863 Provincial.

118 2896 371 2949 generaliter
403 2896 567 2949 statuit,
600 2899 648 2937 ut
683 2895 849 2937 scholae
886 2895 1102 2937 inferiores
1135 2901 1231 2949 post
1260 2896 1475 2939 meridiem
1509 2896 1636 2938 solem
1670 2900 1829 2938 vacent.

115 2970 294 3013 Videtur
324 2971 365 3013 in
398 2972 475 3015 hoc
507 2971 713 3025 quaedam
748 2970 1038 3023 contradictio,
1072 2983 1180 3024 quae
1213 2972 1397 3014 tollenda
1431 2974 1551 3015 esset.

1559 3252 1625 3285 34*
