2164 3535
462 249 712 284 Gemeinsame
739 248 1074 293 Convictsordnung
1100 248 1163 283 der
1188 253 1314 283 osterr.
1342 248 1493 283 Provinz
1525 252 1620 284 1654.
1817 252 1898 293 267

318 391 352 430 6.
403 390 569 441 Regens
601 402 683 431 non
716 389 950 443 permittat,
983 392 1032 430 ut
1062 389 1287 442 quisquam
1321 388 1372 430 de
1405 388 1528 430 domo
1560 392 1708 431 nostra
1731 391 1902 442 praeter

178 465 400 506 Rectorem
441 463 671 516 quidquam
713 463 753 504 in
796 475 875 504 sua
917 463 1077 504 familia
1118 463 1297 516 imperet
1345 463 1411 505 vel
1460 463 1511 504 de
1552 462 1901 505 Adolescentibus

179 539 395 593 disponat,
436 541 485 579 ut
516 537 746 579 emittendo
774 540 780 589 Ι
807 537 872 578 vel
904 536 1121 578 educendo
1154 550 1224 579 eos
1256 537 1390 592 foraS,
1431 537 1509 579 etsi
1542 537 1736 579 Minister
1767 537 1900 579 nostri

179 613 349 666 Collegij
383 612 504 654 foret.
558 611 717 662 Quodsi
749 614 920 664 praeter
950 611 1123 653 modum
1154 612 1314 665 aliquid
1347 613 1503 655 urserit
1524 612 1735 666 quispiam
1756 612 1799 653 in
1825 611 1903 653 hoc

177 699 343 740 genere,
375 686 484 728 serio
515 686 634 727 illum
666 689 836 727 moneat
868 689 911 727 et
942 685 995 727 ad
1027 686 1250 728 Rectorem
1284 687 1459 730 deferat.
1523 688 1621 730 Pari
1654 687 1831 737 ratione,
1867 687 1902 728 si

177 774 225 803 ex
263 761 420 803 nostris
460 761 623 813 aliquos
666 772 741 802 seu
773 760 923 802 Patres
955 773 1031 802 seu
1064 761 1238 803 Fratres
1271 774 1362 803 sese
1395 763 1522 805 rebus
1555 762 1607 804 ad
1639 761 1743 803 illud
1775 761 1904 803 domi-

177 836 318 878 cilium
364 835 653 889 spectantibus
698 836 933 878 immiscere
982 840 1057 877 aut
1102 836 1310 879 Patronos
1357 837 1707 880 Adolescentibus
1757 840 1904 879 contra

177 910 315 964 ipsum
346 911 578 963 Regentem
610 912 685 952 aut
715 911 957 953 Praefectos
991 911 1081 952 eius
1114 923 1159 952 se
1191 910 1387 954 exhibere
1430 911 1692 967 adverteret,
1737 915 1903 954 mature

177 985 287 1028 idem
319 986 542 1027 Rectorem
572 990 753 1028 moneat.
818 986 946 1028 Idem.

316 1062 353 1101 7.
402 1059 565 1114 Singuli
596 1060 691 1103 lecti
714 1060 900 1103 habeant
922 1073 1048 1102 unam
1071 1061 1278 1103 cortinam
1301 1061 1506 1104 adversus
1528 1061 1686 1104 lectum
1708 1062 1903 1117 vicinum,

183 1147 235 1177 ne
266 1134 374 1177 alter
405 1135 458 1177 ab
490 1136 624 1178 altero
658 1135 840 1189 conspici
870 1136 1017 1190 possit.

316 1211 353 1251 8.
402 1210 573 1253 Mensae
610 1210 944 1253 benedictionem
985 1214 1028 1253 et
1058 1212 1293 1264 gratiarum
1327 1212 1535 1254 actionem
1567 1214 1688 1253 extra
1720 1211 1906 1253 Domini-

179 1297 248 1327 cos
290 1287 333 1327 et
370 1285 501 1328 festos
543 1286 630 1328 dies
670 1285 849 1328 recitent
891 1285 1067 1339 posthac
1100 1286 1372 1328 Convictores
1406 1298 1550 1328 omnes
1583 1286 1752 1341 ordine,
1797 1299 1906 1339 quae

179 1362 319 1401 tamen
361 1359 500 1402 brevis
542 1360 597 1402 sit
638 1364 767 1414 atque
807 1373 857 1402 ex
898 1359 1032 1402 officio
1076 1361 1265 1402 Romano
1298 1360 1346 1402 B.
1380 1361 1428 1402 V.
1463 1361 1624 1402 Mariae
1667 1360 1906 1415 desumpta,

178 1434 472 1487 subiungendo
513 1438 680 1477 tantum
721 1436 799 1489 ipsi
838 1435 1128 1477 Benedictioni
1170 1436 1415 1478 Orationem
1448 1436 1710 1478 Dominicam
1752 1439 1794 1478 et
1825 1437 1907 1477 An-

179 1509 355 1562 gelicam
387 1509 709 1566 salutationem,
751 1511 861 1552 sicut
892 1514 935 1552 et
967 1511 1200 1563 gratiarum
1234 1511 1410 1563 actioni,
1453 1523 1536 1564 quo
1569 1511 1766 1553 nimirum
1799 1510 1907 1553 hanc

179 1583 404 1626 formulam
448 1583 609 1637 reliquo
652 1585 764 1626 vitae
806 1597 933 1627 cursu
975 1597 1052 1639 pro
1093 1598 1168 1627 suo
1218 1585 1397 1638 quisque
1445 1588 1562 1627 statu
1615 1585 1908 1638 saecularique

179 1658 397 1701 vocatione
429 1659 611 1701 retinere
644 1660 766 1702 facile
798 1663 927 1713 atque
959 1672 1153 1702 exercere
1181 1663 1186 1712 l
1214 1660 1361 1713 possit.
1426 1660 1596 1702 Alumni
1628 1673 1726 1702 vero
1760 1663 1802 1702 et
1835 1660 1907 1713 qui

180 1733 233 1775 ad
256 1733 600 1776 Ecclesiasticum
632 1747 708 1776 seu
730 1735 989 1788 Religiosum
1022 1734 1194 1788 aliquod
1218 1735 1329 1776 vitae
1361 1747 1494 1788 genus
1526 1735 1608 1777 iam
1641 1748 1751 1777 nnnc
1781 1735 1907 1777 desti-

179 1808 268 1850 nati
299 1811 419 1864 sunt,
463 1809 691 1851 Dominicis
725 1813 892 1851 tantum
925 1813 967 1851 et
998 1809 1116 1851 festis
1150 1809 1297 1851 diebus
1330 1810 1511 1852 recitent
1542 1810 1679 1865 illam,
1718 1822 1828 1863 quae
1865 1810 1906 1851 in

179 1883 398 1925 Breviario
430 1884 620 1926 Romano
653 1884 848 1926 habetur.

319 1960 356 2000 9.
405 1957 448 2000 Si
489 1959 658 2012 quando
702 1960 835 2001 nostri
873 1960 913 2000 in
947 1959 1219 2002 Convictibus
1260 1960 1324 2002 vel
1358 1960 1604 2013 Seminarijs
1636 1960 1677 2001 in
1710 1960 1906 2002 morbum

179 2033 432 2087 inciderent,
470 2034 720 2087 praesertim
764 2034 934 2087 quando
967 2034 1217 2076 diuturnum
1248 2034 1440 2076 futurum
1474 2038 1647 2089 putant,
1689 2035 1742 2077 ad
1775 2035 1908 2078 Colle-

180 2108 293 2161 gium
326 2111 520 2150 nostrum
552 2109 802 2163 tempestive
824 2114 1090 2163 revocentur,
1122 2110 1363 2163 quicunque
1389 2110 1447 2151 illi
1470 2110 1573 2155 sint:
1607 2110 1742 2152 solvet
1764 2115 1905 2152 autem

178 2183 263 2225 tale
301 2183 555 2225 domicilium
594 2196 670 2237 pro
710 2184 953 2226 huiusmodi
992 2183 1168 2226 infirmis
1209 2184 1366 2227 nostris
1399 2184 1633 2238 pharmaca
1666 2190 1708 2226 et
1741 2185 1906 2237 reliqua

180 2258 321 2311 etiam,
355 2270 463 2311 quae
495 2258 659 2300 ratione
692 2258 950 2300 infirmitatis
983 2263 1295 2312 comparantur.

321 2334 384 2373 10.
433 2332 641 2375 Praefecti
674 2333 946 2375 Musaeorum
988 2333 1097 2375 bona
1138 2334 1222 2376 sint
1253 2333 1519 2389 valetudine,
1565 2335 1636 2387 qui
1675 2337 1718 2376 et
1749 2334 1907 2376 solidae

180 2407 350 2449 virtutis
402 2410 445 2449 et
495 2408 779 2461 maturitatis,
834 2421 909 2450 nec
964 2408 1185 2450 mediocris
1238 2409 1489 2451 conditionis
1537 2408 1723 2450 habeant
1769 2409 1907 2450 existi-

181 2482 427 2537 mationem,
459 2495 542 2524 non
575 2487 718 2525 autem
751 2483 977 2539 eiusmodi,
1012 2497 1035 2525 a
1068 2484 1222 2537 quibus
1257 2485 1412 2527 Rector
1443 2485 1484 2526 in
1519 2484 1704 2537 Collegio
1736 2484 1908 2526 liberari

181 2556 294 2611 velit,
327 2560 375 2597 ut
405 2568 500 2598 cum
531 2556 776 2611 disciplinae
808 2557 1060 2600 detrimento
1092 2558 1215 2600 facile
1245 2559 1457 2601 contemni
1482 2559 1657 2612 possint.
1716 2560 1774 2601 Ne
1806 2559 1907 2601 item

181 2632 268 2671 tam
310 2630 482 2672 crebrae
522 2630 625 2673 fiant
664 2633 920 2674 mutationes
953 2632 1293 2688 Piaesectorum,
1334 2647 1443 2687 quae
1485 2646 1567 2676 non
1608 2639 1787 2687 possunt
1825 2646 1907 2676 non

181 2717 273 2766 esse
302 2718 503 2759 operosae
526 2708 567 2748 et
588 2710 864 2760 sumptuosae
886 2707 1122 2762 domiciliJs,
1154 2709 1435 2761 permolestae
1459 2721 1557 2751 vero
1585 2711 1590 2760 l
1619 2708 1905 2750 Adolescenti-

183 2779 274 2834 bus,
307 2779 407 2821 dum
440 2784 649 2833 coguntur
681 2794 787 2823 novo
810 2782 1028 2824 Praefecto
1061 2782 1249 2825 crebrius
1272 2796 1317 2826 se
1346 2783 1674 2825 accommodare.
1711 2783 1905 2824 Alberus.

322 2863 385 2901 11.
434 2861 600 2914 Regens
647 2874 728 2903 non
772 2862 889 2904 dabit
930 2862 1141 2904 licentiam
1183 2863 1400 2916 Magistris
1449 2863 1713 2917 exspatiandi
1761 2867 1803 2904 et
1854 2863 1907 2904 ad

184 2935 396 2977 civitatem
435 2935 583 2990 eundi,
624 2936 697 2978 sed
730 2949 821 2979 eam
856 2937 1010 2979 debent
1040 2941 1184 2991 petere
1218 2951 1241 2980 a
1272 2939 1453 2981 Rectore
1485 2939 1680 2993 Collegij,
1724 2938 1835 2980 sicut
1866 2942 1908 2979 et

182 3009 429 3051 facultatem
461 3010 670 3053 scribendi
702 3011 848 3054 literas
882 3016 957 3053 aut
989 3012 1252 3069 obsignandi,
1284 3014 1364 3055 nisi
1388 3015 1543 3056 Rector
1573 3013 1783 3055 iudicaret
1814 3025 1908 3066 per-

184 3084 436 3126 mittendum
459 3085 653 3138 Regenti;
687 3099 823 3140 neque
856 3087 993 3129 claves
1024 3087 1210 3130 habeant
1240 3088 1292 3130 ad
1316 3089 1556 3142 dispensam
1580 3092 1653 3130 aut
1675 3087 1905 3134 cellarium,

187 3162 262 3200 aut
293 3170 369 3212 pro
402 3158 614 3201 arbitratu
647 3161 954 3214 ingrediantur.
1015 3161 1244 3206 Montrnor.
