2164 3535
609 207 1067 252 Pensionats-Padagogik
1092 218 1151 242 um
1178 209 1368 243 1820—30.
1765 210 1846 251 373

129 353 390 409 officialibus,
422 365 532 407 quae
563 351 771 406 praestari
804 349 997 400 debeant,
1031 348 1254 401 diligenter
1286 348 1577 390 observentur.
1639 347 1681 389 Si
1705 351 1844 390 tamen

128 429 230 483 quid
261 428 470 481 advertat,
502 427 616 480 quod
648 424 904 468 dissimulari
935 436 1018 466 non
1049 423 1198 477 possit,
1231 422 1486 465 auctoritate
1518 435 1596 464 sua
1628 425 1785 464 utatur.

271 504 335 545 13.
381 501 574 544 Infirmos
607 501 775 555 saepius
807 500 962 551 visitet,
996 502 1045 541 ut
1076 511 1124 540 eo
1158 498 1444 552 diligentiores
1477 499 1563 540 sint
1592 497 1757 552 medici,
1788 498 1847 539 in—

127 578 351 633 firmarius,
383 577 627 619 Praefectus
659 575 867 618 sanitatis.

268 654 331 694 14.
380 651 521 705 Ipsius
553 650 723 703 quidem
745 653 823 703 est,
857 650 1039 692 excitare
1061 649 1290 704 segniores,
1322 649 1531 692 ferventes
1555 652 1598 692 et
1618 649 1845 692 indiscrete

127 728 312 771 zelantes
344 727 555 770 moderari
587 739 635 768 ac
666 725 847 780 frenare,
878 725 937 766 ita
969 728 1124 780 tamen,
1156 729 1204 767 ut
1239 738 1346 767 »non
1375 724 1578 778 impediat
1600 725 1847 779 musicam«,

125 804 151 846 i.
185 817 219 846 e.
254 807 301 846 ut
332 816 415 845 non
446 801 713 844 auctoritatis
746 812 848 842 suae
880 799 1129 852 praeprimis
1162 799 1378 841 studiosus
1420 812 1512 842 esse
1543 800 1761 855 videatur,
1800 802 1849 841 ut

126 879 213 921 suis
254 876 509 921 subalternis
553 875 781 929 plurimum
819 874 1004 929 deferat,
1047 878 1096 915 ut
1125 874 1392 916 Praefectum
1433 876 1671 928 generalem
1704 876 1844 929 potius

126 966 269 996 errare
307 953 445 1006 sinat,
487 963 616 1005 quam
656 950 746 1004 ipse
784 952 919 999 erret,
961 952 1031 1001 ut,
1072 950 1107 992 si
1140 949 1241 1002 quid
1273 951 1460 991 erratum
1493 954 1577 1000 est,
1621 963 1696 1003 per
1726 951 1845 992 illum

125 1029 278 1085 ipsum,
311 1041 336 1070 a
366 1040 450 1082 quo
483 1028 673 1069 erratum
704 1028 783 1081 est,
816 1027 1023 1078 quantum
1053 1023 1143 1067 fieri
1164 1027 1319 1078 potest,
1353 1028 1523 1078 reparet
1545 1028 1846 1079 auctoremque

125 1104 255 1147 errati
287 1106 404 1157 tegat
434 1102 499 1145 vel
530 1103 713 1144 excuset.

265 1181 331 1222 15.
378 1178 516 1230 Quum
546 1177 792 1219 Praefectus
825 1175 1032 1229 generalis
1064 1187 1145 1217 non
1178 1175 1316 1217 minus
1349 1188 1476 1229 quam
1509 1176 1664 1217 Rector
1695 1175 1847 1218 debeat

125 1267 376 1309 cognoscere
422 1254 688 1296 alumnorum
736 1254 957 1307 parentes,
1014 1253 1199 1307 tutores,
1254 1251 1319 1293 vel
1366 1251 1438 1304 qui
1485 1252 1709 1304 parentum
1756 1252 1846 1293 loeo

124 1342 353 1384 puerorum
385 1341 531 1372 curam
562 1328 737 1383 habent,
769 1326 890 1382 hinc,
922 1326 1093 1380 quando
1127 1327 1282 1368 Rector
1313 1326 1490 1380 suscipit
1524 1327 1742 1368 alumnum
1774 1327 1848 1368 ali-

124 1418 263 1461 quem,
296 1405 361 1447 vel
391 1404 435 1446 id
465 1403 594 1446 faciat
613 1402 831 1446 Praefecto
865 1402 1053 1456 generali
1084 1405 1321 1457 praesente,
1356 1402 1416 1444 vel
1451 1405 1648 1456 parentes
1672 1402 1843 1444 adeum

124 1481 292 1537 dirigat,
324 1483 372 1522 ut
403 1479 455 1522 de
484 1479 611 1522 rebus
643 1478 876 1521 minoribus
909 1490 1003 1521 cum
1035 1490 1083 1519 eo
1116 1480 1256 1530 agant.

263 1556 430 1598 Habeat
466 1554 759 1609 campanulam
797 1557 840 1596 et
881 1553 1080 1595 tabellam
1124 1553 1177 1595 ad
1211 1553 1387 1607 Januam
1430 1553 1630 1605 cubiculi,
1673 1553 1714 1594 in
1747 1565 1845 1607 qua,

125 1633 159 1675 si
190 1632 379 1688 exiverit,
411 1631 634 1686 indicetur,
666 1629 739 1672 ubi
772 1628 920 1683 quaeri
954 1628 1117 1671 debeat.

402 1895 654 1938 Praefecti
692 1896 948 1951 generalis
988 1897 1062 1938 vel
1101 1896 1316 1938 ministri
1355 1895 1567 1950 regulae.

264 2003 298 2043 1.
347 2000 591 2043 Praefectus
630 2001 838 2054 generalis
876 2005 942 2044 est
974 2001 1171 2054 generale
1203 2000 1396 2043 Rectoris
1429 2000 1757 2043 instrumentum
1791 2000 1844 2041 ad

122 2076 370 2120 Convictum
407 2079 524 2118 recte
556 2075 859 2132 ordinandum,
901 2075 1132 2129 regendum
1164 2079 1206 2118 et
1238 2075 1557 2117 moderandum.
1620 2075 1724 2128 Ejus
1757 2075 1844 2117 offi—

122 2152 230 2195 cium
262 2164 366 2206 prae
396 2151 546 2194 ceteris
577 2151 741 2194 facilius
765 2151 958 2193 Minister
990 2163 1206 2193 exercerce
1238 2154 1390 2204 potest.
1428 2176 1476 2180 ——
1511 2150 1576 2192 Ad
1600 2164 1694 2193 eum
1717 2151 1844 2204 perti-

121 2232 193 2270 net
224 2240 327 2270 cura
356 2226 601 2269 immediata
630 2227 762 2269 totius
795 2227 944 2269 domus
967 2229 1010 2269 et
1031 2226 1295 2279 singulorum
1318 2226 1632 2268 individuorum
1656 2227 1841 2279 aliquam

122 2303 176 2345 ad
209 2303 401 2345 alumnos
434 2302 682 2344 relationem
714 2301 973 2343 habentium.
1009 2326 1061 2331 —
1094 2301 1231 2343 Debet
1262 2314 1352 2343 esse
1384 2314 1508 2353 unus,
1541 2315 1565 2343 a
1587 2314 1669 2354 quo
1699 2314 1843 2344 omnes

121 2378 355 2421 subalterni
398 2377 681 2431 dependeant3
723 2377 813 2430 ipse
855 2379 997 2419 autem
1038 2377 1079 2418 in
1122 2377 1195 2432 iis,
1239 2389 1348 2430 quae
1390 2376 1442 2417 ad
1481 2377 1759 2418 ordinandum
1800 2380 1842 2418 et

121 2453 427 2496 moderandum
461 2451 708 2495 Convictum
741 2452 976 2507 pertinent,
1019 2465 1043 2494 a
1074 2452 1263 2503 nemine,
1305 2452 1384 2494 nisi
1417 2465 1441 2493 a
1473 2452 1651 2493 Rectore
1691 2451 1843 2505 depen-

123 2529 231 2571 deat.
269 2553 318 2558 —
353 2527 520 2570 Habeat
551 2527 845 2581 campanulam
877 2530 919 2570 et
949 2527 1150 2569 tabellam
1183 2527 1235 2569 ad
1252 2528 1427 2580 J'anuam
1450 2527 1644 2582 cubiculi,
1677 2527 1717 2568 in
1742 2540 1838 2580 qua,

121 2604 156 2647 si
188 2603 375 2658 exiverit,
407 2602 630 2658 indicetur,
662 2603 733 2645 ubi
766 2603 912 2656 quaeri
945 2602 1108 2645 debeat.

260 2686 298 2726 2.
346 2683 429 2727 Ubi
469 2683 584 2726 solus
616 2683 861 2726 Praefectus
904 2684 1112 2736 generalis
1154 2682 1347 2726 sufficere
1386 2696 1467 2725 non
1499 2687 1660 2739 potest,
1697 2685 1840 2737 Juvari

124 2760 249 2803 debet
290 2762 365 2801 aut
403 2772 478 2812 per
508 2757 840 2801 Subministrum
881 2759 934 2800 ad
975 2758 1018 2800 id
1060 2759 1299 2812 specialiter
1338 2759 1618 2813 destinatum,
1661 2763 1736 2801 aut
1767 2773 1841 2813 per

122 2835 387 2877 Praefectum
419 2834 852 2888 supernumerarium,
886 2834 957 2887 qui
989 2833 1135 2876 haberi
1167 2835 1286 2885 solet,
1320 2838 1367 2876 ut
1398 2835 1439 2876 in
1463 2847 1715 2888 quocunque
1738 2848 1838 2878 casu

122 2910 385 2953 necessitatis
417 2922 494 2963 pro
526 2909 618 2951 aliis
652 2909 848 2963 supplere
879 2910 1023 2963 possit.

260 2992 297 3032 3.
352 2991 596 3033 Praefectus
644 2990 851 3043 generalis
899 3003 924 3032 a
968 2991 1159 3034 Rectoris
1205 2992 1466 3045 praescripto
1514 3004 1595 3032 non
1648 2992 1838 3038 recedat:

125 3067 285 3109 nullam
328 3065 685 3109 Consuetudinem
728 3070 802 3108 aut
843 3068 1054 3120 receptam
1095 3067 1239 3122 tollat,
1293 3070 1368 3110 aut
1409 3079 1558 3108 novam
1599 3067 1840 3109 introducat

130 3142 260 3185 inscio
294 3145 336 3185 et
367 3141 603 3184 inconsulto
636 3142 827 3184 Rectore.
870 3167 919 3172 -
959 3142 1085 3194 Nihil,
1118 3146 1237 3185 extra
1268 3154 1409 3184 casum
1442 3142 1630 3195 urgentis
1662 3143 1840 3185 necessi—
