2164 3535
463 239 564 274 Neue
591 239 953 284 Studienvorschlage
980 239 1044 275 der
1069 240 1266 275 deutschen
1292 240 1444 276 Provinz
1473 243 1570 277 1830.
1791 245 1874 285 445

407 527 629 594 Regulae
667 537 987 578 externorum
1026 529 1310 578 auditorum
1349 528 1629 578 Societatis.

297 665 350 706 In
388 678 578 718 genere.
642 666 796 720 Agitur
833 667 1002 720 quidem
1035 667 1085 709 de
1117 668 1280 710 ratione
1311 667 1551 710 studiorum
1583 667 1740 710 nostris
1772 670 1880 709 tem-

159 739 332 793 poribus
365 741 739 796 accommodanda‚
772 741 940 784 videtur
971 746 1111 784 tamen
1149 742 1277 784 etiam
1311 743 1377 795 agi
1409 755 1532 796 posse
1565 742 1615 784 de
1647 742 1794 784 eadem
1826 742 1880 784 ad

160 815 384 868 pristinum
423 818 582 858 statum
620 817 662 858 in
702 816 893 870 plurimis
937 817 1189 858 reducenda.
1251 817 1368 859 Inter
1409 818 1492 859 alia
1534 818 1598 860 his
1634 819 1683 860 15
1718 817 1875 871 regulis

160 891 202 931 in
234 891 444 944 aliquibus
476 891 576 933 locis
608 891 929 933 substituuntur
960 892 1064 946 alia,
1105 904 1214 945 quae
1247 892 1418 944 quidem
1450 892 1561 934 idem
1594 893 1877 946 complectun-

161 969 253 1021 tur,
294 966 368 1008 sed
408 966 486 1008 sub
524 967 606 1008 alia
645 967 792 1008 forma.
853 967 944 1008 Hae
983 971 1124 1008 tamen
1164 968 1215 1008 15
1248 966 1419 1019 regulae
1457 970 1522 1008 tot
1564 969 1779 1022 tantisque
1811 981 1877 1010 en-

162 1041 303 1082 comiis
345 1041 443 1083 olim
475 1041 710 1083 celebratae
741 1043 932 1096 fuerunt,
974 1045 1022 1083 ut
1055 1054 1103 1083 ex
1135 1041 1184 1083 iis
1218 1040 1441 1083 Societatis
1474 1042 1587 1084 sama
1616 1043 1657 1084 in
1691 1042 1879 1084 docenda

160 1116 380 1170 juventute
411 1117 591 1158 maxime
624 1116 865 1159 accreverit.
919 1116 1054 1158 Tanta
1086 1116 1128 1158 in
1158 1116 1241 1158 illis
1273 1116 1410 1159 elucet
1431 1117 1652 1172 sapientia,
1684 1120 1733 1158 ut
1753 1117 1878 1160 nullis

163 1203 245 1232 non
287 1192 546 1245 temporibus
588 1193 809 1235 convenire
841 1192 1044 1243 debeant,
1087 1195 1130 1234 et
1160 1192 1201 1234 in
1234 1204 1312 1234 sua
1342 1192 1550 1234 brevitate
1583 1192 1722 1234 omnia
1754 1192 1884 1234 conti-

162 1270 277 1316 nent,
311 1280 420 1320 quae
453 1267 503 1308 ad
531 1269 800 1321 juventutem
823 1268 928 1309 bene
957 1267 1219 1310 educandam
1242 1268 1532 1321 requiruntur.
1585 1268 1693 1310 Hinc
1715 1268 1882 1310 omnino

164 1342 417 1397 optandum,
457 1347 506 1384 ut
536 1342 691 1396 ubique
724 1343 1009 1386 restituantur
1040 1355 1249 1396 suumque
1281 1343 1516 1385 sortiantur
1546 1343 1753 1399 vigorem,
1786 1343 1885 1396 quia

163 1419 276 1458 certe
317 1417 433 1458 nulla
473 1419 538 1459 est
576 1418 716 1473 natio,
766 1418 886 1471 cujus
928 1417 1114 1459 moribus
1156 1418 1253 1460 illae
1292 1417 1465 1471 regulae
1505 1417 1752 1460 offendiculo
1791 1431 1885 1461 esse

163 1492 339 1547 possint,
371 1493 404 1534 si
437 1492 544 1534 forte
576 1493 808 1546 excipiatur
839 1493 952 1546 quod
983 1492 1164 1535 habetur
1196 1506 1281 1546 reg.
1314 1494 1376 1547 13,
1410 1506 1494 1546 qua
1525 1493 1798 1547 prohibetur,
1830 1506 1885 1534 ne

165 1567 355 1620 discipuli
403 1572 501 1610 eant
547 1568 598 1609 ad
646 1568 851 1621 supplicia
896 1580 1084 1623 reorum,
1133 1568 1211 1610 nisi
1256 1567 1365 1610 forte
1410 1568 1714 1623 hereticorum,
1777 1581 1885 1622 quae

165 1643 370 1696 supprimi
411 1646 563 1697 posset.
642 1643 839 1696 Friburgi
880 1643 989 1684 enim
1030 1643 1322 1685 Helvetiorum
1365 1656 1414 1684 ex
1455 1644 1750 1697 antiquissima
1791 1656 1886 1685 con-

167 1718 390 1760 suetudine
422 1731 504 1760 non
528 1719 663 1760 solum
685 1719 959 1773 permittitur,
992 1722 1040 1760 ut
1061 1719 1200 1761 adsint
1225 1718 1439 1761 auditores
1463 1719 1691 1775 suppliciis,
1723 1719 1812 1775 sed,
1834 1722 1882 1760 ut

167 1793 314 1836 adesse
336 1795 514 1849 possint,
546 1794 673 1835 etiam
696 1794 863 1836 scholae
886 1797 1049 1836 vacant.
1077 1818 1126 1823 —
1158 1794 1370 1848 Ceterum,
1402 1794 1437 1836 si
1469 1794 1645 1836 forsitan
1670 1794 1885 1836 variarum

169 1869 387 1921 regionum
428 1870 687 1911 consuetudo
728 1870 849 1923 plura
887 1870 929 1912 in
970 1870 1126 1924 regulis
1167 1871 1376 1924 requirat,
1427 1870 1529 1912 nihil
1571 1871 1732 1925 obstat,
1784 1882 1886 1923 quo—

169 1944 326 1999 minus,
370 1944 633 1998 approbante
664 1945 933 2000 Provinciali,
975 1945 1078 1987 haec
1119 1957 1195 1999 per
1233 1945 1405 1986 modum
1437 1945 1681 1999 appendicis
1713 1948 1788 1987 aut
1818 1944 1888 1986 de-

169 2019 409 2061 clarationis
442 2020 697 2073 adjiciantur
727 2020 938 2074 prioribus
970 2033 1145 2074 prorsus
1176 2020 1362 2076 intactiS,
1396 2033 1505 2073 quae
1538 2024 1650 2062 certe
1679 2033 1755 2062 nos
1777 2020 1886 2061 tanti

169 2094 306 2137 facere
339 2097 545 2152 convenit,
577 2098 725 2150 quanti
757 2098 893 2140 fecere
923 2101 1077 2151 patres

740 2431 964 2498 Regulae
1003 2431 1321 2483 Academiae.

310 2569 382 2610 Ad
413 2582 500 2623 reg
538 2572 601 2612 10.
655 2571 766 2612 Nihil
798 2572 839 2612 in
871 2571 935 2614 his
967 2571 1124 2624 regulis
1153 2569 1404 2612 mutandum
1427 2569 1608 2624 videtur,
1639 2567 1720 2610 nisi
1753 2569 1805 2610 19
1843 2570 1893 2608 ut

174 2656 325 2685 nomen
355 2644 506 2686 Bidelli
537 2646 827 2699 supprimatur
859 2648 934 2688 aut
963 2649 1172 2697 mutetur3
1220 2647 1272 2687 29
1307 2647 1356 2686 ut
1386 2644 1427 2685 in
1459 2643 1694 2685 Rhetoricis
1737 2642 1892 2684 exerci-

174 2719 404 2762 tationibus
445 2721 684 2773 aenigmata
725 2721 995 2775 omittantur,
1047 2733 1175 2775 quae,
1226 2722 1396 2772 praeter
1443 2718 1696 2760 mediocrem
1744 2729 1891 2759 eorum

175 2794 425 2850 utilitatem,
465 2799 640 2849 propter
679 2796 812 2849 ipsam
853 2795 1077 2848 divagandi
1119 2794 1414 2837 necessitatem
1446 2793 1701 2847 quandoque
1732 2791 1894 2845 pericu-

175 2871 269 2912 losa
300 2882 392 2912 esse
423 2874 612 2924 possunt.
