2164 3535
227 205 319 246 346,
809 200 886 234 Das
912 198 1176 232 Theresianum
1202 197 1240 231 in
1265 196 1385 231 Wien.

272 446 340 487 Ex
372 446 591 486 historia
624 444 909 486 universali
942 457 967 485 a
998 443 1205 486 condita
1236 445 1390 487 Roma
1423 445 1481 488 ad
1514 447 1912 491 exstinctionem

796 525 1001 578 imperii
1033 525 1388 567 occidentalis.

911 618 1270 669 Quaestiones.

365 732 481 782 Quae
515 730 726 772 institutio
759 729 1031 783 Reipublicae
1064 730 1313 771 Romanae?

364 806 473 857 Quid
506 805 557 847 de
589 806 750 858 septem
783 804 1073 846 Romanorum
1106 804 1293 857 Regibus
1325 805 1560 847 notandum
1591 807 1802 850 maxime?

368 882 485 932 Quae
518 881 722 923 revolutio
757 879 944 933 expulsis
976 879 1163 932 Regibus
1196 893 1349 922 novum
1383 881 1542 923 Romae
1582 882 1820 925 introduxit
1852 884 1961 937 regi-

229 959 355 1000 men?
404 970 455 998 an
495 956 599 998 illud
632 956 840 998 liberius?
886 955 927 996 in
969 968 1052 1009 quo
1096 956 1356 998 consistebat
1396 959 1488 998 tota
1526 958 1615 1011 ejus
1655 958 1749 1000 vis?
1796 959 1837 1000 in
1877 971 1959 1012 quo

227 1033 405 1075 Romani
438 1033 678 1074 libertatem
711 1031 1041 1079 constituebant„
1075 1034 1118 1072 et
1149 1031 1249 1084 quid
1283 1031 1333 1073 de
1358 1044 1501 1074 amore
1524 1033 1687 1085 patriae
1713 1033 1829 1087 apud
1864 1034 1958 1076 illos

225 1108 489 1150 sentiendum
501 1108 520 1148 Ῥ

364 1184 479 1234 Quae
513 1183 629 1235 origo
664 1182 971 1224 discordiarum
1003 1182 1114 1224 inter
1152 1182 1278 1224 illos?
1326 1183 1427 1236 qnid
1459 1183 1525 1226 1110
1559 1197 1582 1225 0
1616 1184 1775 1226 Senatu
1811 1197 1958 1238 pecca-

225 1264 338 1309 tum,
380 1258 590 1312 quomodo
632 1258 890 1299 'l'ribunatus
932 1257 1067 1311 plebis
1109 1257 1406 1313 introductus,
1449 1259 1550 1311 quid
1592 1259 1693 1301 ille?
1743 1260 1957 1313 quomodo

226 1334 357 1376 crevit
379 1334 663 1376 'l‘ribunorum
699 1333 903 1387 potentia,
937 1345 1046 1386 quae
1078 1332 1216 1374 media
1248 1333 1344 1375 111110
1378 1333 1621 1376 dilatandae
1653 1335 1958 1388 adhibuerunt,

229 1409 330 1462 quid
363 1410 413 1451 de
446 1409 630 1462 Legibus
665 1409 853 1462 Agrariis
887 1412 929 1450 et
960 1408 1123 1450 Licinia
1155 1408 1455 1450 sentiendum?

366 1485 481 1536 Quae
527 1485 643 1537 origo
686 1484 1052 1538 jurisprudentiae
1099 1485 1315 1526 Romanae
1363 1488 1405 1526 et
1451 1497 1559 1538 quae
1605 1485 1717 1527 1111115
1764 1484 1958 1528 Historia

225 1574 360 1615 usque
393 1562 444 1603 ad
479 1561 683 1603 abolitum
716 1560 1091 1602 Decemviratum?

369 1636 478 1686 Quid
511 1637 561 1678 de
586 1637 753 1678 Bellicis
777 1637 1066 1678 Romanorum
1098 1636 1320 1689 institutis,
1353 1638 1475 1677 tanta
1509 1635 1618 1678 unde
1650 1636 1688 1677 in
1714 1649 1758 1678 re
1780 1636 1956 1678 militari

225 1712 467 1753 industria?
514 1712 617 1764 quid
651 1712 801 1763 Legio,
842 1712 932 1765 ejus
966 1724 1103 1759 arma,
1137 1711 1316 1752 divisio?
1365 1711 1405 1752 in
1440 1710 1503 1752 his
1537 1711 1637 1764 quid
1670 1711 1800 1753 boni?
1848 1724 1957 1764 quae

226 1787 460 1842 disciplina,
495 1800 604 1840 quae
637 1787 831 1828 educatio
864 1787 1092 1828 militaris?
1142 1786 1251 1827 unde
1285 1785 1397 1839 apud
1431 1798 1502 1827 eos
1535 1786 1735 1828 exercitia
1767 1786 1956 1840 corporis

227 1868 312 1904 tam
346 1862 585 1904 honorata?
620 1867 665 1903 ut
698 1863 800 1915 quid
832 1863 1096 1915 fatigabatur
1128 1863 1280 1905 miles?
1314 1863 1425 1904 unde
1458 1863 1613 1904 raritas
1636 1862 1882 1904 morborum
1915 1865 1957 1904 et

226 1939 576 1991 transfugiorum,
610 1938 720 1979 unde
752 1937 908 1979 fiducia
938 1938 1007 1979 illa
1041 1942 1083 1979 et
1116 1938 1233 1979 valor
1269 1938 1307 1978 in
1341 1938 1472 1979 milite
1505 1937 1728 1979 Romano?

363 2014 441 2063 Qui
474 2014 611 2065 potuit
637 2014 770 2055 Roma
803 2026 991 2055 crescere
1025 2014 1281 2054 incremento
1317 2013 1429 2065 quod
1463 2012 1586 2054 hodie
1610 2025 1685 2065 pro
1717 2025 1798 2054 non
1822 2013 1954 2066 possi-

227 2089 295 2129 bili
330 2088 541 2130 habetur?
584 2089 693 2129 unde
725 2087 855 2129 fiebat
895 2092 943 2128 ut
976 2088 1090 2129 Ordo
1124 2088 1319 2129 Militaris
1360 2090 1507 2128 tantus
1547 2099 1640 2128 esse
1679 2091 1824 2140 posset
1867 2088 1956 2130 sine

225 2164 440 2204 eversione
481 2163 784 2216 Reipublicae?
847 2162 955 2212 Quid
998 2163 1095 2204 110111
1136 2162 1246 2203 1111110
1288 2163 1327 2203 111
1372 2161 1495 2203 finem
1539 2162 1723 2204 habebat
1764 2162 1954 2215 aequalis

226 2252 422 2291 agrorum
459 2239 635 2280 1111151οῬ

363 2314 471 2365 Quid
520 2314 570 2355 de
612 2314 805 2367 Pyrrho?
855 2327 929 2355 cur
976 2314 1135 2367 profuit
1182 2313 1315 2365 magis
1363 2324 1490 2364 quam
1538 2312 1720 2354 obfuerit
1764 2312 1954 2353 Romae?

226 2390 334 2440 Quid
369 2390 419 2431 de
451 2389 597 2439 Gallis,
631 2402 740 2442 quae
772 2390 914 2431 variae
947 2402 1092 2431 00111111
1125 2387 1443 2441 expeditiones?

365 2464 472 2515 Quid
506 2465 556 2506 de
589 2465 723 2518 primo
763 2464 870 2507 bello
904 2465 1086 2517 Punico,
1127 2476 1237 2516 quae
1277 2463 1366 2515 ejus
1410 2475 1532 2517 vera,
1575 2474 1685 2516 quae
1727 2464 1955 2515 praetensa

225 2553 364 2590 causa,
400 2539 610 2592 quomodo
643 2544 731 2581 tam
764 2540 905 2582 subito
938 2541 1096 2582 Romae
1127 2541 1318 2594 potentia
1352 2539 1484 2582 crevit
1515 2539 1760 2581 maritima?
1800 2539 1843 2581 id
1877 2551 1953 2581 cur

225 2614 343 2655 nobis
376 2616 554 2667 apparet
592 2614 884 2667 impossibile?
947 2615 1025 2666 Qui
1067 2616 1229 2658 Heroes
1272 2616 1407 2669 primo
1440 2614 1598 2656 Punico
1639 2614 1746 2656 bello
1792 2614 1953 2656 clarue-

226 2692 325 2729 runt
356 2689 548 2739 maxime,
583 2690 736 2741 quibus
768 2690 1057 2732 facinoribus?

365 2762 482 2813 Quae
521 2776 649 2805 causa
688 2765 769 2806 fuit
800 2765 946 2807 Punici
986 2765 1085 2807 belli
1126 2765 1319 2820 secundi,
1362 2777 1437 2807 0111·
1480 2764 1851 2817 Carthaginienses
1891 2764 1952 2805 in-

226 2840 424 2879 vaserant
456 2838 736 2890 Hispaniam?
799 2840 907 2889 Quid
940 2841 1085 2882 nocuit
1116 2841 1274 2881 Romae
1307 2840 1487 2882 tarditas
1520 2840 1560 2881 111
1596 2839 1816 2891 Saguntho
1851 2838 1952 2881 libe-

226 2913 393 2953 rando?
455 2913 571 2962 Quae
613 2914 811 2955 clariores
852 2915 1138 2967 expeditiones
1172 2915 1415 2963 Annibalisq
1458 2914 1551 2966 quis
1584 2914 1742 2955 Romae
1786 2913 1950 2954 animus

225 2988 265 3028 in
299 2988 487 3029 cladibus
520 2988 635 3029 suis?

365 3062 471 3112 Quid
504 3062 777 3115 judicandum
812 3063 862 3104 de
895 3066 1153 3106 Cunctatore
1182 3064 1342 3105 Fabio?
1375 3064 1467 3115 quis
1501 3063 1649 3115 genius
1674 3063 1839 3104 Ducum
1873 3062 1950 3104 hoc

226 3138 295 3190 qui
331 3137 438 3178 bello
473 3138 747 3178 claruerunt?
780 3151 853 3178 0111
885 3139 1026 3180 renuit
1060 3139 1190 3180 Roma
1224 3138 1411 3190 captivos
1445 3137 1682 3179 redimere?
1741 3136 1827 3179 Cur
1856 3149 1949 3190 pro-
