2164 3535
190 202 274 243 330
585 198 767 234 Admissio
794 199 838 233 ad
866 199 958 232 Seni.
985 198 1258 232 Bruntrutense.
1311 197 1401 232 Circ.
1433 199 1538 234 1715.

855 564 1258 618 Instructio

268 696 357 743 pro
414 676 497 739 iis,
566 676 653 742 qui
709 676 772 724 ad
830 677 1171 725 Seminarium
1235 676 1524 724 Basileense
1583 677 1845 726 Bruntruti

697 777 920 817 erectum
971 768 1170 816 admitti
1220 776 1413 833 petunt.

191 875 331 918 (Arch.
359 874 490 910 Germ.
518 873 628 909 VIII.
655 874 699 908 F.
719 883 756 908 a.
791 893 826 896 ff—
860 873 976 909 Wohl
1002 882 1072 907 aus
1099 872 1186 907 deni
1210 872 1271 908 18.
1297 873 1464 918 Jahrh.‚
1498 873 1601 908 ohne
1627 873 1743 918 Jahr,
1778 873 1924 909 uuten:

191 931 510 977 „Bruntruti,
537 931 654 976 Typis
681 930 1001 975 Episcopalibus.
1044 930 1253 975 Impressit
1279 931 1425 966 Petrus
1450 931 1686 967 Franciscus
1707 931 1924 975 Cuehot.“)

330 1047 397 1081 Die
428 1046 662 1082 »Instructio«
701 1052 812 1081 neunt
844 1046 880 1079 in
907 1045 972 1080 No.
997 1048 1037 1080 10
1070 1051 1176 1079 unter
1211 1045 1371 1080 anderen
1406 1045 1442 1079 P.
1470 1045 1604 1080 Tobias
1630 1045 1806 1081 Lohuer's
1844 1046 1922 1081 »In-

191 1106 340 1140 structio
368 1117 432 1150 pro
459 1105 650 1149 rubricis«,
678 1115 855 1148 genauer:
888 1103 1102 1138 »Instructio
1130 1104 1293 1147 practica
1319 1103 1362 1137 de
1390 1114 1434 1139 ss.
1454 1103 1592 1138 Missae
1614 1103 1925 1148 Sacrificiojuxta

190 1164 298 1200 ritum
324 1164 507 1198 Romanae
534 1163 721 1198 Ecclesiae
755 1163 957 1202 offerendo;
994 1173 1065 1197 una
1098 1173 1178 1196 cum
1212 1162 1367 1196 rubricis
1393 1167 1481 1196 cet«
1535 1161 1603 1195 Die
1639 1166 1735 1196 erste
1770 1161 1924 1207 Aufiage

188 1222 251 1257 des
268 1223 412 1256 Buches
439 1222 606 1257 erschien
632 1234 676 1256 zu
696 1222 867 1265 Dilingen
900 1224 997 1265 1670,
1025 1220 1082 1255 die
1110 1220 1195 1255 elfte
1222 1232 1265 1255 zu
1287 1221 1485 1263 Augsburg
1514 1221 1612 1256 1772.
1641 1241 1684 1245 —
1711 1220 1851 1255 Ferner
1878 1221 1925 1256 ist

190 1285 349 1323 genannt
375 1280 431 1314 die
459 1280 576 1314 Moral
605 1290 673 1313 von
700 1279 752 1313 La
780 1279 904 1325 Croix,
938 1279 1048 1313 deren
1082 1284 1176 1313 erste
1205 1278 1358 1322 Aufiage
1394 1278 1577 1313 vielleicht
1611 1289 1724 1322 gegen
1762 1280 1848 1315 1708
1881 1291 1924 1314 zu

187 1337 300 1382 Koln,
332 1337 367 1371 in
401 1337 546 1371 zweiter
575 1336 728 1380 Auflage
763 1336 902 1371 ebenda
932 1338 1160 1372 1710—1714
1193 1335 1407 1370 erschienen
1433 1336 1490 1370 ist.
1541 1336 1594 1370 Im
1621 1336 1736 1371 Jahre
1765 1338 1854 1372 1714
1879 1337 1926 1372 ist

186 1395 241 1429 La
267 1395 376 1429 Croix
409 1396 611 1439 gestorben.
662 1395 737 1430 Das
770 1394 937 1438 folgende
967 1394 1164 1429 Schreiben
1199 1396 1246 1428 ist
1278 1394 1391 1428 daher
1417 1394 1453 1428 in
1481 1395 1544 1428 das
1572 1400 1666 1429 erste
1694 1395 1834 1430 Viertel
1862 1395 1924 1430 des

191 1457 241 1489 18.
268 1453 540 1488 Jahrhunderts
568 1465 611 1488 zu
640 1453 818 1497 verlegen.

331 1557 363 1595 1.
413 1554 546 1595 Nemo
589 1552 836 1595 Sacerdotio
875 1553 1225 1605 inaugurabitur,
1269 1552 1348 1594 nisi
1390 1552 1462 1606 (1111
1505 1564 1655 1594 novem
1698 1553 1920 1598 Mensium,

187 1631 275 1672 sive
316 1631 441 1672 unius
482 1630 578 1671 anni
626 1629 874 1671 Scholastici
923 1629 1061 1683 spatio
1105 1628 1329 1670 incoluerit
1374 1626 1656 1669 Seminarium
1697 1628 1924 1670 Bruntruti

188 1708 386 1748 erectum.
452 1706 536 1748 Nec
581 1705 653 1746 ulli
698 1705 878 1747 Subdito
922 1718 970 1746 ex
1008 1704 1201 1746 Dioecesi
1233 1703 1468 1746 Basileensi
1511 1703 1690 1744 oriundo
1734 1704 1924 1746 Litterae

189 1781 452 1823 dimissoriae
485 1780 537 1822 ad
571 1780 863 1833 suscipiendos
896 1780 949 1821 ab
975 1780 1180 1834 Episcopo
1207 1779 1342 1821 alieno
1367 1792 1509 1821 sacros
1535 1778 1715 1821 Ordines
1738 1780 1921 1833 maj0res

188 1857 486 1909 concedentur,
519 1856 596 1897 nisi
631 1856 749 1909 prius
780 1856 821 1897 111
846 1856 1081 1897 Seminario
1114 1870 1264 1899 novem
1289 1856 1506 1898 Mensibus
1541 1855 1750 1898 exercitus
1779 1854 1920 1896 fuerit.

327 1935 362 1973 2.
413 1932 491 1982 Qui
532 1934 633 1973 sunt
673 1931 907 1984 ingressuri
940 1931 1235 1985 Seminarium,
1280 1932 1506 1974 observent
1546 1930 1612 1981 id,
1653 1929 1767 1983 quod
1801 1930 1919 1972 Ordi-

190 2007 340 2049 nandis
379 2006 687 2061 praescribitur
726 2010 805 2047 art.
833 2009 875 2047 11
925 2010 1008 2059 111
1047 2006 1223 2060 Synops.
1261 2006 1459 2060 Synodal.
1495 2006 1746 2055 Constitut,
1785 2009 1833 2046 ut
1866 2019 1920 2047 sc.

189 2082 393 2131 Parocho,
427 2082 504 2124 sub
538 2095 621 2135 quo
655 2082 783 2123 vitam
818 2082 991 2134 degunt,
1025 2082 1280 2123 desiderium
1314 2095 1438 2124 suum
1473 2094 1555 2123 11110
1588 2094 1752 2136 mense,
1785 2081 1922 2134 prius-

189 2171 315 2210 quam
359 2158 411 2199 ad
446 2157 727 2199 Seminarium
768 2157 990 2209 accedant,
1035 2157 1264 2210 explicent,
1308 2158 1378 2211 qui
1420 2170 1565 2199 eorum
1598 2159 1783 2199 mentem
1817 2156 1922 2198 bene

194 2233 334 2285 quoad
366 2232 490 2274 finem
524 2236 566 2274 et
599 2232 924 2274 declarationem
960 2236 1099 2274 status
1133 2233 1415 2275 examinatam
1445 2233 1606 2286 Populo
1639 2233 1749 2274 inter
1772 2231 1921 2273 Missa-

188 2321 281 2349 rum
314 2308 517 2350 solemnia
549 2311 805 2360 congregato
840 2308 1074 2361 denuntiet,
1108 2321 1131 2349 a
1165 2320 1248 2360 quo
1276 2307 1565 2349 testimonium
1590 2308 1714 2362 vitae,
1748 2308 1918 2363 aetatis,

188 2387 229 2424 et
261 2396 427 2425 morum
461 2387 689 2437 apportent
720 2397 796 2437 pro
830 2396 877 2425 60
911 2383 1061 2425 saltem
1094 2387 1299 2438 tempore,
1332 2396 1415 2436 quo
1448 2383 1549 2425 inibi
1584 2383 1788 2424 vixerunt,

326 2460 363 2499 3.
410 2459 525 2500 Nulli
567 2459 619 2500 ad
662 2458 942 2500 Seminarium
989 2459 1271 2500 admittentur
1310 2458 1388 2499 nisi
1430 2458 1599 2511 praevio
1645 2459 1835 2501 examine
1869 2459 1921 2501 de

187 2533 296 2586 vita,
336 2534 548 2586 moribus,
588 2538 630 2575 et
672 2534 723 2575 de
762 2534 936 2584 studiis,
979 2546 1142 2587 suaque
1181 2536 1271 2575 tum
1315 2546 1339 2574 a.
1372 2533 1730 2587 Congregatione,
1773 2537 1863 2575 tum
1896 2548 1921 2576 a

189 2607 438 2661 Gymnasio,
479 2610 520 2650 in
554 2622 636 2662 quo
670 2609 934 2661 studuerint,
967 2609 1210 2650 testimonia
1242 2608 1458 2656 adferant;
1505 2608 1696 2661 adeoque
1729 2621 1812 2651 uno
1846 2612 1921 2651 aut

188 2683 320 2724 altero
363 2684 428 2725 die
469 2687 566 2725 ante
601 2685 775 2725 Festum
810 2684 835 2725 S
876 2685 1015 2726 Lucae
1059 2685 1145 2739 [18.
1173 2684 1282 2737 Oct]
1328 2683 1634 2737 comparebunt
1676 2684 1918 2739 Bruntruti,

188 2759 453 2800 examinandi
486 2759 538 2800 ab
570 2760 633 2809 iis,
668 2773 773 2812 quos
808 2760 1075 2801 Celsissimus
1109 2760 1309 2812 Princeps
1343 2759 1394 2800 ad
1429 2759 1505 2800 hoc
1538 2758 1818 2811 deputaverit.

327 2836 364 2874 4.
415 2834 517 2874 Post
551 2835 721 2875 Festum
756 2834 795 2876 S.
833 2835 973 2876 Lucae
1012 2835 1115 2875 nulli
1158 2834 1335 2887 posthac
1375 2832 1516 2874 aditus
1549 2833 1603 2874 ad
1636 2832 1917 2876 Seminarium

187 2909 299 2950 intra
332 2921 486 2950 annum
520 2909 701 2961 patebit:
736 2911 806 2962 qui
840 2923 939 2951 vero
973 2910 1169 2951 absoluto
1204 2908 1438 2950 Seminario
1473 2908 1525 2948 ad
1558 2920 1701 2950 sacros
1735 2908 1916 2951 Ordines

188 2983 406 3036 redibunt,
448 2984 582 3026 sciant
625 2985 728 3026 adeo
772 2989 940 3027 mature
973 2986 1165 3027 omnibus
1200 2984 1472 3038 veniendum,
1514 2988 1562 3025 ut
1595 2988 1693 3026 ante
1724 2985 1788 3026 vel
1820 2988 1918 3039 post

188 3071 360 3099 examen
395 3060 602 3101 exercitiis
637 3060 932 3112 spiritualibus
965 3074 1116 3102 vacare
1148 3060 1311 3113 possint
1384 3059 1514 3100 Iidem
1548 3059 1799 3101 testimoniis
1833 3059 1918 3100 sint

189 3133 398 3189 instructi,
422 3148 469 3175 ex
493 3135 645 3188 quibus
669 3135 946 3187 intelligatur,
972 3148 1071 3176 num
1097 3135 1323 3177 observata
1346 3134 1517 3185 fuerint,
1541 3146 1650 3187 quae
1673 3134 1713 3174 in
1738 3133 1915 3187 Synopsi
