2164 3535
503 220 604 256 Neue
633 220 995 264 Studienvorschlage
1022 220 1086 255 der
1111 219 1309 255 deutschen
1335 219 1488 254 Provinz
1517 221 1615 254 1830.
1832 223 1911 264 421

334 361 405 404 Ad
437 375 533 415 reg.
569 364 605 404 1.
667 361 877 416 Supponit
907 361 1008 404 haec
1041 361 1188 415 regula
1219 363 1332 403 artes
1371 363 1412 401 et
1453 359 1649 401 scientias
1684 359 1914 415 naturales,

197 441 301 491 puta
332 437 578 492 Physicam,
623 437 860 492 Chemiam,
899 437 1211 479 Astronomiam
1243 439 1322 479 etc.
1358 435 1411 477 ad
1442 433 1730 489 philosophiae
1763 447 1914 488 corpus

197 512 419 566 pertinere.
468 513 627 553 Verum
659 512 694 553 si
725 512 881 554 nostris
913 512 1174 565 temporibus
1198 511 1342 554 studia
1364 509 1683 553 accommodare
1706 512 1914 565 oporteat,

195 599 363 629 necesse
405 588 572 628 omnino
615 590 704 641 est,
745 591 793 628 ut
834 587 1011 628 tollatur
1049 587 1235 629 contusio
1279 590 1321 629 et
1361 587 1537 629 seorsim
1571 587 1783 627 tractetur
1813 597 1915 626 una—

195 674 388 715 quaeque
421 662 608 714 scientia,
641 661 738 703 licet
770 661 822 703 ad
855 661 1034 704 eundem
1065 661 1189 704 finem
1222 675 1364 704 omnes
1397 662 1632 715 aequaliter
1660 660 1912 703 referantur.

193 739 301 781 Hinc
340 739 535 781 videntur
577 741 800 792 separatae
843 738 1079 780 exarandae
1119 738 1290 790 regulae
1329 737 1586 780 Professoris
1618 735 1914 789 Philosophiae

194 820 236 856 et
258 814 513 857 Professoris
546 814 816 856 scientiarum
840 813 1115 867 naturalium,
1148 813 1219 867 qui
1242 813 1409 855 nomine
1431 812 1688 855 Professoris
1710 811 1915 866 Physicae

192 890 296 932 satis
345 893 442 944 apte
489 889 630 932 venire
675 892 838 943 posset:
891 901 939 930 ex
986 887 1143 941 regulis
1190 887 1316 941 hujus
1362 888 1642 941 Professoris,
1689 888 1726 929 si
1770 887 1913 941 plures

192 965 394 1018 speciales
427 967 569 1018 partes
600 964 726 1018 hujUs
756 963 1002 1017 disciplinae
1025 963 1238 1010 docerent,
1271 963 1467 1016 seligeret
1488 963 1781 1016 unusquisque
1804 975 1912 1016 quae

191 1039 244 1081 ad
276 1051 320 1081 se
352 1042 557 1093 spectant.

328 1114 400 1156 Ad
428 1127 526 1166 reg.
563 1117 598 1156 7.
663 1113 780 1165 Quae
814 1114 903 1167 jam
944 1126 1074 1166 supra
1112 1112 1165 1154 ad
1198 1125 1282 1165 reg.
1321 1114 1371 1154 17
1404 1112 1526 1154 Prov.
1561 1112 1765 1155 adnotata
1797 1116 1910 1169 sunt,

189 1189 255 1231 hic
296 1192 530 1231 recurrunt.
604 1189 800 1231 Externis
838 1188 958 1242 proin
1000 1187 1267 1230 auditoribus
1309 1187 1585 1240 relinquenda
1625 1190 1691 1230 est
1744 1188 1912 1230 licentia

190 1265 433 1307 absolvendi
475 1277 646 1307 cursum
687 1264 1023 1318 philosophicum
1064 1264 1178 1306 intra
1218 1263 1433 1305 biennium
1474 1263 1539 1305 vel
1581 1263 1635 1305 ad
1681 1263 1911 1305 triennium

188 1338 458 1390 extendendi3
514 1338 700 1392 alioquin
758 1338 873 1381 brevi
930 1338 1175 1381 desererent
1225 1341 1372 1381 nost-ra
1420 1338 1607 1392 Collegia
1657 1339 1756 1381 alibi
1802 1351 1911 1381 com-

187 1414 455 1468 pendiosiora
486 1414 732 1468 quaesituri.
795 1414 941 1456 Nostri
972 1414 1135 1456 interea
1166 1413 1428 1469 scholastici,
1460 1413 1612 1455 saltem
1642 1413 1722 1466 illi,
1755 1413 1909 1467 quibus

187 1491 322 1544 maj0r
366 1490 521 1543 ingenii
569 1490 630 1532 vis
676 1502 699 1531 a
749 1489 927 1531 Domino
980 1501 1179 1531 concessa
1225 1492 1313 1543 est,
1359 1488 1516 1542 quique
1563 1492 1791 1543 sperantur
1837 1488 1910 1530 ali-

188 1565 357 1619 quando
390 1566 479 1607 fore
510 1565 800 1619 Professores,
840 1564 1067 1606 triennium
1097 1564 1310 1617 integrum
1341 1563 1645 1618 Philosophicis
1678 1564 1908 1619 disciplinis

185 1640 490 1694 impenderent..
562 1640 629 1681 Ita
677 1640 797 1694 proin
844 1640 1065 1682 universus
1106 1639 1173 1681 hic
1215 1651 1363 1681 cursus
1407 1639 1753 1693 attemperandus
1797 1643 1910 1682 esset

185 1716 224 1757 in
266 1715 496 1770 maj0ribus
539 1715 733 1768 Collegiis
777 1718 819 1757 et
858 1715 932 1771 iis,
982 1715 1023 1756 in
1072 1715 1225 1769 quibus
1267 1715 1413 1758 Nostri
1459 1715 1654 1770 student,
1702 1718 1751 1757 ut
1794 1716 1907 1758 intra

186 1790 398 1832 biennium
437 1789 714 1847 sufficienter,
761 1791 874 1832 intra
922 1791 1149 1833 triennium
1195 1791 1340 1847 plene,
1389 1793 1595 1844 quantum
1641 1791 1683 1833 in
1728 1791 1907 1833 elemen-

185 1865 348 1908 taribus
388 1866 505 1921 licet,
552 1865 689 1908 edocti
730 1865 957 1908 videantur
999 1866 1052 1908 ad
1095 1866 1275 1919 gradum
1316 1866 1357 1908 in
1397 1867 1637 1920 superiores
1679 1866 1904 1910 facultates

183 1940 430 1983 faciendum.

322 2032 510 2086 Sequens
549 2034 681 2087 igitur
722 2034 892 2076 schema
933 2035 1208 2077 materiarum
1241 2039 1283 2078 et
1314 2036 1516 2090 temporis
1548 2036 1790 2093 subjicitur,
1833 2049 1904 2078 no-

186 2108 327 2159 tando,
361 2109 548 2162 singulas
580 2109 778 2152 lectiones
810 2109 986 2164 singulis
1018 2110 1131 2153 horis
1163 2111 1336 2153 absolvi.
