2164 3535
454 205 876 240 Gesehichtsunterricht
908 215 953 239 an
984 204 1050 239 den
1079 204 1365 239 oberdeutschen
1391 203 1622 250 Gymnasien.
1820 207 1897 248 109

428 473 701 517 Feierliche
733 472 1113 527 Schuliibungen
1147 472 1198 515 in
1232 472 1317 515 der
1350 470 1651 516 Gescliichte.

922 548 1003 589 Um
1041 549 1162 589 1726.

178 662 471 704 Methodus
521 662 989 704 exercitationum
1035 663 1436 704 historicarum
1480 663 1902 717 solemniorum,

314 755 443 795 quae
481 755 567 795 per
606 743 723 783 anni
763 743 1029 784 decursum
1068 756 1092 784 a
1124 743 1358 796 qualibet
1396 743 1573 786 schola
1610 744 1761 786 semel

817 823 994 865 haberi
1033 826 1264 877 possunt.

233 915 316 959 (Ex
346 915 497 950 archiv.
530 924 642 959 prov.
676 914 908 951 Germaniae
949 915 989 951 S.
1015 915 1076 960 J.‚
1115 915 1186 950 sub
1223 925 1264 950 n.
1290 915 1335 951 V.
1375 926 1411 951 a.
1439 916 1477 951 6.
1528 916 1621 952 Sine
1653 917 1683 951 l.
1717 916 1756 952 et
1787 916 1844 961 a.)

315 1034 350 1073 1.
382 1031 556 1073 Initium
586 1030 662 1073 fiat
692 1031 733 1072 in
765 1031 1071 1073 rudimentis
1109 1044 1252 1073 mense
1284 1031 1503 1072 Ianuario:
1544 1031 1752 1073 habeatur
1786 1045 1902 1074 exer—

174 1106 331 1161 citatio,
363 1106 568 1159 seligatur
600 1119 622 1147 e
655 1106 870 1160 discipulis
903 1119 1013 1148 unus
1045 1106 1109 1148 vel
1153 1105 1236 1147 duo
1270 1106 1471 1147 memoria
1511 1108 1554 1148 et
1583 1107 1749 1159 ingenio
1785 1120 1905 1160 prae-

176 1181 266 1236 diti,
297 1181 443 1234 lingua
474 1181 616 1223 soluta
647 1185 703 1238 et,
734 1181 769 1223 si
800 1180 891 1224 fieri
923 1181 1072 1237 possit,
1104 1181 1279 1224 nobiles.

313 1258 337 1297 2
384 1256 720 1309 Respondebunt
742 1269 789 1298 ex
811 1256 986 1310 periodo
1013 1259 1046 1298 1.
1071 1259 1114 1298 et
1137 1257 1173 1297 2.
1198 1255 1401 1298 historiae
1424 1268 1588 1311 sacrae;
1620 1258 1737 1311 prius
1760 1260 1902 1301 tamen

174 1344 199 1373 a
230 1330 468 1385 professore
499 1331 893 1386 praeparabuntur,
926 1334 974 1372 ut
1005 1331 1118 1373 facta
1148 1330 1370 1381 historica,
1403 1333 1654 1385 praesertim
1686 1333 1904 1389 nobiliora,

175 1420 269 1450 cum
292 1407 378 1449 suis
402 1407 728 1449 circumstantiis
752 1410 962 1463 accurate,
986 1407 1203 1460 eleganter
1225 1410 1267 1449 et
1289 1408 1462 1450 cordate
1486 1421 1703 1451 recensere
1726 1409 1904 1463 discant,

177 1495 259 1524 non
292 1485 340 1523 ut
370 1483 553 1536 psittaci,
586 1483 659 1525 sed
691 1483 828 1525 verbis
861 1483 1056 1537 propriis,
1089 1486 1137 1524 ut
1168 1486 1327 1537 pateat,
1361 1497 1449 1525 rem
1489 1484 1540 1526 ab
1578 1484 1680 1537 ipsis
1712 1484 1902 1538 intelligi.

178 1557 424 1600 Curandum
447 1558 588 1612 etiam,
620 1561 771 1600 utnon
794 1559 931 1601 solum
953 1560 1065 1600 facta
1093 1558 1293 1601 historica
1325 1559 1556 1615 disparata,
1589 1559 1662 1602 sed
1695 1560 1907 1613 integrum

178 1645 347 1686 quoque
377 1636 564 1687 systema
595 1633 852 1686 possideant.

316 1709 353 1749 3.
387 1708 634 1751 Doceantur
657 1709 783 1750 etiam
806 1708 1063 1762 respondere
1087 1709 1139 1751 ad
1158 1708 1402 1751 reflexiones
1421 1710 1560 1752 varias
1583 1723 1711 1763 super
1733 1709 1909 1752 historia

173 1783 296 1836 Juxta
328 1783 577 1836 paradigma
609 1784 794 1836 positum
834 1784 912 1825 sul)
952 1784 1118 1825 nomine
1160 1784 1595 1838 »Anm1'.‘›rkhungen«;
1628 1786 1734 1827 istae
1766 1789 1907 1828 tamen

177 1871 254 1899 nec
286 1858 444 1899 multae
476 1858 574 1909 sint,
605 1871 680 1900 nec
711 1859 949 1911 intricatae,
983 1859 1056 1900 sed
1089 1858 1248 1901 obviae.

316 1934 354 1974 4.
391 1932 749 1983 Quaestiunculae
782 1933 1079 1975 describantur
1120 1934 1160 1975 in
1204 1934 1352 1976 charta
1393 1935 1615 1988 quinquies
1658 1936 1722 1978 vel
1761 1936 1909 1990 sexies,

179 2009 228 2049 ut
258 2007 454 2050 distribui
478 2008 642 2061 possint
661 2009 725 2060 iis,
758 2009 829 2062 qui
851 2009 1109 2062 proposituri
1133 2013 1232 2051 sunt
1254 2010 1537 2062 quaestiones,
1572 2011 1636 2053 vel
1665 2011 1791 2053 etiam
1816 2012 1908 2054 aliis

181 2081 296 2124 domi
326 2083 527 2138 forisque,
560 2082 647 2126 fere
677 2097 754 2138 per
784 2083 956 2125 modum
988 2084 1296 2137 periocharum.

317 2158 355 2201 5.
391 2157 606 2211 Seligatur
647 2158 735 2201 dies
776 2159 926 2202 Martis
967 2160 1031 2201 vel
1073 2160 1205 2213 Iovis,
1249 2173 1331 2213 quo
1374 2160 1439 2202 die
1481 2161 1533 2203 ab
1564 2161 1669 2204 hora
1701 2164 1737 2204 9.
1774 2175 1909 2216 usque

180 2231 234 2273 ad
269 2233 332 2274 10.
367 2232 539 2275 durabit
570 2234 836 2286 exercitatio,
875 2235 1025 2277 saltem
1059 2236 1093 2277 si
1125 2236 1268 2288 plures
1301 2236 1385 2277 sint
1416 2236 1700 2279 defendentes.

321 2309 357 2349 6.
393 2308 631 2350 Invitentur
653 2309 787 2350 nostri
810 2322 832 2351 e
855 2310 1026 2363 collegio
1059 2312 1102 2352 et
1123 2310 1247 2352 simul
1270 2312 1430 2353 externi
1454 2313 1642 2353 nonnulli
1663 2313 1723 2355 rei
1744 2313 1912 2356 histori—

182 2396 254 2425 cae
286 2385 476 2426 amantes
509 2387 584 2425 aut
615 2384 754 2440 periti,
790 2384 1106 2426 defendentium
1128 2385 1404 2438 parvulorum
1426 2391 1624 2440 parentes
1648 2388 1700 2430 ab
1722 2389 1912 2441 ipsismet

182 2459 397 2512 discipulis
430 2462 505 2501 aut
536 2459 777 2513 propinqui,
809 2459 870 2501 ita
902 2463 950 2501 ut
982 2461 1024 2501 et
1054 2460 1156 2512 ipsis
1181 2472 1416 2513 proponere
1438 2462 1564 2504 liceat
1585 2464 1779 2515 quaesita
1810 2476 1911 2505 non-

181 2535 302 2577 nulla
332 2538 374 2577 et
406 2535 633 2588 unicuique
665 2535 737 2588 qui
770 2535 965 2578 voluerit.

320 2612 355 2652 7.
392 2609 579 2652 Ornetur
610 2610 813 2652 cathedra
846 2610 911 2652 vel
944 2623 1177 2667 scamnum,
1212 2612 1278 2654 cui
1310 2612 1516 2655 assidebit
1547 2613 1786 2657 defendens.

319 2686 357 2727 8.
391 2685 659 2727 Admittatur
690 2686 841 2728 saltem
873 2685 1017 2727 schola
1049 2687 1365 2744 grammatices,
1407 2701 1501 2730 cum
1541 2689 1767 2732 defendent
1798 2690 1910 2733 rudi-

182 2759 419 2815 mentistae,
452 2763 495 2801 et
526 2760 730 2811 vicissim;
764 2761 838 2802 sed
870 2774 918 2803 eo
950 2764 1089 2816 pacto,
1122 2765 1170 2803 ut
1201 2764 1464 2806 severissime
1487 2764 1754 2807 custodiatur
1785 2765 1908 2808 silen-

180 2833 288 2876 tium
320 2834 372 2876 ab
404 2834 688 2888 audientibus,
722 2839 766 2878 et
798 2849 821 2878 a
855 2836 1080 2893 cachinnis,
1114 2837 1268 2890 quibus
1291 2839 1456 2881 turbari
1488 2843 1633 2893 posset
1665 2840 1905 2896 defendens,

183 2922 358 2963 prorsus
392 2910 669 2967 abstineatur,
702 2924 837 2965 poena
868 2912 949 2954 illis
982 2912 1154 2969 dictata,
1194 2914 1266 2966 qui
1297 2927 1380 2956 non
1411 2915 1658 2957 obedierint.

323 2988 359 3027 9.
393 2985 546 3028 Modus
579 2999 662 3040 quo
694 2988 909 3040 professor
939 2989 1086 3029 utetur
1116 2988 1158 3029 in
1189 2989 1484 3042 praeparando
1506 3003 1581 3044 per
1604 2990 1821 3032 octiduum
1844 2990 1910 3033 vel

186 3060 273 3103 dies
296 3061 617 3114 quatuordecim
640 3062 693 3104 ad
716 3075 930 3105 summum
953 3063 1239 3121 defendentes,
1261 3065 1328 3106 hic
1350 3065 1449 3107 erit:
1481 3064 1639 3107 factum
1661 3065 1908 3107 historicum

185 3135 272 3178 suis
304 3138 501 3178 ornatum
533 3137 858 3181 circumstantiis
891 3139 1052 3192 primus
1092 3139 1183 3193 ipse
1221 3140 1333 3183 clare
1364 3143 1407 3182 et
1438 3140 1634 3183 distincte
1672 3144 1908 3194 recenseat3
