2164 3535
483 218 733 263 Stundenplan
758 218 794 252 in
821 217 884 253 der
909 217 1232 252 osterreichischen
1259 216 1422 251 Provinz.
1755 217 1807 257 73

234 418 413 464 Divisio
445 418 678 473 temporis
709 419 805 461 Pro
837 417 974 460 Poesi
1009 416 1057 460 et
1087 415 1347 459 Rhetorica
1379 414 1677 471 conjunctis.

481 498 689 547 Diebus.
730 497 915 551 quibus
954 510 1048 538 non
1088 495 1421 550 componitur.

236 595 268 632 1.
294 594 337 633 et
359 593 396 632 2.
441 591 686 641 Quadrante
726 589 925 632 lectiones
967 589 1219 643 Poetarum,
1261 591 1303 630 et
1335 587 1550 630 Correctio
1584 585 1810 627 Thematis.

95 666 391 719 Occupationis
423 666 603 707 materia
635 665 772 707 datur.
835 666 859 705 :5
897 667 939 705 et
960 665 998 704 4.
1032 663 1252 705 Lectiones
1275 662 1519 704 Rhetorum.
1582 660 1809 704 Correctio.

95 740 391 793 Occupationis
440 740 629 782 materia.
715 741 753 781 5.
788 740 825 780 6.
874 738 1126 791 Explanatio
1174 741 1497 791 praeceptorum
1544 736 1808 778 Rhetoricae.

97 818 131 856 7.
165 815 366 857 Historia.
429 816 466 857 8.
491 818 529 856 9.
563 814 815 869 Explanatio
854 816 1178 867 praeceptorum
1211 813 1404 855 Poeseos.
1470 813 1534 854 10.
1571 811 1814 853 Eorundem

93 890 294 933 Historia.

230 966 266 1007 A
297 965 484 1008 Meridie.
551 968 585 1007 1.
609 969 651 1007 et
673 966 710 1006 2.
745 964 965 1006 Lectiones
998 964 1250 1019 Poetarum,
1283 967 1326 1006 et
1358 962 1589 1016 occupandi
1623 960 1813 1003 materia.

95 1041 132 1082 3.
157 1043 200 1082 et
220 1042 259 1082 4.
292 1041 513 1083 Lectiones
546 1041 800 1095 Rhetorum,
843 1042 885 1081 et
917 1038 1160 1092 Occupatio.
1225 1041 1263 1079 3
1288 1041 1324 1080 6.
1359 1038 1526 1080 Author
1567 1037 1814 1079 Rhetorum.

96 1117 133 1156 7.
157 1117 194 1158 8.
229 1115 394 1158 Author
425 1116 664 1158 Poetarum.
725 1118 761 1155 9.
790 1116 853 1157 10.
886 1114 1070 1157 Dictatio
1105 1114 1331 1156 Thematis.

550 1266 761 1317 Diebus„
800 1265 983 1319 quibus
1022 1264 1356 1318 componitur.

234 1363 268 1402 1.
305 1359 538 1402 Lectiones.
609 1360 646 1400 2.
682 1358 865 1400 Dictatio
906 1357 1120 1399 Thematis
1160 1357 1313 1399 Poetis.
1384 1357 1420 1397 55.
1457 1356 1677 1397 Lectiones
1710 1354 1817 1395 Rhe-

97 1440 249 1478 torum.
310 1437 347 1477 4.
383 1434 568 1476 Dictatio
600 1434 825 1476 Thematis.
888 1432 1068 1485 Reliqua
1101 1431 1383 1485 sesqui—hora
1415 1430 1676 1484 compositio.

233 1511 268 1552 A
301 1510 488 1552 Meridie.
552 1510 668 1551 Idem
701 1512 870 1551 tenetur
902 1507 1030 1563 ordo,
1072 1508 1143 1561 qui
1178 1507 1324 1550 diebus
1357 1507 1474 1548 nulla
1506 1504 1818 1558 Compositione

99 1585 324 1639 impeditis.

712 1688 920 1731 Diebus
959 1687 1203 1730 Veneris.

235 1765 359 1806 Mane
392 1766 439 1805 ut
470 1776 611 1816 supra.

694 1892 895 1933 Diebus
939 1891 1223 1933 Sabbathi.

240 1987 271 2025 1.
297 1988 340 2027 et
362 1987 397 2025 2.
433 1985 652 2027 Lectiones
674 1985 913 2026 Poetarum.
968 1986 1005 2024 55.
1030 1986 1072 2026 et
1094 1986 1130 2025 4.
1166 1983 1387 2025 Lectiones
1413 1982 1660 2024 Rhetorum.
1714 1981 1817 2023 Con-

96 2064 262 2101 certant
301 2059 469 2100 interim
513 2059 668 2101 Poetae
708 2059 758 2101 de
799 2059 1053 2112 Praeceptis.
1118 2061 1155 2100 5.
1182 2060 1217 2098 ⁴5.
1246 2061 1281 2099 7.
1316 2058 1574 2100 Concertant
1614 2056 1820 2099 Rhetores

97 2135 148 2176 de
180 2134 441 2188 Praeceptis,
483 2140 525 2176 et
565 2138 747 2188 pergunt
778 2135 944 2176 Poetae.
1009 2135 1045 2175 8.
1073 2136 1109 2174 Η.
1138 2135 1200 2175 10.
1237 2133 1505 2175 Concertatio
1546 2145 1594 2174 ex
1628 2132 1818 2173 authore.

236 2211 269 2251 A
303 2209 490 2252 Meridie.
558 2213 592 2252 1.
617 2213 659 2252 et
682 2212 718 2251 2.
754 2210 973 2252 Lectiones
1007 2210 1259 2263 Poetarum,
1302 2214 1345 2250 et
1377 2207 1645 2250 Concertatio
1687 2220 1821 2260 usque

96 2285 149 2326 ad
183 2284 454 2327 dictationem
486 2297 535 2326 ex
563 2285 764 2327 Historia.
829 2286 866 2327 ‘5.
893 2287 932 2326 4.
966 2285 1187 2327 Lectiones
1210 2283 1458 2338 Rhetormn,
1490 2287 1533 2325 et
1564 2282 1820 2324 concertatio

95 2359 321 2402 Historica.
384 2361 420 2401 5.
448 2362 471 2401 6
518 2359 702 2402 Dictatio
734 2359 947 2402 Thematis
980 2359 1225 2402 communis.
1295 2361 1331 2399 7.
1355 2360 1393 2401 8.
1428 2356 1732 2400 Catechismus.

580 2510 702 2552 Cum
746 2510 920 2552 media
961 2510 1047 2552 die
1087 2513 1333 2552 vacatur.

240 2605 275 2643 1.
300 2605 342 2644 et
365 2604 402 2643 2.
446 2603 666 2645 Lectiones
699 2604 937 2645 Poetarum.
1008 2603 1065 2644 Et
1097 2602 1325 2645 Correctio.
1388 2604 1425 2644 3.
1451 2605 1493 2644 et
1516 2604 1553 2643 4.
1600 2600 1820 2643 Lectiones

98 2676 343 2719 Rhetorum.
408 2677 664 2720 Concertant
691 2679 857 2720 Poetae.
922 2680 958 2719 5.
983 2682 1025 2719 et
1048 2680 1084 2719 (5.
1120 2678 1303 2720 Dictatio
1327 2678 1542 2719 Thematis
1575 2675 1819 2717 communis.

100 2753 135 2791 7.
163 2752 201 2793 8.
237 2752 480 2796 Communis
514 2754 655 2806 aliqua
677 2754 880 2808 Historia,
913 2753 978 2795 vel
1011 2753 1169 2806 aliquid
1202 2753 1256 2795 ad
1288 2752 1567 2794 eruditionem
1592 2750 1819 2805 pertinens.

662 2916 841 2960 Diebus
873 2916 1259 2959 Canicularibus.

470 2996 568 3037 Pro
610 2996 821 3037 duabus
864 2996 1182 3049 conjunctis
1225 2995 1448 3038 Scholis.

240 3089 276 3128 1.
301 3090 343 3129 et
365 3088 401 3128 2.
427 3088 464 3128 3.
498 3088 731 3131 Lectiones.
795 3088 1010 3130 Correctio
1043 3089 1168 3131 unius
1201 3088 1390 3139 Scholae,
1423 3092 1465 3130 et
1498 3089 1622 3130 breve
1651 3087 1818 3129 Thema.

100 3162 138 3202 4.
160 3162 197 3202 5.
221 3161 454 3216 Praecepta
470 3163 700 3216 superioris
715 3163 905 3206 Scholae.
940 3168 976 3204 (3.
993 3166 1029 3204 7.
1055 3165 1287 3217 Praecepta
1305 3164 1525 3206 inferioris.
1561 3165 1599 3205 ὃ,
1619 3163 1818 3204 Examen.
