2164 3535
224 252 303 293 102
993 243 1184 279 Latinitat.

732 620 1003 674 Reinheit
1049 621 1149 674 des
1195 619 1445 674 Lateins.

471 770 544 811 De
583 768 766 810 nitore
805 768 994 810 Latini
1032 767 1304 810 sermonis
1349 779 1405 809 ac
1445 766 1708 820 puritate.

859 859 1013 905 (Kropf
1034 869 1074 904 p.
1092 858 1163 894 184
1173 858 1321 903 -186.)

364 976 503 1018 Latini
522 976 728 1019 sermonis
746 977 860 1019 nitor
877 980 919 1018 et
936 976 1100 1030 puritas
1120 975 1413 1017 conciliabitur
1438 975 1500 1017 his
1517 976 1698 1017 maxime
1715 975 1956 1018 industriis:

225 1053 258 1094 Ι.
309 1052 446 1094 Detur
478 1064 626 1106 opera,
660 1055 708 1093 ut
740 1052 935 1105 discipuli
979 1054 1306 1105 praeceptorum
1348 1051 1565 1104 totiusque
1607 1051 1711 1093 artis
1753 1064 1960 1105 gramma-

228 1128 336 1169 ticae
368 1127 604 1180 cognitione
636 1140 686 1169 ac
718 1128 873 1181 peritia
904 1127 1075 1180 penitus
1115 1126 1380 1173 imbuantur:
1416 1130 1546 1179 atque
1584 1130 1631 1168 ut
1669 1139 1718 1169 ea
1750 1127 1959 1182 videlicet,

227 1216 335 1257 quae
367 1203 563 1256 superius
596 1204 685 1245 Art.
721 1204 764 1251 2,
790 1204 814 1244 3
848 1206 890 1244 et
921 1205 947 1244 4
981 1202 1032 1244 de
1066 1202 1230 1244 ratione
1267 1202 1486 1257 tradendi,
1527 1202 1738 1244 ediscendi
1771 1206 1813 1245 et
1844 1216 1960 1256 repe-

227 1279 343 1321 tendi
375 1282 616 1334 praecepta,
649 1279 835 1332 itemque
868 1280 957 1320 Art.
994 1281 1016 1319 5
1051 1283 1093 1320 et
1126 1280 1150 1320 6
1184 1278 1234 1320 de
1266 1278 1467 1320 methodo
1491 1279 1531 1320 in
1555 1278 1853 1332 scriptionibus
1877 1278 1962 1320 dic-

228 1354 368 1396 tandis
401 1357 443 1395 et
476 1354 735 1406 corrigendis
767 1354 953 1396 tenenda
986 1354 1180 1404 diximus,
1215 1357 1412 1395 accurate
1434 1354 1667 1408 seduloque
1690 1354 1842 1409 omnia,
1877 1367 1962 1407 qua

227 1428 318 1471 fieri
358 1429 513 1485 possit,
555 1430 844 1472 observentur.
907 1430 960 1471 II.
1014 1430 1111 1471 Puri
1153 1430 1238 1471 sint
1278 1430 1439 1480 fontes„
1482 1430 1594 1471 unde
1637 1430 1767 1471 verba
1810 1429 1963 1471 Latina

228 1505 349 1558 pueri
381 1504 602 1560 hauriant,
635 1505 677 1546 id
711 1506 776 1546 est
807 1505 947 1546 idonei
979 1505 1233 1558 probatique
1266 1506 1351 1547 sint
1382 1505 1497 1559 libri,
1530 1518 1579 1547 ex
1612 1505 1765 1558 quibus
1798 1505 1960 1559 copiam

230 1581 309 1622 sibi
342 1580 566 1622 verborum
608 1584 866 1633 comparent.
930 1581 1004 1622 III.
1054 1581 1259 1634 Exemplo
1300 1580 1508 1634 Magister
1547 1580 1726 1634 quisque
1767 1583 1961 1633 praeeat;

230 1670 366 1711 neque
402 1657 527 1698 modo
571 1657 723 1699 Latine
766 1658 947 1711 ipsemet
988 1658 1189 1710 loquatur
1230 1660 1456 1713 perpetuo,
1498 1660 1546 1698 ut
1587 1655 1734 1708 regula
1774 1655 1964 1710 mandat,

231 1746 378 1775 verum
411 1733 538 1775 etiam
579 1734 923 1776 emendatissime
966 1734 1188 1788 loquatur,
1230 1736 1279 1774 ut
1318 1732 1472 1774 suadet
1511 1731 1735 1774 Iuvencius
1777 1731 1828 1773 de
1866 1731 1962 1774 Rat.

232 1809 321 1850 doc.
355 1810 379 1850 ‘2
413 1821 448 1850 a.
484 1810 508 1850 3
542 1810 565 1863 ξ
601 1811 636 1855 1,
697 1810 768 1851 IV.
818 1810 854 1850 A
885 1808 1033 1863 primis
1065 1808 1167 1862 ipsis
1200 1808 1330 1850 initiis
1363 1810 1429 1859 (ut
1470 1811 1614 1849 monet
1654 1806 1883 1849 Sacchinus
1922 1806 1963 1847 in

230 1884 407 1925 Paraen.
442 1896 475 1925 c.
509 1886 531 1924 7
565 1896 603 1925 n.
637 1884 696 1937 4.)
730 1884 955 1936 diligenter
993 1887 1319 1937 praecaveatur,
1359 1896 1410 1924 ne
1443 1883 1508 1924 cui
1549 1882 1684 1924 errori
1716 1895 1820 1924 neve
1851 1882 1965 1923 locu-

232 1959 337 2001 tioni
369 1959 443 2000 ulli
476 1959 684 2001 barbarae
724 1959 994 2012 incultaeque
1033 1961 1282 2001 assuescant
1321 1958 1631 2007 adolescentes;
1671 1970 1722 1999 ne
1754 1958 1853 1999 item
1886 1956 1965 1999 fre-

233 2039 439 2088 quentare
462 2035 562 2087 quid
580 2035 897 2088 permittantur,
921 2035 1033 2087 quod
1053 2034 1322 2088 postmodum
1345 2034 1401 2076 sit
1418 2033 1732 2088 dediscendum,
1757 2032 1964 2086 siquidem

234 2123 359 2163 aegre
391 2110 618 2152 admodum
651 2110 926 2163 consuetudo,
959 2110 1031 2151 ubi
1063 2110 1366 2152 adhaerescere
1399 2109 1527 2151 semel
1553 2109 1751 2164 coeperit,
1783 2109 1962 2151 exuitur.

235 2186 375 2236 Quare
405 2198 675 2238 nequaquam
707 2186 764 2228 sic
797 2186 850 2227 ad
882 2185 1033 2228 Latine
1064 2185 1322 2239 loquendum
1355 2184 1632 2238 compellendi
1665 2187 1803 2238 erunt,
1837 2188 1898 2239 ut,
1931 2184 1966 2227 si

235 2261 408 2314 propria
439 2261 548 2303 forte
580 2274 628 2303 ac
659 2262 765 2303 bene
797 2261 952 2302 Latina
984 2274 1126 2303 rerum
1150 2261 1355 2303 vocabula
1376 2260 1679 2314 ignoraverint,
1714 2260 1844 2302 obviis
1876 2260 1967 2313 qui-

237 2337 400 2390 busque
433 2339 561 2390 atque
593 2337 696 2379 adeo
729 2337 970 2391 impropriis
1003 2337 1250 2379 barbarisve
1282 2340 1460 2378 utantur
1482 2336 1667 2388 vocibus,
1702 2339 1776 2376 aut
1807 2348 1884 2377 suo
1917 2348 1964 2376 ex

238 2412 409 2454 cerebro
443 2412 646 2454 dictiones
679 2425 830 2467 novas,
874 2425 979 2466 quas
1019 2426 1095 2465 pro
1134 2412 1255 2454 libitu
1289 2412 1368 2454 sibi
1406 2410 1662 2464 effinxerint,
1700 2410 1963 2463 depromant.

239 2487 321 2529 Sed
352 2487 577 2529 inducendi
609 2487 797 2529 suaviter
835 2490 954 2541 sunt,
996 2491 1044 2528 ut
1085 2486 1238 2529 idonea
1278 2487 1357 2528 sibi
1399 2485 1658 2540 propriaque
1700 2485 1829 2526 verba
1871 2497 1966 2527 con-

241 2563 433 2615 quirant,
465 2565 513 2604 ut
543 2562 722 2604 fidenter
763 2562 1047 2615 interrogent,
1091 2562 1230 2615 siquid
1270 2562 1418 2604 Latine
1458 2561 1671 2614 appellare
1708 2561 1773 2601 vel
1804 2560 1966 2601 edicere

238 2638 448 2687 nesciant3
481 2641 542 2693 ut,
575 2637 646 2679 ubi
669 2637 851 2693 licuerit,
884 2638 1013 2679 libros
1037 2638 1273 2692 consulant,
1301 2640 1530 2689 antequam
1556 2649 1664 2689 quae.
1688 2635 1967 2687 cogitaverint

239 2712 505 2765 eloquantur.
568 2712 692 2754 Ultro
725 2712 852 2754 etiam
885 2712 1152 2765 suggerenda
1184 2712 1242 2754 eis
1274 2711 1504 2753 identidem
1534 2711 1704 2752 nomina
1735 2722 1891 2764 rerum,
1924 2709 1964 2751 in

240 2787 393 2840 quibus
425 2787 709 2841 haesitabunt,
742 2787 1004 2840 phrasesque
1036 2787 1298 2839 indicandae,
1341 2786 1494 2839 quibus
1527 2790 1624 2839 apte
1658 2799 1756 2827 suas
1791 2784 1967 2827 efferant

241 2864 484 2904 sententias.
546 2863 722 2904 Animus
762 2862 943 2915 denique
982 2862 1201 2904 addendus
1242 2862 1567 2914 cespitantibus,
1609 2860 1710 2914 quin
1749 2864 1791 2902 et
1829 2861 1967 2914 prola-

240 2938 457 2990 bentibus,
496 2940 544 2978 ut
575 2950 625 2979 ne
668 2937 863 2979 dubitent
903 2938 1062 2978 instare
1101 2937 1288 2989 negotio,
1328 2937 1407 2977 etsi
1448 2935 1709 2977 difficultatis
1748 2936 1964 2989 quidpiam

242 3013 446 3066 principio
479 3013 664 3055 sentiant
693 3025 829 3065 neque
861 3012 1034 3054 nimium
1076 3015 1326 3061 vereantur,
1370 3025 1420 3054 ne
1463 3011 1670 3064 loquendo
1713 3014 1887 3064 peccent
1924 3010 1965 3051 in

244 3089 577 3139 grammaticam,
610 3088 683 3130 sed
716 3088 855 3141 siquid
876 3087 1156 3141 peccaverint,
1188 3087 1412 3128 emendent
1444 3086 1662 3128 confestim
1686 3086 1966 3137 alacriterque

247 3167 453 3216 repetant.
518 3164 566 3205 V.
616 3164 761 3215 Neque
783 3163 886 3204 illud
910 3166 1217 3215 praetereatur,
1251 3163 1361 3215 quod
1393 3162 1550 3204 multis.
1585 3162 1654 3203 ubi
1678 3162 1966 3216 adoleverunt,
