2164 3535
322 237 554 281 Einfiihrung
581 237 646 273 der
670 247 787 272 neuen
810 237 852 273 R.
879 241 920 272 st.
947 237 984 271 in
1009 236 1072 271 der
1098 235 1381 272 oberdeutschen
1398 235 1501 271 Prov.
1530 239 1627 272 1834.
1753 240 1836 280 515

121 378 276 432 partim
318 378 527 420 tradenda
567 378 785 431 videatur,
827 391 878 420 ne
918 380 1059 419 tamen
1092 369 1310 420 Mathesis'
1337 376 1606 419 elementaris
1638 377 1678 418 in
1712 377 1841 420 alium

119 465 274 495 annum
309 454 540 507 rejiciatur,
573 454 634 495 ita
666 466 733 496 res
765 454 1056 507 componatur,
1090 455 1139 493 ut
1169 451 1352 494 Mathesi
1388 454 1438 495 19
1471 465 1580 494 anno
1604 455 1627 494 5
1651 452 1689 493 h.
1720 453 1843 495 relin-

115 531 324 581 quantur;
367 527 506 570 Philae
553 540 656 569 mor.
700 528 822 569 binae
863 540 938 580 per
979 527 1286 569 hebdomadam
1321 530 1371 570 19
1404 540 1537 584 anno,
1582 531 1625 569 et
1665 527 1841 569 totidem

115 604 168 645 2?
200 615 308 644 anno
340 602 498 647 Philae:
540 603 720 656 Logicae
752 603 815 644 vel
849 602 1087 656 Metaphess,
1131 603 1166 645 si
1199 615 1370 646 necesse
1402 604 1476 657 sit,
1520 616 1604 645 una
1635 615 1712 656 per
1743 602 1842 645 heb-

116 677 340 719 domadam
374 678 478 719 hora
511 678 707 719 dematur
737 677 920 719 Mathesi
952 677 1192 719 tribuenda.
1246 679 1336 721 Hoc
1369 691 1470 721 casu
1503 680 1557 721 29
1593 690 1702 720 anno
1734 678 1843 732 Phy-

113 752 201 794 sica
223 752 330 794 binis
363 752 513 793 dedic
544 752 677 803 horis,
711 751 830 794 Philfi.t
864 763 964 793 mor.
991 752 1157 804 Logicis
1190 756 1232 794 et
1255 753 1444 807 Physicis
1478 754 1586 796 binis
1619 754 1732 796 horis
1764 766 1840 807 per

114 827 260 878 hebd.;
304 827 507 870 Mathesis
541 827 760 869 sublimior
801 827 1039 869 volentibus
1072 831 1139 869 ter
1168 840 1245 880 per
1286 828 1597 871 hebdomadam
1630 829 1840 884 tradatur,

114 915 162 945 ac
205 901 444 945 volentibus
483 901 820 955 quibuscumque
862 902 1042 944 alumnis
1085 903 1354 956 superiorum
1395 904 1593 947 classium
1625 904 1733 947 binis
1766 917 1842 958 per

111 977 233 1020 hebd.
268 977 383 1019 horis
415 977 593 1020 historia
624 976 885 1030 naturalis1).

249 1053 298 1094 In
329 1052 563 1094 minoribus
598 1052 814 1105 Collegiis,
847 1052 919 1093 ubi
951 1064 1061 1094 unus
1094 1055 1160 1095 est
1189 1052 1330 1096 Philae
1367 1054 1609 1110 Professor,
1646 1057 1695 1097 19
1729 1066 1839 1097 anno

112 1127 312 1170 tradatur
333 1128 502 1181 Logica,
535 1128 755 1184 Metaphfl‘,
788 1127 907 1170 Phile
939 1127 1112 1169 moralis
1142 1131 1246 1184 tota,
1279 1128 1479 1182 adjuncto
1510 1130 1709 1172 nimirum
1740 1130 1837 1172 Iure

110 1202 292 1255 publico,
326 1215 373 1244 ac
404 1215 503 1256 pars
526 1202 782 1257 Matheseos,
814 1203 874 1244 ita
905 1207 954 1245 ut
984 1205 1010 1245 4
1032 1204 1071 1245 h.
1095 1216 1170 1257 per
1203 1204 1325 1246 hebd.
1362 1205 1518 1247 dentur
1538 1205 1678 1247 Philae
1716 1218 1838 1256 mor.,

111 1278 135 1318 2
167 1277 369 1330 Mathesi,
411 1278 599 1331 reliquae
639 1279 844 1320 materiae
875 1278 1071 1332 Principi.
1134 1281 1185 1322 29
1221 1292 1328 1321 anno
1372 1280 1551 1334 Physica
1592 1282 1634 1322 et
1677 1280 1839 1323 Chimia

111 1354 135 1392 2
159 1352 274 1395 horis
307 1353 418 1394 omni
452 1352 539 1404 die,
571 1353 775 1395 Mathesis
809 1354 832 1394 3
856 1353 970 1394 horis
1000 1354 1041 1394 in
1074 1353 1221 1405 hebd.;
1263 1354 1442 1398 historia
1472 1356 1679 1398 naturalis
1713 1358 1736 1398 2
1761 1356 1838 1398 cir-

110 1427 213 1469 citer
254 1427 368 1469 horis
400 1428 442 1469 in
474 1428 596 1470 hebd.
640 1428 849 1470 tradatur.
912 1429 1002 1470 Hae
1045 1432 1187 1470 tamen
1231 1430 1437 1472 materiae
1480 1431 1738 1474 accessoriae
1770 1432 1836 1473 vel

111 1502 235 1543 simul
268 1503 332 1545 vel
374 1503 609 1545 successive
651 1504 827 1545 tractari
869 1507 1067 1557 possunt,
1112 1504 1242 1546 cuivis
1276 1508 1392 1547 certa
1424 1506 1521 1548 anni
1564 1509 1686 1560 parte
1712 1507 1835 1559 Juxta

109 1577 338 1619 indicatam
370 1579 686 1632 proportionem
719 1579 947 1631 assignata.

251 1655 302 1695 69
343 1653 610 1695 Professores
634 1654 901 1707 superiorum
923 1654 1189 1707 facultatum,
1221 1655 1293 1697 ubi
1318 1656 1535 1699 commode
1566 1656 1655 1698 fieri
1679 1659 1832 1712 potest,

111 1729 363 1781 praesertim
386 1729 591 1783 Physicae
624 1732 666 1771 et
688 1729 942 1774 MatheseOS.
975 1729 1149 1771 tradant
1182 1730 1400 1784 discipulis
1433 1744 1565 1785 pensa
1587 1732 1832 1774 domestica.

840 2065 994 2122 Caput
1024 2066 1092 2109 ΙΙ.

646 2169 887 2216 Studia
937 2169 1286 2221 inferiora.

917 2308 1010 2361 §r

300 2399 667 2440 Attributiones
710 2399 960 2441 Praefecti
999 2399 1281 2442 studiorum
1321 2400 1627 2443 inferiorum.

246 2515 281 2554 1.
329 2514 666 2556 Instrumentum
700 2518 764 2556 est
786 2515 978 2557 Rectoris
1011 2515 1064 2556 ad
1087 2515 1229 2557 studia
1259 2515 1458 2558 inferiora
1490 2520 1532 2558 et
1561 2516 1819 2569 disciplinam

106 2587 146 2628 111
190 2588 382 2630 omnibus
425 2589 605 2631 alumnis
648 2589 774 2631 etiam
817 2589 1014 2632 classium
1059 2590 1325 2643 superiorum
1367 2590 1645 2644 dirigendam3
1688 2592 1728 2633 in
1762 2592 1824 2647 iis,

104 2674 213 2715 quae
245 2662 297 2704 ad
330 2676 467 2706 mores
500 2667 707 2719 spectant,
740 2666 961 2707 Rectorem
993 2668 1174 2720 tantum,
1207 2666 1247 2707 in
1280 2667 1344 2721 iis,
1377 2679 1485 2719 quae
1517 2667 1660 2710 studia
1691 2667 1817 2709 etiam

104 2736 317 2793 inferiora,
349 2738 616 2781 Praefectum
649 2740 886 2792 generalem
920 2740 1123 2782 consulat.
1188 2742 1306 2794 (Reg.
1334 2744 1370 2797 l,
1404 2744 1461 2794 2.)

242 2815 279 2854 2.
329 2813 480 2869 Curet,
523 2816 570 2855 ut
602 2817 625 2856 5
669 2814 908 2856 scholarum
947 2815 1105 2867 gradus
1147 2818 1371 2858 serventur
1402 2817 1519 2869 (Reg.
1545 2817 1568 2857 8
1601 2817 1705 2870 §1),
1738 2816 1762 2856 i.
1787 2829 1821 2858 e.

104 2887 343 2944 Rhetorica,
365 2889 620 2939 humanitaS,
644 2893 686 2931 et
708 2890 732 2929 3
756 2890 1069 2944 grammaticae,
1095 2903 1275 2943 quarum
1297 2890 1439 2933 infima
1459 2892 1499 2932 in
1523 2891 1627 2932 duos
1651 2891 1819 2933 ordines

245 3057 271 3100 ¹)
297 3055 406 3091 Diese
441 3056 806 3103 Stundenverteilung
838 3058 957 3093 wurde
990 3058 1055 3094 mit
1087 3059 1166 3094 dem
1191 3058 1304 3094 Jahre
1334 3061 1436 3103 1858,
1470 3058 1523 3092 als
1556 3058 1612 3092 die
1644 3057 1819 3102 3jahrige

106 3113 342 3158 Philosophie
368 3115 574 3160 eingeft'ihrt
598 3117 731 3161 wurde,
758 3117 962 3151 bedentend
988 3116 1173 3161 geandert,
1199 3116 1291 3151 auch
1318 3116 1386 3151 den
1404 3115 1819 3150 Naturwissenschaften

107 3172 209 3208 mehr
235 3172 439 3217 Spielraum
465 3173 698 3217 eingeraumt.

1545 3233 1611 3267 331ἒ
