2164 3535
526 223 719 267 catalogus
746 227 942 267 perpetuus
969 222 1086 257 Germ.
1114 222 1199 266 Sup.
1230 225 1397 257 1602-4,
1763 226 1808 264 11

160 365 217 406 In
249 365 311 406 ΙΙ.
346 363 711 406 Grammatica.
1554 411 1563 425 .

238 439 293 480 M.
318 440 361 481 T.
386 439 469 482 Cic.
493 439 546 480 ad
577 439 674 480 fam.
698 438 831 492 Epist.
866 438 890 479 l.
921 440 940 478 7
964 440 1006 479 et
1028 438 1064 478 8.
1128 435 1414 478 Emmanuelis
1439 435 1582 476 Aluari
1606 434 1814 488 Syntaxis.

102 516 146 556 P.
181 514 317 568 Ouidij
352 514 403 556 de
434 515 568 556 Ponto
599 514 668 556 lib.
704 515 740 553 2.

242 589 530 641 Catechismus
553 588 752 630 Graecus.
786 588 812 630 J
816 587 933 630 acobi
952 587 1140 629 Gretseri
1157 585 1412 629 Rudimenta
1429 586 1596 639 linguae
1616 585 1814 628 Graecae.

72 714 76 719 .
161 677 215 718 In
249 676 337 717 III.
372 674 734 717 Grammatica.

242 751 296 792 M.
321 751 366 792 T.
392 749 603 792 Ciceronis
636 749 769 803 Epist.
805 748 944 790 select.
978 747 1047 789 lib.
1072 749 1110 789 4.
1175 747 1462 790 Emmanuelis
1496 747 1642 789 Aluari
1675 747 1744 789 lib.
1780 750 1813 788 1.

105 825 416 868 Grammaticae
448 837 542 867 cum
574 823 893 866 Introductione
927 821 1172 875 Syntaxeos.

246 901 309 942 Ex
341 900 590 942 rudimentis
629 898 778 941 Jacobi
811 897 1001 940 Gretseri
1041 897 1340 939 declinationes
1380 896 1589 949 simplices
1628 898 1669 938 et
1709 895 1822 937 nuda

107 976 334 1018 uerborum
366 976 667 1029 barytonorum
699 973 863 1015 inflexio
1244 955 1253 963 ⁷

164 1064 222 1105 In
255 1062 438 1104 ordine
470 1061 732 1103 inferiore
763 1060 894 1102 IIIa.e
927 1060 1147 1102 Gramm.
1211 1056 1516 1111 (Rudimenta.)

246 1139 299 1180 M.
334 1139 377 1179 T.
413 1137 496 1179 Cic.
534 1136 669 1190 Epist.
703 1136 842 1178 select.
883 1135 908 1176 l.
946 1137 981 1176 1.
1043 1132 1329 1176 Emmanuelis
1368 1132 1513 1174 Aluari
1554 1132 1819 1174 Rudimenta.

110 1239 161 1242 —
195 1212 478 1266 Alphabetum
512 1211 732 1254 Graccum.

460 1571 774 1646 Catalogus
822 1573 1071 1645 quintus.
1157 1570 1228 1642 (a.
1282 1568 1472 1640 1608.)

169 1719 221 1760 In
255 1718 559 1761 Rhetorica.

250 1793 305 1834 M.
329 1793 450 1847 Tullij
476 1793 558 1835 Cic.
592 1793 846 1835 Partitiones
880 1791 1114 1834 Oratoriae.
1172 1792 1372 1834 Eiusdem
1402 1791 1651 1833 Orationum
1683 1792 1762 1833 vol.
1787 1792 1824 1833 3.

113 1868 239 1921 Statij
275 1868 416 1922 Sylua.

250 1943 538 1997 Xenophontis
577 1942 837 1997 Cyripaedia.
901 1942 1073 1985 Homeri
1117 1942 1266 1995 Odyss.
1299 1941 1324 1982 l.
1362 1945 1379 1983 1.
1417 1945 1460 1984 et
1488 1942 1528 1985 2.
1580 1967 1628 1972 ——
1678 1942 1826 1984 Jacobi

115 2019 306 2061 Gretseri
337 2018 541 2060 Prosodia
573 2018 746 2060 Graeca.

170 2107 226 2148 In
258 2107 619 2148 Humanitate.
1046 2146 1050 2150 .

250 2182 304 2223 M.
330 2183 372 2223 Τ.
399 2182 479 2224 Cic.
516 2183 565 2224 de
594 2182 738 2236 officijs
771 2183 793 2223 l.
821 2184 857 2223 3.
914 2181 1114 2223 Eiusdem
1148 2181 1292 2223 Oratio
1325 2194 1400 2234 pro
1433 2180 1583 2222 Roscio
1616 2179 1825 2221 Amerino.

115 2257 311 2311 Cypriani
350 2256 482 2309 Soarij
524 2257 760 2299 Rhetorica.
823 2258 1006 2300 Curtius.
1069 2258 1113 2298 P.
1150 2256 1310 2309 Virgilij
1346 2256 1531 2298 Maronis
1564 2256 1665 2296 Aen.
1700 2255 1724 2295 l.
1763 2255 1828 2305 10,

120 2336 164 2375 11
203 2335 244 2375 et
278 2334 341 2374 12.
404 2333 448 2374 P.
484 2333 621 2386 Ouidij
656 2333 724 2374 lib.
760 2333 997 2374 Fastorum.

252 2408 424 2450 Luciani
458 2408 634 2460 Dialogi.
688 2408 1051 2460 Epigrammatum
1075 2406 1333 2448 Graecorum
1366 2405 1504 2447 select.
1531 2418 1568 2458 p.
1595 2406 1631 2445 2.
1681 2404 1829 2446 Jacobi

117 2483 306 2525 Gretseri
339 2483 533 2537 Syntaxis
567 2483 742 2525 Graeca.

173 2570 226 2611 In
259 2570 304 2612 Ν
337 2569 715 2611 Grammatica.

253 2645 307 2686 M.
342 2645 385 2686 T.
422 2645 503 2686 Cic.
538 2644 603 2686 Ad
636 2645 781 2686 Famil.
814 2644 882 2685 lib.
918 2646 943 2685 4
975 2645 1016 2685 et
1047 2645 1083 2683 5.
1133 2643 1333 2684 Eiusdem
1366 2642 1417 2683 de
1449 2642 1686 2683 Senectute.
1736 2641 1832 2682 Em-

117 2720 319 2761 manuelis
364 2720 507 2761 Aluari
550 2719 746 2773 Syntaxis
789 2719 961 2772 plenior.
1022 2718 1226 2760 Prosodia
1268 2722 1308 2760 et
1345 2718 1537 2770 Figurae.
1600 2717 1644 2758 P.
1690 2716 1827 2768 Ouidij

118 2794 288 2848 Elegiae
321 2794 522 2836 Selectae.
586 2795 814 2837 Posterior-i
848 2807 946 2835 sem.
981 2794 1024 2834 P.
1059 2793 1173 2845 Vir-g.
1208 2792 1378 2834 Aeneid.
1413 2793 1437 2833 l.
1474 2795 1510 2833 7.

264 2869 633 2923 Apophthegmata
670 2870 826 2912 selecta
857 2869 1083 2911 Plutarchi.
1146 2868 1293 2910 Jacobi
1327 2868 1515 2910 Gretseri
1547 2867 1834 2910 Grammatica

119 2944 293 2986 Graeca.

175 3020 229 3060 In
261 3019 336 3061 1Ιὲ
365 3018 739 3061 Grannmatica.

256 3093 309 3134 M.
345 3094 387 3134 T.
421 3093 501 3135 Cic.
538 3094 763 3147 Epistolar.
799 3093 850 3135 ad
900 3094 1146 3136 Familiares
1192 3094 1219 3134 l.
1254 3095 1277 3134 9
1319 3097 1360 3134 et
1404 3093 1467 3134 10.
1546 3090 1831 3132 Emmanuelis

119 3168 265 3210 Aluari
298 3168 504 3222 Syntaxis.
569 3169 611 3209 P.
647 3168 783 3221 Ouidij
821 3168 871 3209 de
902 3169 1035 3211 Ponto
1068 3170 1081 3210 l
1127 3170 1164 3209 3.
