2164 3535
239 214 323 256 386
604 213 789 249 Deutsche
815 213 1179 258 Reformvorschl'age
1205 214 1265 248 fur
1290 214 1347 249 die
1375 214 1416 250 R.
1444 220 1487 251 st.
1517 219 1615 252 1829.

1042 283 1064 292 v

239 352 395 410 modis,
440 365 489 396 ac
528 353 738 396 intentum
781 353 907 395 finem
948 358 1223 407 assequetur,
1273 355 1480 409 cedetque
1526 356 1578 398 ad
1614 357 1821 410 juvenum
1865 358 1976 400 utili-

239 430 385 484 tatem,
419 427 472 470 ad
501 428 731 471 Parentum
763 427 1110 483 satisfactionem,
1144 429 1198 471 ad
1233 430 1458 472 Societatis
1492 432 1901 475 commendationem
1935 437 1977 475 et

240 502 294 545 ad
326 503 530 557 majorem
561 503 640 545 Dei
672 503 863 556 gloriam.

377 596 539 638 Datum
571 596 784 652 Friburgi,
819 597 883 638 10.
907 596 1052 639 Martii
1088 598 1211 640 1828.

1384 702 1423 745 J.
1458 702 1505 744 B.
1539 703 1705 746 Drach
1745 704 1786 746 S.
1820 704 1859 747 J.

279 1079 771 1162 Eingehender
817 1084 1196 1164 Vorschlag
1248 1085 1357 1144 fiir
1404 1085 1929 1167 Aenderungen

622 1191 690 1250 in
743 1191 863 1251 der
914 1192 1111 1252 Ratio
1167 1192 1589 1253 Studiorum.

436 1308 763 1376 Eingereicht
801 1327 901 1358 von
940 1309 1028 1358 der
1066 1310 1344 1359 deutschen
1386 1309 1601 1359 Provinz
1646 1314 1791 1361 1829.

242 1425 382 1471 (Arch.
410 1425 543 1462 Germ.
570 1426 616 1462 V.
642 1427 690 1462 B.
710 1426 749 1462 3.
799 1426 1063 1462 Handsehrift
1088 1436 1164 1462 von
1190 1426 1282 1462 fiinf
1305 1427 1443 1470 Bogeu
1472 1426 1537 1472 [20
1564 1426 1648 1472 SS.]
1676 1427 1812 1472 Folio,
1849 1427 1975 1462 wahr-

309 1484 531 1520 scheinlich
557 1484 627 1520 das
653 1484 856 1530 Original‚
886 1493 963 1519 von
989 1484 1179 1520 welchem
1206 1484 1270 1520 (lie
1297 1484 1503 1520 Absehrift
1528 1485 1627 1520 nach
1653 1485 1750 1520 Rom
1776 1485 1906 1530 ging.)

245 1694 317 1742 De
362 1693 576 1742 Ratione
624 1693 916 1743 Studiorum
962 1694 1146 1742 nostris
1191 1693 1505 1760 temporibus
1551 1693 1976 1742 accommodanda

657 1787 1042 1836 AnnotationeS.
1106 1789 1251 1836 1829.
1315 1786 1559 1854 [Seduni]

575 1925 669 1980 §L
742 1925 820 1967 De
866 1924 1129 1978 Regulis
1177 1924 1636 1968 Provincialis.

379 2028 451 2070 Ad
484 2029 711 2082 regulam
745 2030 781 2070 6.
844 2029 934 2071 Iam
968 2041 1058 2071 mos
1091 2028 1282 2082 invaluit,
1315 2032 1363 2071 ut
1395 2041 1541 2072 sacrae
1572 2028 1817 2083 Scripturae
1850 2029 1973 2071 lectio

242 2116 267 2145 a
297 2104 431 2157 primo
464 2102 702 2156 theologiae
735 2116 844 2146 anno
877 2104 1016 2146 locum
1039 2103 1263 2157 obtineret,
1295 2104 1423 2157 idque
1446 2104 1621 2146 alternis
1644 2104 1796 2146 saltem
1820 2103 1968 2146 diebus

242 2191 318 2232 per
353 2178 501 2221 horam
543 2178 764 2232 integram.
828 2178 903 2221 Ille
943 2191 1033 2221 mos
1075 2178 1259 2232 primum
1291 2178 1561 2221 introductus
1594 2179 1763 2221 videtur
1793 2179 1833 2221 in
1868 2179 1974 2221 Ger-

243 2254 383 2297 mania
419 2255 508 2308 jam
551 2256 648 2296 ante
692 2253 919 2297 Societatis
960 2255 1322 2308 suppressionem3
1371 2258 1414 2296 et
1459 2254 1676 2297 auditores
1719 2268 1795 2309 per
1835 2257 1972 2296 totum

242 2329 481 2383 theologiae
514 2330 786 2382 curriculum,
820 2329 919 2372 licet
949 2330 1076 2372 etiam
1109 2330 1457 2383 quadriennium,
1490 2330 1606 2372 illam
1638 2330 1860 2372 lectionem
1892 2329 1972 2372 fre-

241 2407 447 2458 quentare
489 2405 757 2447 tenebantur.
829 2405 1071 2448 Necessitas
1112 2417 1291 2458 magnae
1331 2406 1373 2447 in
1415 2405 1546 2448 sacris
1594 2405 1747 2448 litteris
1794 2405 1970 2459 peritiae

242 2480 370 2522 etiam
411 2492 522 2522 nunc
555 2480 609 2522 ob
641 2484 895 2523 novatorum
927 2480 1088 2523 abusus
1120 2479 1345 2522 manifesta
1376 2483 1461 2535 est,
1495 2484 1537 2523 et
1570 2480 1763 2522 omnibus
1797 2480 1974 2533 regioni-

241 2555 321 2597 bus
354 2555 585 2598 communis
617 2555 800 2598 videtur.

380 2631 452 2673 Ad
485 2643 583 2685 reg.
609 2633 633 2673 9
667 2631 752 2686 §2
813 2630 1012 2674 Manente
1045 2643 1204 2673 canone
1227 2632 1251 2672 9
1285 2642 1426 2684 congr.
1451 2632 1475 2672 5
1509 2630 1550 2672 in
1583 2632 1672 2673 toto
1705 2642 1781 2672 suo
1812 2630 1969 2686 vigore,

242 2716 325 2746 non
356 2704 525 2748 videtur
555 2717 667 2748 nunc
699 2717 898 2759 expressa
933 2706 1088 2748 mentio
1121 2705 1315 2748 facienda
1348 2705 1399 2748 de
1428 2704 1594 2761 affectii,
1628 2717 1711 2759 quo
1734 2705 1971 2758 theologiae

243 2779 504 2832 professores
537 2779 577 2822 S.
613 2780 815 2823 Thoniam
847 2780 1047 2835 prosequi
1080 2779 1281 2836 debeant,
1322 2782 1412 2822 tum
1445 2780 1558 2834 quod
1590 2780 1885 2822 altercationes
1919 2780 1971 2822 de

244 2854 285 2895 S.
318 2854 503 2897 Thomae
544 2855 800 2898 auctoritate
835 2856 925 2909 jam
964 2855 1129 2909 pridem
1170 2858 1391 2898 cessarunt
1430 2855 1541 2897 inter
1587 2854 1827 2908 theologos,
1877 2858 1968 2896 tum

243 2928 371 2971 etiam
413 2929 528 2982 quod
570 2929 683 2972 dicta
725 2929 882 2971 mentio
916 2929 1028 2983 apud
1061 2930 1327 2973 adversarios
1359 2930 1600 2983 iniquarum
1634 2929 1969 2984 disputationum

243 3004 487 3046 memoriam
521 3016 740 3059 renovare,
774 3008 816 3047 et
848 3004 1043 3057 malignis
1075 3004 1498 3059 interpretationibus
1521 3004 1743 3047 materiam
1765 3004 1968 3058 praebere

243 3078 396 3133 possit,
435 3078 470 3121 si
504 3077 613 3121 forte
643 3077 883 3121 studiorum
916 3079 1024 3121 ratio
1056 3080 1097 3121 in
1129 3080 1318 3134 ipsorum
1351 3092 1501 3122 manus
1535 3079 1761 3122 devenerit.
1825 3079 1968 3121 Satius

243 3152 409 3195 videtur
446 3166 521 3206 pro
559 3153 637 3196 hoc
679 3156 722 3195 et
764 3154 874 3194 omni
908 3158 1098 3207 tempore
1132 3154 1173 3195 id
1206 3157 1410 3197 annotare
1442 3154 1556 3208 quod
1588 3153 1771 3196 habetur
1802 3166 1886 3207 reg.
1916 3155 1966 3196 16
