2164 3535
707 225 781 260 Das
807 224 1067 259 Theresianum
1092 225 1129 257 in
1156 223 1273 258 Wien.
1765 227 1846 267 353

131 366 245 419 quod
287 366 363 407 tibi
402 379 483 407 non
525 366 585 407 vis
625 365 735 417 fieri,
777 365 898 406 alteri
939 378 990 407 ne
1028 364 1197 415 feceris3
1245 363 1385 405 omnia
1426 376 1523 404 vero
1562 376 1853 416 quaecumque

130 442 259 484 vultis
292 446 339 483 ut
370 443 527 484 faciant
559 442 675 484 vobis
708 442 912 492 homines,
945 445 988 482 et
1021 453 1093 482 vos
1126 440 1251 482 facite
1281 440 1377 481 illis.

268 534 433 575 Natura
481 532 649 585 quidem
692 545 717 574 a
766 533 911 574 mundi
957 533 1128 575 exordio
1175 533 1216 574 in
1271 531 1562 574 communione
1619 531 1853 584 reliquerat

131 612 304 650 externa
345 607 531 660 corporis
574 607 703 659 bona,
747 619 828 648 nou
867 611 1008 649 tamen
1052 611 1200 649 eontra
1231 620 1323 648 eam
1355 606 1598 648 introducta
1631 609 1695 647 est
1728 606 1855 647 bono-

131 695 225 724 rum
256 682 416 723 divisio.

269 770 450 811 Tantum
492 769 611 811 abest
653 768 884 821 legitimam
926 768 1198 821 magistratui
1241 768 1543 821 subjectionem
1577 771 1756 809 naturae
1789 780 1853 809 re-

131 858 321 898 pugnare
362 848 410 885 ut
446 847 584 886 status
622 843 762 896 potius
796 843 927 884 civilis
960 843 1018 883 illi
1050 843 1231 884 maxime
1263 842 1317 884 sit
1349 842 1596 895 conformis,
1641 842 1695 884 ad
1728 855 1852 895 quem

133 920 343 961 hominem
396 920 488 972 ipsa
532 921 687 959 natura
732 918 937 959 formasse
978 917 1162 959 videtur:
1217 930 1348 969 quare
1394 918 1607 959 societatis
1654 918 1856 970 originem

133 995 301 1047 qualem
325 993 578 1048 Hobbesius,
612 992 871 1034 Carneadem
896 995 1082 1047 secutuS,
1111 992 1310 1040 adstruit,
1334 991 1606 1044 hominesque
1629 992 1855 1044 aliquando

131 1082 331 1124 pecorum
372 1070 506 1111 instar
548 1074 723 1121 vagatos
767 1072 813 1109 ut
849 1067 959 1121 juris
1002 1067 1182 1109 consulti
1226 1066 1395 1119 quidem
1429 1067 1591 1119 antiqui
1627 1066 1852 1108 adinvene-

133 1149 252 1198 runt,
292 1156 517 1199 negamus,
557 1145 866 1196 societatesque
908 1143 960 1183 ab
1002 1142 1119 1183 initio
1163 1142 1320 1184 conditi
1363 1142 1476 1183 orbis
1514 1154 1680 1195 semper
1721 1142 1851 1183 fuisse

132 1220 414 1272 adstruimus,
456 1220 690 1261 deferentes
732 1219 874 1272 potius
915 1218 1153 1260 Historieae
1195 1218 1431 1259 narrationi
1473 1230 1598 1271 quam
1642 1217 1854 1269 scriptura

131 1296 342 1349 proponit,
375 1308 502 1348 quam
534 1294 724 1336 futilibus
756 1294 1057 1336 Recentiorum
1089 1293 1354 1346 quorundam
1390 1292 1638 1339 rationibus,
1672 1303 1854 1344 quorum

134 1370 289 1424 opinio,
324 1383 404 1411 non
434 1370 642 1423 Religioni
672 1372 853 1415 tantum.
886 1369 958 1410 sed
991 1373 1034 1410 et
1067 1369 1179 1410 civili
1210 1368 1512 1421 tranquillitati
1546 1367 1785 1420 opponitur.

273 1462 569 1504 Haereditario
602 1463 693 1515 jure
724 1461 893 1503 firmata
915 1460 1158 1503 Monarchia
1192 1461 1378 1514 regimen
1411 1464 1474 1502 est
1505 1460 1713 1501 humanae
1734 1458 1860 1500 felici-

134 1539 212 1580 tati
245 1551 372 1592 quam
404 1538 584 1580 maxime
616 1543 775 1592 aptum.

274 1625 524 1668 Obedientia
545 1625 728 1678 Principi
752 1624 907 1677 debita,
941 1627 1005 1666 tot
1026 1624 1147 1665 nobis
1179 1622 1442 1676 praescripta
1475 1626 1539 1663 est
1562 1621 1711 1675 titulis,
1746 1620 1859 1662 nullo

136 1706 183 1743 ut
221 1713 426 1754 umquam
467 1713 567 1742 casu
600 1701 651 1742 ab
684 1700 762 1741 hae
794 1700 849 1741 sit
891 1699 1121 1754 exemptio,
1166 1698 1243 1740 nisi
1276 1698 1348 1739 ubi
1381 1698 1469 1739 Deo
1510 1696 1733 1738 manifeste
1767 1708 1860 1737 con-

135 1777 316 1818 trarium
347 1776 681 1829 praeciperetur:
715 1778 844 1828 atque
876 1778 966 1816 tum
998 1775 1167 1828 quidem
1202 1773 1303 1815 nihil
1337 1774 1415 1815 nisi
1448 1773 1615 1826 passive
1646 1771 1861 1813 inobedire

135 1853 251 1894 licet:
295 1864 432 1905 neque
464 1851 541 1893 hoe
580 1851 745 1893 vinculo
778 1851 887 1892 cives
921 1851 972 1892 ab
1014 1850 1199 1891 humana
1231 1851 1444 1902 potestate
1485 1847 1656 1889 liberari
1687 1849 1862 1901 queunt,

138 1940 275 1980 neque
308 1926 385 1968 hoc
418 1925 599 1968 officium
631 1927 813 1968 limitare
845 1926 924 1978 ipsi
957 1925 1111 1977 valent,
1145 1938 1239 1966 cum
1272 1926 1462 1977 potestas
1494 1923 1683 1976 regimini
1718 1935 1740 1963 a
1774 1922 1861 1963 solo

137 2003 226 2043 Deo
260 2002 412 2043 collata
444 2002 517 2043 sit:
558 2002 790 2043 adversarii
823 2001 894 2054 qui
926 2001 992 2042 hic
1023 2013 1099 2041 nos
1132 2003 1350 2052 tamquam
1386 1998 1642 2052 Despotismi
1674 1998 1862 2039 fautores

138 2078 407 2133 insimulant,
439 2090 515 2130 pro
556 2077 725 2118 lieentia
766 2076 959 2130 populari
992 2089 1077 2129 qua
1107 2076 1219 2116 inter
1257 2074 1450 2115 homines
1490 2074 1610 2126 pejus
1651 2072 1749 2114 nihil
1785 2076 1862 2127 est,

137 2165 182 2193 se
214 2165 404 2205 pugnare
436 2164 517 2193 non
551 2152 794 2193 advertunt.

276 2245 420 2286 Bonus
452 2245 516 2285 vir
548 2257 572 2286 a
602 2244 710 2285 bono
745 2244 832 2286 cive
863 2244 966 2285 nihil
999 2243 1149 2298 differt,
1182 2244 1312 2285 vitam
1345 2255 1446 2295 ergo
1479 2242 1549 2295 qui
1582 2241 1745 2294 patriae
1777 2252 1859 2281 non

141 2320 257 2362 ducit
291 2320 451 2373 utilem,
482 2332 565 2361 non
597 2319 758 2361 otiosus
791 2322 960 2360 tantum
993 2319 1066 2361 sed
1099 2322 1141 2360 et
1172 2319 1308 2360 malus
1342 2322 1417 2359 est.

279 2413 383 2455 Post
415 2413 549 2454 Deum
592 2412 755 2465 patriae
796 2412 1086 2465 Principisque
1127 2423 1245 2452 amor
1287 2410 1460 2463 reliquis
1499 2409 1624 2450 rebus
1667 2407 1861 2449 omnibus

142 2487 441 2540 praeferendus
486 2490 569 2537 est3
605 2487 701 2528 huie
746 2486 878 2528 officio
923 2486 1075 2527 cedunt
1115 2486 1277 2539 reliqua
1315 2484 1500 2525 humana
1542 2483 1699 2524 omnia:
1742 2481 1868 2523 sacri—

142 2563 262 2615 legus
295 2566 372 2615 est,
406 2562 477 2615 qui
509 2562 673 2615 patriae
703 2574 807 2604 suae
838 2562 1007 2614 iniquus
1041 2564 1116 2603 est.

281 2654 386 2696 Cum
419 2667 440 2696 e
471 2654 704 2707 Republica
735 2654 791 2695 sit
822 2653 1060 2695 Thesauros
1099 2652 1290 2705 publicos
1324 2652 1546 2705 opulentos
1579 2663 1692 2699 esse,
1734 2649 1865 2691 mani—

141 2730 295 2772 festum
327 2731 392 2771 est
423 2729 552 2771 civem
588 2729 817 2781 quemlihet
849 2729 982 2770 teneri
1014 2728 1123 2769 hona
1154 2740 1233 2769 sua
1264 2728 1304 2768 in
1338 2739 1408 2769 eos
1441 2727 1648 2768 conferre:
1694 2724 1865 2766 Patriae

143 2818 242 2858 ergo
274 2805 450 2859 injurius
474 2807 551 2855 est,
585 2804 656 2857 qui
690 2804 963 2857 dissipatione
997 2814 1264 2855 quacumque
1296 2814 1340 2843 se
1372 2801 1468 2842 huie
1501 2801 1652 2843 auxilio
1676 2800 1865 2852 ineptum

143 2880 293 2922 reddit.

279 2966 475 3008 Militaris
498 2966 598 3021 vita,
632 2965 801 3007 Gloriae
834 2977 953 3017 seges
987 2967 1029 3005 et
1059 2964 1225 3017 patriae
1256 2963 1437 3005 fulcrum
1471 2959 1864 3003 convenientissima

144 3044 209 3082 est
239 3041 397 3082 homini
429 3041 642 3082 natalibus
675 3040 845 3082 illustri.

283 3126 492 3168 Scientiae
532 3127 641 3168 vitae
683 3126 831 3168 nobilis
878 3128 1171 3167 ornamentum
1216 3127 1335 3171 sunt,
1383 3136 1456 3164 nec
1502 3124 1597 3171 hae,
1646 3125 1690 3162 ut
1735 3121 1866 3161 voluit

214 3216 401 3240 Monumenta
421 3214 594 3240 Germaniae
615 3213 818 3245 Paedagogica
838 3212 915 3237 XVI.
1593 3204 1636 3235 23
