2164 3535
483 235 585 270 Neue
613 233 977 277 Studienvorschlage
1004 233 1067 268 der
1092 232 1288 268 deutschen
1315 231 1466 266 Provinz
1496 233 1592 266 1830.
1813 233 1896 274 425

585 523 810 589 Regulae
850 522 1151 571 Professoris
1191 520 1492 568 Matheseos.

314 650 385 692 Ad
418 663 512 703 reg.
551 652 585 691 1.
649 650 711 691 De
742 648 923 690 Mathesi
948 650 1036 702 jam
1069 648 1227 690 dictum
1259 652 1323 689 est
1355 647 1408 688 ad
1439 659 1524 699 reg.
1549 647 1603 688 20
1636 646 1756 687 Prov.
1791 649 1833 686 et
1875 647 1896 685 7

180 725 434 768 Professoris
466 725 590 770 Phil.:
639 724 734 765 hinc
773 722 1036 764 immutanda
1076 723 1243 764 videtur
1283 722 1384 764 haec
1424 721 1570 774 regula
1605 723 1654 762 1‘?
1690 721 1736 762 in
1777 724 1900 762 tem-

178 814 324 854 pore,
358 813 442 842 una
474 800 580 841 enim
615 799 720 840 hora
751 798 916 850 integra
947 797 1122 850 singulis
1150 797 1400 839 lectionibus
1430 796 1520 838 dari
1555 795 1739 851 deberet,
1771 797 1822 837 2‘?
1852 795 1900 836 in

179 874 539 918 Auditorihus:
571 873 696 927 logici
729 873 839 915 enim
872 872 924 914 ad
956 872 1165 914 Mathesin
1198 872 1497 913 elementarem
1525 870 1762 924 applicandi
1786 873 1898 925 sunt,

179 964 262 1005 quo
303 951 363 993 sic
402 949 541 1003 parati
583 948 636 991 ad
678 948 901 1002 Physicam
943 947 1167 1002 accedant,
1215 947 1268 988 39
1302 946 1349 986 in
1381 945 1626 997 Authoreq
1670 945 1760 987 sola
1791 945 1899 987 enim

179 1025 368 1067 Euclidis
400 1024 621 1079 elementa,
653 1023 752 1065 licet
785 1023 956 1075 optima,
988 1034 1065 1064 nec
1096 1020 1311 1063 sufficiunt
1342 1021 1470 1063 hodie
1498 1033 1573 1063 nec
1596 1020 1785 1074 apprime
1807 1032 1902 1062 con-

180 1100 372 1155 veniunt,
418 1100 472 1143 49
506 1098 554 1140 in
604 1097 822 1140 materia
862 1096 1130 1151 tradenda,
1181 1096 1316 1138 omitti
1358 1095 1467 1137 enim
1510 1095 1664 1138 debent
1700 1107 1809 1147 quae
1851 1094 1902 1137 de

180 1174 448 1229 Geographia
465 1178 508 1217 et
523 1173 704 1228 sphaera
727 1173 938 1224 dicuntur,
959 1184 1139 1226 quarum
1157 1171 1355 1213 tractatio
1379 1170 1507 1213 alium
1525 1170 1663 1212 locum
1683 1169 1902 1223 proprium

178 1250 318 1292 habet.
380 1249 486 1292 Vide
517 1262 648 1303 supra
679 1249 731 1290 ad
764 1261 849 1302 reg.
876 1251 898 1290 7
932 1248 1042 1290 Prof.
1076 1247 1320 1300 Philosoph.

267 1583 530 1633 Ordinatio
578 1583 632 1631 R.
672 1583 723 1631 P.
762 1582 825 1631 N.
878 1582 1047 1630 Franc.
1103 1581 1447 1631 Piccolominii
1494 1597 1584 1646 pro
1634 1578 1813 1627 studiis

866 1675 1225 1741 superioribus.

316 1803 434 1845 Licet
474 1803 577 1845 haec
609 1803 829 1845 Ordinatio
871 1807 1110 1856 temporum
1150 1805 1396 1844 nostrorum
1437 1799 1679 1842 necessitati
1722 1811 1803 1840 non
1847 1798 1902 1840 sit

180 1877 514 1929 accommodata„
549 1878 737 1932 apprime
769 1881 930 1931 tamen,
964 1890 1038 1919 ceu
1070 1882 1390 1919 monumentum
1422 1874 1738 1928 sollicitudinis,
1772 1886 1900 1927 quam

180 1952 232 1994 ad
264 1953 576 2006 praecavendas
608 1953 754 1995 noxias
788 1954 997 1995 novitates
1031 1952 1218 1994 Societas
1259 1951 1426 2004 habuit,
1468 1950 1538 2004 iis,
1584 1949 1655 2002 qui
1694 1948 1902 1990 liberioris

178 2027 332 2079 ingenii
373 2031 491 2079 sunt,
533 2028 647 2070 intra
690 2027 812 2070 officii
844 2028 998 2069 limites
1032 2027 1294 2069 continendis
1327 2025 1531 2068 inservire
1562 2027 1714 2078 potest.
1780 2022 1903 2065 Certe

178 2102 220 2143 in
262 2102 425 2145 ratione
467 2103 705 2145 studiorum
747 2103 902 2145 nostris
943 2103 1204 2156 temporibus
1250 2100 1606 2144 accommodanda
1644 2099 1781 2141 locum
1820 2111 1902 2140 non

178 2178 386 2219 inveniret
427 2178 539 2231 quod
581 2178 763 2220 habetur
806 2192 830 2220 a
871 2179 965 2220 N.1
1003 2178 1055 2219 ad
1089 2178 1137 2219 N.
1165 2179 1188 2219 9
1233 2181 1275 2219 et
1314 2176 1525 2219 Elenchus
1567 2174 1902 2228 propositionum

180 2265 262 2294 non
294 2253 651 2308 explicandarum,
684 2254 754 2306 qui
783 2254 833 2294 N.
858 2255 909 2295 14
941 2252 1183 2306 exponitur3
1216 2255 1309 2294 tuto
1343 2251 1470 2293 etiam
1493 2250 1629 2292 omitti
1651 2251 1806 2303 potest,
1838 2247 1903 2289 vel

180 2326 314 2369 eidem
357 2328 466 2370 alius
505 2328 731 2380 substitui,
773 2328 845 2381 qui
877 2341 1042 2370 errores
1074 2328 1209 2369 nostri
1240 2326 1442 2379 temporis
1476 2325 1678 2378 designet.
1742 2324 1902 2365 Verum

180 2414 289 2455 quae
319 2402 530 2445 habentur
563 2417 587 2445 a
618 2404 666 2445 N.
693 2405 716 2443 f)
750 2403 804 2444 ad
836 2403 884 2444 N.
912 2405 963 2444 14
995 2407 1037 2444 et
1068 2402 1286 2456 complura
1318 2401 1420 2456 alia,
1463 2412 1571 2453 quae
1603 2398 1761 2452 passim
1794 2410 1903 2440 com-

179 2476 454 2532 mendantur,
498 2478 664 2520 omnino
697 2480 936 2531 congruunt
968 2478 1122 2519 nostris
1154 2476 1437 2532 temporibus,
1478 2475 1539 2516 ita
1571 2477 1618 2515 ut
1649 2474 1799 2516 saltem
1830 2473 1903 2514 illa

179 2563 395 2604 nunquam
428 2553 705 2606 expungenda
737 2552 971 2595 videantur.

273 2868 544 2934 Appendix
596 2869 876 2933 variorum,
931 2886 1062 2934 quae
1117 2868 1170 2917 in
1223 2867 1402 2917 studiis
1460 2865 1804 2933 superioribus

862 2961 1225 3014 desiderantur.

320 3091 371 3130 1?
409 3087 619 3130 Videntur
649 3089 776 3131 etiam
809 3089 975 3131 dandae
1007 3088 1178 3141 regulae
1209 3087 1525 3130 Professoribus
1552 3085 1662 3139 juris
1700 3083 1900 3136 canonici,

182 3163 398 3206 Historiae
429 3166 472 3206 et
491 3163 702 3220 Physices,
735 3164 835 3218 quia
868 3167 910 3206 et
939 3164 978 3205 in
1013 3163 1076 3206 his
1110 3163 1339 3216 disciplinis
1362 3162 1519 3204 abusus
1543 3173 1692 3214 graves
1715 3160 1900 3213 irrepere
