2164 3535
624 235 791 271 Statuten
817 235 879 270 des
907 235 1064 270 Sittener
1090 235 1238 278 Kollegs
1264 246 1324 269 um
1353 238 1449 270 1824.
1815 239 1896 279 367

173 376 244 428 qui
278 376 330 417 ad
363 376 578 431 moralem,
610 380 738 429 prout
768 376 809 417 in
834 375 1045 417 Societate
1068 376 1264 428 exigitur,
1298 378 1398 416 sunt
1420 375 1521 427 apti,
1555 375 1582 416 ii
1608 386 1777 428 quoque
1801 387 1896 415 cum

172 451 313 493 fructu
346 451 629 504 dogmaticum
664 451 834 504 aliquod
869 451 1163 503 compendium
1196 450 1344 492 audire
1378 450 1546 492 debent.
1610 451 1663 491 (39
1697 449 1761 490 Ex
1783 449 1900 490 insti-

173 530 266 568 tuto
308 527 360 567 ad
402 526 553 567 altiora
595 526 832 579 promoveri
872 538 953 567 non
992 530 1189 579 possunt,
1235 526 1315 566 nisi
1349 525 1420 578 qui
1454 525 1495 566 in
1529 524 1820 577 Metaphysica
1852 536 1899 565 ac

172 601 359 652 Physicis
392 601 725 642 mediocritatem
757 604 1026 654 superarunt.
1092 601 1197 643 Cum
1231 603 1371 642 autem
1405 612 1515 641 nunc
1549 599 1693 641 studia
1724 598 1898 652 physica

171 676 258 717 fere
299 676 489 718 totaliter
530 677 570 717 in
616 676 797 717 Mathesi
840 676 925 718 sint
963 675 1160 729 fundata,
1204 676 1264 716 ita
1305 678 1353 716 ut
1393 674 1447 715 nil
1492 675 1532 715 in
1575 673 1656 715 illis
1697 672 1899 727 proficere

172 751 326 804 possit,
368 752 440 804 qui
483 764 565 792 non
611 751 715 793 bene
747 751 787 791 in
820 750 1131 791 mathematicis
1164 753 1230 791 est
1261 752 1476 803 versatus,
1519 761 1699 801 cumque
1732 748 1900 790 aliunde

172 827 430 879 experientia
461 829 638 879 constet,
672 838 752 866 non
785 837 942 878 paucos
976 824 1154 877 reperiri
1188 824 1334 876 optimi
1364 824 1532 876 ingenii,
1564 836 1900 876 magnarumque

172 902 442 943 scientiarum
481 901 796 954 capacissimos,
837 900 909 952 qui
951 901 1092 940 tamen
1137 898 1317 940 mathesi
1363 911 1512 951 parum
1546 899 1774 940 admodum
1806 911 1900 951 pro-

171 977 313 1019 ficiant
345 989 392 1018 ac
424 978 731 1029 consequenter
762 975 891 1016 etiam
923 975 964 1015 in
997 974 1181 1028 physicis
1213 973 1390 1015 deficere
1413 973 1588 1015 debent:
1623 973 1795 1015 dubium
1820 976 1898 1029 est,

170 1065 271 1094 num
312 1055 354 1093 et
394 1051 453 1092 illi
495 1051 537 1092 in
578 1050 642 1091 his
683 1049 882 1104 physicae
923 1048 1139 1104 partibus,
1183 1061 1292 1101 quae
1334 1050 1450 1089 totae
1490 1051 1591 1089 sunt
1629 1061 1677 1089 ex
1716 1049 1895 1090 mathesi

172 1126 540 1180 demonstrandae,
573 1128 714 1168 essent
745 1124 1024 1166 examinandi.

171 1573 437 1628 Statuten
482 1570 571 1625 fiir
608 1571 698 1624 die
732 1569 1152 1625 Studierenden
1189 1569 1288 1622 des
1323 1567 1563 1639 Kollegs
1601 1567 1659 1619 in
1692 1567 1888 1620 Sitten.

675 1729 938 1795 Regulae
982 1726 1392 1776 Scholasticae

251 1823 433 1890 Lycei
480 1840 544 1871 ac
587 1822 903 1889 Gymnasii
954 1820 1330 1870 Sedunensis.
1414 1820 1471 1868 A.
1512 1818 1624 1864 ciro.
1671 1819 1815 1869 1824.

330 1927 468 1972 (Arch.
487 1926 618 1962 Germ.
636 1926 681 1962 V.
701 1927 748 1961 B.
768 1925 828 1961 13.
866 1926 945 1960 Das
964 1925 1145 1969 Original
1171 1924 1213 1958 in
1237 1933 1299 1967 gr.
1317 1922 1422 1966 Pol„
1449 1920 1733 1964 Plakatform.)

306 2042 381 2076 Das
415 2041 619 2084 Kollegium
652 2051 719 2075 von
754 2041 871 2075 Sitten
902 2040 949 2073 im
982 2040 1127 2073 Kanton
1159 2038 1290 2072 Wallis
1326 2048 1397 2071 war
1425 2039 1528 2080 1814,
1567 2035 1647 2069 dem
1681 2035 1795 2069 Jahre
1827 2035 1894 2070 der

170 2099 545 2143 Wiederherstellung
570 2099 634 2133 der
660 2098 901 2133 Gesellschaft
926 2097 1033 2141 Jesu,
1067 2095 1268 2140 gegrundet
1301 2095 1443 2129 worden
1470 2094 1541 2128 und
1574 2094 1746 2128 umfal'ste
1772 2093 1895 2127 ausser

169 2158 248 2192 dem
275 2157 510 2202 Gymnasium
542 2157 613 2192 und
646 2157 710 2191 der
735 2157 969 2200 Philosophie
1003 2155 1097 2189 auch
1123 2154 1180 2188 die
1214 2153 1487 2197 theologischen
1514 2152 1672 2195 Facher⁷
1710 2161 1783 2184 war
1815 2151 1891 2185 also

170 2216 228 2249 ein
263 2215 458 2259 allerdings
484 2215 623 2249 kleines
649 2215 813 2249 Studium
847 2213 1025 2257 generale.
1074 2213 1125 2246 Im
1151 2212 1266 2246 Jahre
1288 2213 1373 2246 1847
1400 2210 1460 2244 fiel
1487 2220 1524 2244 es
1551 2209 1615 2243 mit
1641 2208 1709 2249 den
1742 2208 1893 2252 librigen

168 2272 489 2307 Jesuitenschulen
515 2273 579 2307 der
605 2272 776 2307 Schweiz.

283 2506 517 2549 »Initium
550 2506 838 2560 sapientiae
870 2509 947 2548 est
978 2505 1131 2547 timor
1162 2503 1398 2546 Domini«
1462 2503 1529 2544 ΡΞ.
1558 2502 1652 2554 110,
1687 2502 1711 2543 9
1744 2504 1786 2543 et

175 2588 253 2630 »In
286 2588 583 2631 malevolam
607 2588 820 2629 animam
853 2599 947 2628 non
970 2585 1213 2627 introibit
1236 2583 1502 2636 Sapientia
1530 2596 1617 2625 nec
1638 2582 1896 2624 habitabit

464 2669 512 2710 in
545 2681 756 2722 corpore
788 2667 996 2710 subdito
1028 2665 1301 2719 peccatis«
1366 2664 1463 2717 Sap.
1490 2667 1527 2719 1,
1560 2665 1597 2705 4.

309 2795 463 2837 Omnes
496 2795 647 2848 igitur,
691 2794 761 2847 qui
803 2793 1092 2835 studiosorum
1123 2791 1218 2833 albo
1257 2790 1426 2833 inscribi
1459 2802 1504 2832 se
1542 2792 1714 2843 curant,
1759 2791 1805 2829 ut
1835 2788 1896 2829 in-

171 2870 318 2923 genuis
342 2870 505 2912 artibus
537 2869 797 2923 imbuantur,
829 2869 965 2910 sciant
998 2867 1272 2909 adnitendum
1304 2866 1383 2908 sibi
1416 2868 1515 2907 ante
1547 2864 1687 2905 omnia
1708 2876 1815 2917 esse⁷
1848 2865 1896 2903 ut

170 2945 261 2997 pios
307 2957 489 2997 vereque
531 2944 792 2986 Christianos
833 2943 1013 2984 induant
1053 2954 1202 2983 mores.
1276 2940 1456 2993 Satagat
1495 2939 1671 2993 proinde
1717 2938 1895 2990 quisque

172 3019 368 3069 animam„
401 3022 609 3071 quantum
631 3018 817 3059 humana
849 3017 1054 3070 fragilitas
1087 3017 1263 3069 patitur,
1296 3016 1348 3057 ab
1381 3015 1493 3057 omni
1526 3012 1765 3055 voluntaria
1787 3023 1896 3052 noxa

170 3094 399 3135 immunem
443 3105 633 3145 servare,
677 3093 730 3135 ad
769 3106 893 3146 quem
935 3092 1059 3133 finem
1101 3091 1382 3144 singularem,
1424 3101 1588 3141 veram,
1629 3087 1805 3129 solidam
1847 3099 1895 3128 ac

172 3171 435 3210 constantem
467 3169 674 3210 Pietatem
716 3169 856 3210 fovere
895 3167 1067 3209 studeat
1097 3180 1198 3220 erga
1230 3165 1524 3208 Beatissimam
1562 3162 1772 3213 Virginem
1806 3161 1894 3203 Ma-
