2164 3535
229 207 312 247 416
533 204 636 239 Neue
664 204 1028 249 Studienvorschlage
1056 206 1121 241 der
1146 207 1345 241 deutschen
1371 207 1525 242 Provinz
1554 212 1652 246 1830.

230 344 331 386 dum
372 346 543 399 aliquod
584 345 755 387 tradere
797 346 948 387 valeat.
1017 345 1131 388 Satis
1172 347 1281 389 enim
1323 349 1424 389 tunc
1465 349 1595 391 fuerit
1633 351 1820 392 numeris
1863 352 1951 393 suis

229 420 456 463 adnotasse
488 424 628 463 textus
661 434 683 462 e
716 433 839 463 sacra
862 420 1084 475 Scriptura
1116 422 1180 463 vel
1202 422 1403 464 Patribus
1437 423 1721 478 depromptos.
1759 451 1808 455 —
1843 425 1952 468 Sunt

228 496 356 537 etiam
395 496 466 549 qui
508 498 684 551 putant,
726 495 908 538 mediam
940 496 1050 537 viam
1081 497 1197 549 iniri,
1241 498 1273 538 si
1308 502 1554 540 assumatur
1586 500 1751 542 Author
1782 501 1951 556 aliquis,

226 572 286 613 ita
326 576 468 613 tamen
510 572 824 627 compingatur,
867 575 914 613 ut
955 572 1145 614 chartam
1185 573 1324 615 albam
1365 574 1657 616 intercalatam
1690 576 1868 632 habeat,
1910 577 1950 617 in

228 659 313 699 qua
345 646 538 700 discipuli
570 647 859 700 discrepantes
892 647 1109 701 opiniones
1142 648 1398 691 Professoris
1432 650 1497 691 sui
1529 653 1678 692 notare
1710 652 1884 704 possint.

364 722 435 763 Ad
468 735 564 775 reg.
603 725 666 764 19.
732 723 860 764 Nobis
908 723 949 764 in
995 736 1113 764 more
1158 736 1240 764 non
1288 728 1353 766 est
1394 725 1604 780 positum,
1651 728 1700 766 ut
1743 726 1953 768 habeatur

226 797 431 849 bidellus,
474 798 588 851 quod
627 798 661 840 si
693 802 833 841 tamen
868 798 1049 841 officium
1082 800 1350 842 retinendum
1382 804 1513 856 esset,
1556 801 1808 843 mutandum
1841 806 1953 844 esset

226 885 377 915 nomen
409 874 566 916 nostris
598 874 639 915 in
673 875 914 927 regionibus
947 875 1185 917 ridiculum.

593 1210 816 1277 Regulae
859 1211 1160 1260 professoris
1200 1229 1238 1260 S.
1278 1211 1581 1278 Scripturae.

363 1338 433 1379 Ad
466 1351 561 1391 reg.
592 1342 625 1380 1.
679 1339 855 1380 Praeter
886 1339 1205 1393 explicationem
1233 1340 1459 1383 litteralem
1482 1340 1615 1394 ipsius
1638 1342 1780 1382 textus
1804 1354 1950 1383 sacrae

225 1413 492 1469 Scripturae,
542 1414 667 1455 hodie
715 1415 871 1467 passim
925 1415 977 1457 ad
1023 1428 1176 1458 munus
1225 1415 1482 1458 Professoris
1535 1418 1727 1470 spectare
1779 1416 1950 1458 videtur

225 1489 486 1545 Exegesis,
518 1502 603 1543 qua
634 1490 755 1531 multi
788 1494 830 1531 et
861 1491 1029 1532 maximi
1063 1491 1222 1533 abusus
1251 1493 1362 1533 inter
1386 1492 1647 1534 Christianos
1669 1492 1947 1544 irrepserunt.

225 1564 348 1606 Unde
379 1578 427 1607 eo
459 1565 550 1618 ipso
582 1578 606 1607 a
637 1565 789 1619 spiritu
824 1565 1045 1608 Societatis
1078 1579 1158 1607 non
1192 1566 1302 1609 foret
1333 1567 1537 1622 alienum,
1578 1568 1612 1609 si
1644 1567 1684 1608 in
1729 1566 1807 1609 hac
1848 1579 1951 1620 quo--

225 1652 306 1692 que
337 1644 459 1693 parte
490 1641 577 1683 suis
610 1641 876 1683 auditoribus
909 1655 1027 1683 arma
1059 1643 1427 1695 subministraret,
1470 1643 1624 1696 quibus
1658 1655 1823 1684 errores
1856 1655 1951 1684 con-

224 1714 427 1757 futentur.
465 1741 513 1745 ——
549 1716 666 1767 Quae
698 1720 838 1758 tamen
871 1716 923 1758 ad
954 1717 1230 1759 Autlientiam
1263 1722 1305 1760 et
1337 1718 1671 1760 Canonicitatem
1713 1730 1767 1759 ss.
1802 1717 1948 1759 Libro-

226 1803 320 1832 rum
361 1792 594 1847 pertinent,
635 1793 696 1833 ita
735 1792 789 1834 ad
821 1792 1088 1846 Theologiam
1132 1794 1427 1836 scholasticam
1473 1799 1574 1837 sunt
1611 1793 1858 1849 rejicienda,
1902 1797 1950 1835 ut

224 1866 445 1909 Professor
467 1867 726 1922 Scripturae,
758 1868 913 1910 librum
936 1869 1119 1922 aliquem
1142 1870 1515 1923 interpretaturus,
1549 1870 1600 1912 de
1623 1871 1713 1924 ejus
1737 1870 1948 1912 authenti-

227 1942 354 1984 citate
385 1946 427 1984 et
459 1943 748 1986 Canonicitate
779 1945 963 1997 praefari
993 1945 1147 1999 possit,
1190 1945 1303 1998 quod
1336 1946 1463 1988 etiam
1496 1959 1580 1999 reg.
1607 1946 1658 1987 13
1691 1946 1944 1988 insinuatur.

229 2043 278 2047 —
320 2019 435 2060 Utile
478 2031 646 2072 quoque
685 2022 817 2075 esset,
863 2021 897 2062 si
950 2021 992 2062 in
1043 2021 1290 2073 explicanda
1331 2020 1552 2074 Scriptura
1600 2024 1760 2072 textus,
1806 2021 1950 2063 simili-

227 2093 419 2145 tudines,
451 2095 640 2147 exempla
672 2098 748 2137 etc.
783 2095 1135 2149 indigitarentur,
1167 2109 1278 2149 quae
1310 2096 1613 2150 supellectilem
1647 2097 1949 2138 concionatori—

228 2169 306 2210 bus
338 2169 611 2227 praeberent,
645 2174 762 2213 tanto
795 2171 929 2224 magis
962 2172 1269 2227 necessariam,
1302 2176 1461 2225 quanto
1492 2172 1712 2225 pauciores
1745 2174 1845 2213 sunt
1876 2171 1948 2225 qui

227 2245 383 2287 nostris
415 2246 674 2299 temporibus
706 2247 920 2289 biennium
952 2248 1193 2301 impendere
1223 2251 1403 2301 possunt
1435 2248 1487 2289 ad
1520 2246 1761 2301 hujusmodi
1785 2247 1946 2300 copiam

228 2320 566 2373 comparandam.

366 2396 435 2437 Ad
468 2410 564 2450 reg.
593 2399 656 2439 10.
720 2398 922 2440 Rabbinis
955 2398 1202 2440 accensendi
1234 2401 1332 2440 sunt
1365 2398 1488 2439 multi
1521 2401 1733 2451 exegetae,
1766 2398 1945 2441 maxime

226 2474 527 2527 protestantes,
560 2473 632 2525 qui
664 2473 705 2514 in
738 2472 965 2515 Germania
997 2473 1220 2527 pullulant.

362 2547 433 2589 Ad
466 2560 563 2601 reg.
600 2550 663 2589 17.
728 2548 832 2590 Cum
874 2549 913 2590 in
958 2549 1109 2590 studiis
1155 2548 1417 2590 scholasticis
1465 2548 1709 2590 methodum
1759 2549 1946 2591 discendi

227 2624 269 2663 et
308 2623 444 2675 prima
485 2624 686 2665 scientiae
729 2625 937 2666 elementa
979 2625 1145 2678 potius,
1194 2638 1321 2677 quam
1363 2624 1498 2678 ipsam
1541 2624 1760 2666 scientiam
1801 2625 1944 2677 quaeri

227 2700 440 2749 oporteat3
481 2711 555 2751 pro
598 2700 821 2752 exegeticis
854 2701 1196 2754 inquisitionibus
1230 2713 1323 2742 cum
1356 2701 1498 2742 fructu
1531 2700 1713 2753 quodam
1745 2699 1944 2741 faciendis

226 2771 353 2813 latius
385 2773 583 2825 progredi
616 2774 800 2826 deberet,
832 2787 959 2827 quam
992 2779 1041 2816 ut
1073 2789 1108 2816 v.
1134 2788 1171 2828 g.
1205 2778 1343 2817 totum
1375 2776 1596 2827 antiquum
1629 2775 1943 2816 Testamentum

227 2858 335 2888 anno
368 2859 451 2887 uno
484 2848 734 2900 explicetur:
767 2849 959 2892 sufficere
991 2850 1110 2903 proin
1143 2853 1300 2903 posset,
1334 2853 1382 2890 ut
1414 2849 1587 2890 alternis
1613 2849 1731 2890 annis
1756 2848 1849 2890 libri
1872 2849 1945 2889 ali—

227 2921 298 2973 qui
321 2935 370 2963 ex
392 2922 576 2975 Antiquo
600 2926 641 2964 et
663 2924 779 2965 Novo
804 2925 1072 2966 Testamento
1106 2928 1381 2978 exponantur.
1432 2925 1492 2965 Ex
1527 2924 1767 2977 hujusmodi
1801 2928 1943 2965 autem

227 2996 500 3048 explicatione
533 2997 692 3039 discere
723 3003 926 3051 poterunt
957 3000 1186 3055 auditores,
1219 3013 1302 3052 qua
1328 2999 1524 3040 methodo
1553 2999 1692 3051 legere
1716 3011 1768 3039 ss.
1795 2999 1942 3040 Libros

228 3074 270 3111 et
300 3070 340 3111 in
374 3083 518 3112 eorum
551 3084 720 3113 sensum
752 3074 978 3124 genuinum
1011 3074 1225 3126 inquirere
1258 3073 1460 3125 debeant,
1502 3086 1577 3126 per
1619 3073 1732 3126 quod
1770 3085 1941 3126 scopum

227 3144 351 3197 hujus
383 3145 573 3188 lectionis
605 3147 796 3189 videmur
828 3148 1035 3201 attingere
1066 3160 1202 3202 posse.
