2164 3535
419 218 488 252 Die
515 217 776 253 oberdeutsche
803 217 956 251 Provinz
982 216 1070 250 iiber
1096 215 1153 249 die
1180 226 1271 250 neue
1298 216 1343 249 R.
1371 220 1412 250 st.
1443 219 1538 252 1835.
1756 221 1837 261 533

119 361 209 408 tur3
250 358 392 411 itaque
425 357 669 400 viderentur
699 358 879 411 majores
912 357 1007 399 illae
1039 355 1308 409 quaestiones
1342 356 1392 398 de
1426 357 1661 411 Religione,
1696 358 1838 400 Eccle-

119 432 202 487 sia,
236 433 343 482 Deo,
377 432 692 484 Incarnatione,
725 431 876 474 Gratia
907 435 984 473 etc.
1026 443 1107 472 non
1141 430 1245 473 adeo
1287 431 1328 472 in
1361 443 1493 473 annos
1525 431 1713 485 singulos
1746 445 1837 474 coa-

119 506 365 560 cervandae,
398 506 471 549 sed
504 506 755 562 faciendum,
788 509 836 548 ut
866 506 945 548 hae
976 506 1140 559 longius
1173 506 1349 547 tractari
1385 510 1557 561 queant,
1590 519 1636 548 ex
1666 506 1837 548 Tracta-

118 581 230 624 tibus
264 594 361 624 vero
395 582 446 623 de
478 581 655 623 Actibus
688 581 882 623 humanis
916 593 963 622 ac
996 593 1141 622 eorum
1175 581 1346 634 regulis,
1380 582 1479 622 item
1513 582 1563 623 de
1595 581 1836 624 Virtutibus

117 668 190 698 eae
221 658 402 711 tantum,
436 669 545 709 quac
578 656 619 697 in
652 655 799 696 morali
833 668 879 697 ac
906 656 1003 707 jure
1035 667 1115 696 non
1150 657 1401 697 tractantur.
1467 656 1509 698 si
1551 657 1659 698 enim
1693 669 1836 698 omnes

116 730 212 772 illae
242 731 445 772 materiae
477 731 589 772 intra
623 729 946 783 quadriennium
980 742 1029 770 ex
1067 729 1231 781 integro
1275 730 1523 772 tractandae
1565 731 1672 785 sint,
1712 731 1835 785 plura

116 818 198 847 non
236 805 560 855 tractabuntur,
604 817 652 846 ac
696 806 865 846 econtra
906 803 1120 845 auditores
1163 804 1305 856 plures
1345 806 1614 857 quaestiones
1655 806 1835 848 morales

116 880 179 922 bis
211 879 396 922 audient.

252 973 372 1024 Reg.
410 975 474 1014 11.
517 971 646 1013 Prof.
689 971 812 1012 Hist.
848 970 978 1012 Eccl.
1021 972 1068 1011 et
1112 972 1149 1010 5.
1194 970 1321 1011 Prof.
1365 971 1510 1012 Iuris.
1547 972 1656 1013 Can.
1701 972 1836 1014 decla-

114 1046 293 1088 randum
325 1046 507 1101 videtur,
541 1049 684 1087 utrum
718 1045 990 1098 repetitiones
1023 1046 1177 1089 ibidem
1209 1052 1466 1091 memoratae
1497 1049 1537 1089 in
1570 1048 1713 1091 schola
1744 1049 1834 1092 loco

113 1121 317 1173 lectioniS,
350 1121 414 1163 vel
446 1125 565 1163 extra
598 1133 688 1162 eam
722 1120 938 1162 faciendae
971 1121 1066 1162 sint.

251 1215 364 1266 Reg.
399 1216 436 1255 2.
472 1214 603 1257 Prof.
638 1214 753 1255 Mor.
819 1213 999 1255 Materia
1031 1227 1107 1267 pro
1139 1215 1322 1257 secundo
1355 1228 1463 1257 anno
1497 1215 1663 1257 videtur
1694 1216 1833 1258 nimia.

114 1290 266 1342 Itaque
319 1289 544 1342 septimum
592 1290 861 1342 praeceptum
912 1300 959 1329 ac
1006 1289 1228 1331 Tractatus
1275 1290 1326 1331 de
1372 1291 1654 1332 Restitutione
1700 1291 1835 1345 primo

115 1377 222 1406 anno
256 1363 550 1417 adjungendus
583 1364 765 1413 videtur,
801 1363 1099 1405 Contractibus
1133 1365 1231 1406 solis
1264 1365 1304 1405 in
1338 1365 1567 1406 secundum
1601 1366 1778 1419 rejectis.

249 1457 362 1509 Reg.
400 1458 464 1498 15.
505 1457 635 1498 Prof.
676 1456 859 1498 Philos.
926 1456 1102 1498 Videtur
1133 1456 1395 1498 Introductio
1436 1457 1475 1497 in
1510 1456 1833 1510 Philosophiam,

111 1545 186 1574 seu
218 1532 405 1574 Historia
427 1531 722 1584 Philosophiae
753 1532 905 1573 saltem
939 1532 1148 1584 completa
1178 1531 1219 1572 in
1252 1531 1331 1572 fine
1364 1531 1461 1572 anni
1494 1531 1711 1573 tradenda.
1758 1533 1834 1573 Vix

112 1607 221 1648 enim
253 1607 371 1648 initio
409 1607 514 1648 bene
554 1606 835 1659 intelligetur,
876 1606 909 1648 si
954 1606 1173 1659 paululum
1218 1606 1468 1659 completam
1513 1618 1604 1648 esse
1644 1607 1831 1648 velimus.

110 1682 272 1724 Poterit
303 1685 443 1724 tamen
477 1682 573 1722 anni
605 1681 723 1722 initio
758 1681 894 1722 brevis
927 1680 1139 1733 quaedam
1172 1680 1323 1722 notitia
1355 1693 1402 1722 ac
1442 1693 1517 1733 pro
1558 1680 1676 1723 initio
1719 1681 1832 1724 suffi-

112 1756 223 1799 ciens
256 1756 359 1798 dari.

249 1847 343 1889 NB.
406 1848 677 1901 Exprobatur
715 1847 894 1889 subinde
936 1848 1092 1889 nostris
1133 1847 1348 1901 discipulis
1394 1861 1441 1889 ex
1484 1847 1637 1889 scholis
1676 1850 1831 1891 nostris

110 1923 279 1983 prodire
312 1922 499 1976 pulchris
532 1923 704 1965 theoriis
739 1937 772 1964 v.
808 1935 843 1975 g.
880 1922 1077 1976 physicis,
1109 1922 1436 1972 mathematicis,
1463 1922 1572 1975 juris
1605 1926 1682 1965 etc.
1717 1936 1832 1975 egre-

111 1997 176 2050 gie
209 1997 461 2048 instructos;
496 2002 539 2039 at
571 1998 642 2050 qui
675 1998 811 2048 ignari
843 1998 927 2038 sint
958 1997 1251 2050 applicationis
1292 1997 1344 2039 ad
1379 1997 1507 2039 vitam
1540 1998 1831 2051 quotidianam

110 2072 337 2114 faciendae.
383 2072 686 2114 Desiderarent
717 2073 874 2125 itaque,
909 2075 956 2113 ut
977 2072 1256 2126 Professores,
1290 2072 1389 2113 dum
1414 2073 1620 2126 principia
1641 2073 1830 2123 tradunt,

112 2146 237 2189 simul
269 2159 318 2188 ea
351 2147 626 2200 applicarent,
660 2159 868 2198 usumque
890 2146 1161 2188 scientiarum
1185 2147 1471 2197 ostenderent,
1505 2160 1540 2187 v.
1566 2160 1602 2199 g.
1628 2147 1831 2201 Physicae

112 2221 165 2263 ad
208 2221 345 2262 varios
385 2221 495 2262 vitae
535 2234 660 2264 usus:
708 2221 947 2263 Matheseos
991 2221 1043 2262 ad
1087 2222 1176 2274 ejus
1216 2234 1338 2262 usum
1386 2222 1425 2262 in
1475 2222 1743 2277 commercio,
1790 2223 1831 2264 in

111 2296 249 2338 Libris
283 2296 494 2337 rationum
529 2295 746 2345 curandis,
780 2296 820 2336 in
852 2295 1146 2337 mensurandis
1180 2296 1339 2348 planis,
1372 2296 1412 2336 in
1446 2296 1704 2338 aedificando
1737 2300 1830 2343 etc,

110 2372 210 2413 item
243 2374 565 2424 praeceptorum
600 2370 650 2411 de
684 2369 802 2423 Stylo
834 2369 887 2411 ad
920 2370 1081 2422 praxim
1114 2370 1323 2411 scribendi
1358 2369 1511 2411 diversi
1551 2371 1713 2422 generis
1746 2372 1830 2424 epi—

112 2446 267 2499 stolas,
315 2450 357 2487 et
399 2449 566 2488 caetera
609 2445 783 2496 similia,
834 2457 942 2497 quae
984 2444 1222 2485 enumerari
1265 2444 1411 2486 solent.
1486 2446 1598 2487 Haec
1646 2446 1828 2499 quidem,

112 2524 263 2575 utpote
297 2534 405 2574 quae
438 2534 462 2562 a
492 2521 750 2562 Professoris
782 2519 991 2561 industria
1023 2518 1221 2571 pendent,
1255 2518 1433 2561 subinde
1466 2521 1613 2562 saltem
1647 2521 1829 2573 plurima

109 2597 197 2649 jam
230 2595 349 2637 fiunt.
414 2596 491 2637 Ast
524 2608 573 2636 an
609 2608 688 2636 non
722 2598 961 2648 praestaret
999 2595 1038 2636 in
1083 2595 1188 2636 libro
1221 2595 1409 2637 Rationis
1443 2594 1690 2637 Studiorum
1728 2595 1827 2637 locis

113 2671 358 2725 respectivis
392 2671 578 2712 breviter
599 2670 749 2711 saltem
781 2669 968 2719 innuere,
1000 2670 1103 2711 talia
1124 2670 1310 2723 practica
1332 2683 1355 2711 a
1378 2671 1620 2712 Professore
1642 2674 1828 2724 praeter-

113 2745 321 2788 mittenda
352 2758 432 2786 non
466 2758 569 2787 esse.
