2164 3535
365 236 652 272 Ausserordentl.
671 235 869 279 Uebungen
888 245 918 269 a.
938 234 970 269 d.
990 234 1114 279 Gymn.
1133 234 1165 268 d.
1186 233 1306 269 oberd.
1325 232 1488 268 Provinz.
1522 235 1618 269 1735.
1770 235 1848 278 143

136 376 404 430 designandis
437 376 574 418 omnia
596 374 773 427 legenda
801 378 914 429 sunt,
948 374 1192 427 optimaque
1214 373 1440 426 seligenda.
1489 374 1609 426 (Reg.
1635 374 1672 415 3.
1716 373 1852 415 Praef.

133 453 245 494 stud.
287 453 376 504 inf.)
439 451 520 493 Sed
563 463 701 503 neque
742 449 925 492 scribere
965 450 1193 502 quicquam
1232 448 1297 490 vel
1339 448 1518 503 dictare,
1559 448 1672 501 quod
1713 448 1854 501 palam

132 526 387 579 affigendum
419 527 493 579 sit,
527 526 781 579 Praeceptor
813 525 1090 577 aggrediatur
1121 524 1260 578 prius,
1299 536 1426 576 quam
1459 523 1697 576 scriptionis
1731 535 1855 575 argu-

130 606 320 643 mentum
351 600 596 642 Praefectus
628 600 897 652 probaverit3
938 599 1005 640 cui
1044 603 1086 641 et
1124 598 1339 640 incumbet
1369 610 1641 651 praecavere,
1670 610 1721 638 ne
1754 597 1855 650 quid

134 689 226 718 eam
258 676 310 717 ob
344 687 515 716 causam
548 673 801 715 detrahatur
833 673 884 714 de
916 674 1039 714 statis
1072 673 1239 714 scholae
1278 672 1648 715 exercitationibus
1679 672 1744 713 vel
1781 672 1856 713 im—

131 753 331 791 mutetur.
381 749 564 802 (Adjum.
599 748 710 789 stud.
745 748 845 789 hum
891 760 930 788 n.
955 748 1040 798 30.)
1087 748 1313 789 Praeterea
1343 747 1499 803 licebit,
1532 760 1627 789 cum
1657 747 1856 801 privatim

131 824 412 879 declamatur,
450 836 527 876 pro
557 823 778 875 regionum
810 834 926 863 more
959 821 1129 875 affigere
1161 823 1339 864 subinde
1380 822 1538 875 aliquid
1575 834 1727 876 prosae
1766 821 1857 863 bre-

132 899 278 948 vioris;
321 899 467 952 quales
501 902 601 939 sunt
631 897 946 951 inscriptiones,
979 899 1027 938 ut
1057 897 1321 952 clypeorum,
1360 897 1635 950 templorum,
1667 896 1857 950 sepulch-

131 987 295 1029 rorum,
328 973 569 1027 hortorum,
601 976 863 1023 statuarium
897 971 1044 1025 quales
1077 971 1404 1026 descriptiones,
1443 975 1492 1012 ut
1522 971 1660 1026 urbis,
1692 975 1855 1024 portus,

132 1049 367 1098 exercitus3
401 1049 547 1101 quales
579 1051 860 1102 narrationes,
894 1050 942 1088 ut
964 1046 1023 1088 rei
1047 1050 1191 1099 gestae
1215 1046 1266 1087 ab
1290 1046 1431 1099 aliquo
1455 1046 1681 1095 Divorum3
1715 1046 1858 1098 qualia

133 1123 312 1176 denique
334 1123 570 1177 paradoxa;
603 1122 758 1164 additis
782 1122 1009 1174 interdum,
1038 1133 1120 1162 non
1144 1125 1286 1162 tamen
1309 1121 1398 1162 sine
1420 1120 1610 1162 Rectoris
1634 1121 1856 1175 permissu,

133 1199 324 1251 picturis,
347 1210 457 1251 quae
474 1198 715 1239 emblemati
733 1198 797 1238 vel
815 1200 1064 1249 argumento
1084 1195 1300 1249 proposito
1319 1195 1615 1248 respondeant.
1650 1196 1768 1248 (Reg.
1792 1196 1856 1237 18.

133 1272 253 1314 Rhet.
288 1278 329 1314 et
364 1274 427 1315 10.
484 1273 630 1324 Huni.)
695 1272 895 1322 Quamvis
929 1273 1070 1312 autem
1114 1271 1334 1312 universas
1375 1270 1543 1311 demum
1585 1282 1670 1323 qua
1706 1282 1858 1322 prosae

136 1360 221 1401 qua
253 1348 448 1389 carminis
470 1348 628 1389 formas
652 1347 792 1389 doceri
823 1347 1112 1388 adolescentes
1135 1350 1264 1398 atque
1294 1345 1529 1397 intelligere
1553 1344 1713 1400 deceat,
1746 1357 1860 1386 exer-

135 1435 228 1464 cere
260 1427 402 1464 tamen
435 1435 578 1464 omnes
610 1423 850 1475 promiscue
884 1434 1013 1474 reque
1044 1421 1137 1473 ipsa
1169 1420 1409 1474 elaborare,
1441 1419 1555 1460 haud
1587 1419 1761 1472 perinde
1793 1432 1860 1461 ex-

136 1497 264 1550 pedit.
328 1497 391 1538 Ab
424 1498 474 1539 iis
506 1501 638 1547 certe,
679 1497 833 1549 quibus
867 1496 1155 1548 defatigantur
1186 1495 1326 1548 potins
1359 1495 1544 1549 ingenia,
1582 1507 1711 1547 quam
1743 1507 1860 1536 exco-

139 1572 287 1613 luntur
326 1572 580 1626 (cujusmodi
611 1576 711 1613 sunt
742 1583 897 1624 genera
928 1570 1137 1624 quaedam
1169 1570 1521 1623 anagrammatis,
1554 1569 1859 1624 acrostichidis,

136 1647 299 1701 griphi,
343 1647 577 1700 logogriphi
611 1648 706 1697 cet.)
747 1649 1044 1699 praeceptores
1070 1646 1193 1698 juxta
1225 1657 1272 1686 ac
1305 1644 1498 1697 discipuli
1527 1647 1575 1685 ut
1605 1644 1860 1699 abstineant,

135 1734 211 1775 per
242 1721 386 1763 Ordin.
419 1722 542 1763 Prov.
576 1723 646 1775 §8
679 1735 717 1762 n.
743 1722 795 1762 32
830 1721 1124 1762 admonentur.
1173 1719 1217 1761 Si
1249 1732 1354 1772 quos
1388 1719 1569 1772 denique
1601 1719 1642 1760 in
1671 1719 1860 1772 picturas

139 1798 273 1839 aliave
304 1797 347 1838 id
380 1810 512 1849 genus
545 1801 807 1849 ornamenta,
840 1809 914 1849 pro
956 1796 1162 1848 dignitate
1202 1795 1341 1848 operis
1381 1794 1570 1836 adhiberi
1609 1794 1754 1849 solita,
1792 1807 1861 1836 ne-

137 1884 252 1914 cesse
284 1872 363 1913 erit
395 1872 483 1914 fieri
516 1876 734 1925 sumptus,
778 1884 907 1924 quam
938 1869 1207 1923 parcissimos
1250 1882 1342 1911 esse
1382 1868 1626 1923 opportebit
1668 1872 1795 1921 atque
1837 1880 1862 1909 a

137 1947 315 1988 Rectore
337 1950 517 1988 taxatos.
567 1945 730 2000 (Ordin.
755 1946 877 1987 Prov.
911 1946 935 2000 ξ
959 1946 982 1986 8
1015 1958 1053 1986 n.
1079 1945 1133 1985 30
1166 1948 1205 1986 et
1228 1943 1395 1997 Adjum.
1427 1943 1539 1985 stud.
1563 1943 1676 1985 hum.
1709 1957 1748 1984 11.
1774 1944 1860 1995 31.)

275 2027 533 2080 Tragoediae
575 2031 617 2068 et
652 2026 894 2069 comoediae
935 2026 976 2066 in
1019 2025 1245 2079 gymnasiis
1288 2024 1443 2066 nostris
1486 2025 1726 2067 rarissimae
1767 2036 1862 2078 pro-

139 2102 359 2143 ducentur.
409 2102 526 2154 (Reg.
555 2103 605 2143 13
638 2102 774 2153 Rect.)
826 2101 974 2153 Neque
1006 2100 1195 2141 scenicae
1227 2099 1402 2141 actionis
1435 2099 1576 2155 ullius,
1609 2100 1674 2141 vel
1706 2099 1861 2151 dialogi

141 2176 414 2229 componendi
445 2176 661 2229 negotium
694 2176 918 2229 quisquam
950 2175 1173 2227 suscipiet,
1206 2174 1285 2215 nisi
1317 2174 1519 2227 Superior
1550 2174 1740 2217 conscius
1774 2186 1862 2216 rem

140 2256 274 2292 totam
306 2251 625 2304 approbavei·it;
658 2251 729 2304 qui
763 2250 813 2291 de
845 2249 1085 2303 sumptibus
1118 2262 1287 2302 quoque.
1320 2261 1368 2291 ac
1400 2249 1451 2291 de
1483 2252 1715 2303 apparatu,
1748 2248 1861 2301 quod

140 2326 370 2380 videbitur,
415 2326 654 2367 constituet.
718 2325 902 2378 (Adjum.
937 2324 1048 2366 stud.
1082 2324 1195 2365 hum.
1230 2337 1269 2365 n.
1296 2325 1382 2376 34.)
1446 2324 1598 2365 Latina
1638 2336 1737 2364 vero
1770 2335 1862 2364 esse

140 2401 279 2442 omnia
311 2400 523 2442 debebunt
554 2400 613 2441 sic
645 2412 833 2453 prorsus.
866 2404 916 2440 ut·
944 2412 1080 2451 neque
1112 2399 1409 2451 interponatur
1432 2399 1657 2451 quicquam
1680 2398 1860 2453 actibus,

141 2475 255 2528 quod
276 2475 474 2516 Latinum
506 2487 587 2515 non
620 2474 685 2515 sit.
735 2475 851 2526 (Reg.
886 2474 973 2525 cit«)
1025 2473 1137 2514 Nihil
1169 2474 1270 2514 item
1301 2473 1343 2514 in
1376 2486 1420 2515 re
1443 2476 1534 2514 tota
1555 2486 1637 2514 11011
1662 2473 1861 2514 decorum

142 2553 367 2606 appareatg
400 2548 501 2590 nihil
532 2557 622 2590 tum
655 2561 842 2601 quoque,
873 2561 967 2590 cum
1001 2548 1164 2589 dandus
1197 2551 1262 2589 est
1292 2547 1496 2589 hilaritati
1527 2548 1664 2599 locus,
1698 2548 1864 2589 dicatur

141 2624 330 2679 scurrile,
363 2624 465 2665 nihil
497 2636 517 2664 e
550 2623 671 2664 trivio
705 2626 933 2675 sumptum.
982 2622 1075 2663 Non
1098 2635 1243 2664 eorum
1265 2624 1466 2663 notentur
1488 2623 1600 2663 facta
1622 2622 1687 2663 vel
1709 2634 1862 2673 moreS,

142 2699 295 2752 quibus
337 2699 537 2740 honorem
575 2697 721 2739 haberi
765 2698 908 2752 decet,
948 2709 1083 2749 neque
1122 2701 1214 2739 atro
1247 2698 1430 2739 carmine
1464 2697 1760 2739 describantur
1791 2697 1863 2749 qui

143 2773 322 2815 audiunt
353 2775 617 2826 spectantve3
650 2786 786 2826 neque
818 2773 858 2813 in
891 2776 1151 2814 senectutem
1180 2772 1407 2824 quicquam
1430 2772 1565 2814 autin
1588 2775 1702 2813 artes
1726 2774 1863 2813 certas

144 2852 187 2889 et
224 2848 418 2889 instituta
460 2847 624 2889 vivendi
651 2848 839 2900 jactetur
870 2846 1062 2901 liberius,
1105 2850 1153 2887 ut
1184 2859 1233 2888 ex
1265 2846 1417 2899 quibus
1450 2859 1705 2901 permagnae
1738 2858 1864 2899 saepe

145 2922 391 2964 offensiones
424 2922 621 2964 existunt.
671 2923 789 2975 (Reg.
828 2922 894 2963 cit.
929 2924 970 2963 et
992 2922 1158 2963 Iuvenc.
1193 2921 1244 2963 de
1266 2922 1360 2963 Rat.
1393 2921 1491 2962 dise.
1526 2933 1557 2963 c.
1584 2922 1607 2962 2
1640 2934 1674 2962 a.
1704 2922 1722 2961 1
1758 2921 1862 2974 §8.)

145 2996 228 3038 Sed
259 3009 394 3049 neque
426 3009 606 3049 persona
638 2997 724 3038 ulla
756 2996 971 3037 muliebris
1003 2996 1068 3036 vel
1090 2995 1259 3037 habitus
1282 2996 1590 3038 introducatur.
1632 2995 1739 3049 (Reg
1776 2994 1863 3046 cit.)

146 3072 380 3113 Daemones
414 3071 562 3125 etiam,
594 3071 714 3124 pueri
746 3071 930 3119 leviculi,
962 3074 1199 3122 potatores,
1234 3070 1463 3121 aleatores,
1506 3073 1580 3110 aut
1612 3070 1681 3122 qui
1714 3069 1862 3121 impias

140 3146 306 3198 jactant
345 3158 489 3200 voces,
531 3149 579 3186 ut
618 3145 657 3186 in
693 3146 803 3186 omni
834 3146 963 3186 ferme
997 3149 1267 3198 compareant
1299 3145 1481 3199 actione,
1523 3144 1706 3196 itemque
1738 3143 1864 3185 salta-
