2164 3535
683 225 906 269 Allgemeine
933 224 1071 268 Regeln
1097 224 1161 258 der
1186 223 1392 259 Prafekten.
1816 229 1898 270 379

182 364 402 406 advertere
430 365 607 418 possint,
639 378 763 407 suum
786 366 1051 408 Praefectum
1083 365 1191 407 serio
1224 365 1330 407 velle
1362 365 1674 407 observantiam
1707 365 1749 407 in
1772 366 1901 407 omni-

181 440 259 482 bus
292 443 334 482 et
364 439 527 482 fidelem
560 444 825 482 executorem
857 454 1001 483 eorum
1034 453 1125 483 esse
1136 474 1147 496 ,
1180 454 1288 494 quae
1320 454 1344 483 a
1375 440 1672 494 Superioribus
1704 444 1804 482 sunt
1836 454 1900 482 or-

181 515 337 556 dinata.
404 515 487 557 Nec
519 515 648 557 alium
681 520 877 558 conatum
909 516 1028 570 pueri
1061 516 1286 558 advertant
1316 517 1357 558 in
1391 515 1639 572 Praefectis,
1678 515 1758 558 nisi
1789 516 1901 558 hunc

181 590 331 643 solum,
363 592 411 630 ut
442 601 507 631 res
541 590 805 632 contubernii
837 591 917 633 sibi
950 592 1198 633 commissae
1230 592 1348 646 bene,
1382 593 1587 645 quantum
1620 590 1712 634 fieri
1745 593 1900 646 potest,

181 664 424 718 procedant,
457 667 500 706 et
530 668 578 705 ut
603 665 780 717 juvenes
813 666 854 706 in
886 666 1044 707 virtute
1077 679 1124 708 ac
1156 667 1289 709 literis
1323 666 1557 720 proficiant.

320 741 383 781 14.
436 739 682 781 Praefectus
734 740 913 782 cubiculi
962 741 1001 781 in
1050 741 1226 793 singulis
1283 742 1568 784 contuberniis
1616 742 1763 783 unicus
1811 754 1902 783 esse

183 814 351 856 videtur
383 813 546 856 debere.
609 813 722 855 Nihil
754 818 893 856 tamen
927 814 1119 870 impedit,
1164 816 1388 868 quominus
1422 829 1521 858 casu
1554 816 1816 859 necessitatis
1849 816 1903 858 ad

182 890 307 932 breve
338 893 505 942 tempus
548 889 947 942 supernumerarius
980 890 1225 933 Praefectus
1268 892 1475 944 suppleat.
1540 892 1716 942 Quando
1750 892 1901 945 repeti-

179 965 314 1007 tiones
346 978 370 1006 a
401 964 558 1006 nostris
589 963 705 1013 fiant,
737 963 943 1006 Praefecti
976 977 1024 1006 eo
1056 968 1246 1018 tempore
1276 965 1396 1007 liberi
1429 978 1521 1008 esse
1554 971 1743 1019 possunt.

320 1042 381 1081 15.
433 1040 555 1082 Amet
583 1039 827 1081 Praefectus
859 1053 1037 1082 munus
1070 1053 1094 1081 a
1125 1041 1304 1082 Domino
1337 1041 1414 1082 sibi
1448 1041 1665 1085 traditum.

428 1114 554 1156 Amet
584 1126 781 1156 crucem
815 1127 839 1155 a
874 1114 1050 1156 Domino
1083 1115 1161 1157 sibi
1193 1115 1447 1168 impositam.

431 1190 556 1232 Amet
597 1189 830 1232 alumnos
863 1203 887 1231 a
918 1190 1098 1232 Domino
1131 1191 1209 1232 sibi
1254 1191 1537 1245 concreditos,
1581 1197 1778 1246 ametque
1809 1193 1901 1235 illos

180 1278 323 1308 amore
354 1265 469 1307 Jesu.

320 1340 480 1382 Offerat
510 1354 555 1383 se
576 1341 666 1383 Deo
698 1341 739 1382 in
769 1341 1078 1396 holocaustum,
1111 1343 1166 1383 s1t
1197 1342 1396 1384 continuo
1429 1343 1620 1398 vigilans,
1653 1344 1902 1398 praescripti

181 1417 338 1459 ordinis
370 1419 614 1459 constanter
645 1416 894 1471 observa11S‚
928 1418 1157 1471 conjungat
1187 1418 1479 1460 fortitudinem
1512 1432 1606 1461 cum
1640 1419 1901 1473 benignitate

180 1496 223 1534 et
253 1492 474 1548 modestia,
506 1505 580 1535 seu
612 1496 661 1534 ut
692 1491 860 1534 brevius
893 1505 959 1534 res
993 1492 1272 1546 exprimatur:

318 1570 359 1621 a)
406 1568 606 1610 Invicta
662 1567 919 1610 fortitudo
977 1568 1118 1620 quoad
1170 1569 1530 1622 praescriptorum
1589 1569 1902 1612 observantiam

180 1644 403 1697 conjuncta
433 1655 529 1686 cum
560 1643 820 1696 benignitate
851 1647 894 1685 et
925 1644 1134 1686 comitate.

318 1719 362 1772 b)
409 1717 860 1772 Impertnrbabilis
909 1723 957 1760 et
998 1723 1238 1762 constans
1279 1719 1573 1772 benignitas
1617 1732 1718 1773 erga
1758 1734 1901 1764 omnes

182 1796 224 1836 et
254 1794 442 1846 singulos
476 1794 679 1836 alumnos.

319 1869 412 1911 Hae
443 1873 543 1911 sunt
574 1870 825 1923 praecipuae
858 1870 1001 1923 dotes,
1036 1870 1190 1924 quibus
1222 1870 1395 1913 studere
1428 1870 1583 1914 debent
1614 1871 1666 1913 ad
1699 1872 1902 1926 majorem

183 1944 260 1986 Dei
292 1944 469 1997 gloriam
502 1945 710 1986 Praefecti
743 1944 1044 1987 cubiculorum.

188 2339 545 2414 Allgemeine
600 2339 820 2415 Regeln
873 2342 973 2396 der
1025 2342 1743 2398 Pensionats-Pr'afekten
1799 2363 1901 2398 aus

826 2453 1078 2518 spaterer
1120 2445 1261 2501 Zeit.

241 2554 376 2608 (Noch
402 2557 513 2610 J'etzt
543 2556 720 2599 vielfach
751 2557 806 2599 im
838 2557 1063 2600 Gebrauch
1093 2558 1135 2599 in
1168 2558 1247 2600 den
1280 2572 1360 2601 von
1393 2559 1623 2602 deutschen
1653 2559 1847 2603 Jesniten

762 2632 986 2685 geleiteten
1018 2632 1333 2687 Pensionaten.)

512 2827 762 2882 Regulae
800 2830 1099 2882 generales
1138 2830 1575 2885 praefectorum.

323 2932 356 2971 1.
404 2930 673 2972 Meminerint
712 2932 933 2987 praefecti,
976 2945 1020 2975 se
1063 2946 1111 2975 ex
1144 2947 1316 2976 munere
1348 2935 1426 2978 sibi
1460 2935 1619 2977 credito
1653 2936 1900 2988 angelorum

183 3004 451 3048 coadjutores
484 3019 576 3049 esse
607 3011 647 3049 et
680 3020 825 3049 eorum
858 3008 1011 3049 visibili
1044 3008 1167 3051 modo
1201 3010 1309 3052 vices
1342 3022 1498 3063 gerere.

323 3080 462 3130 Quare
493 3081 602 3124 sicut
632 3082 709 3124 hos
742 3083 896 3124 imitari
929 3084 1128 3126 continua
1159 3084 1377 3138 vigilantia
1409 3086 1575 3137 debent,
1607 3085 1667 3126 ita
1690 3086 1901 3127 eteorum

184 3166 328 3196 curam
370 3157 412 3196 et
450 3154 623 3198 affectus
663 3169 763 3209 erga
805 3170 904 3199 suos
937 3158 1109 3201 clientes
1139 3160 1314 3203 induere
1346 3164 1568 3204 conentur:
1611 3159 1897 3203 adolescentes
