2164 3535
374 243 538 278 Oeffentl.
565 242 764 286 Uebungen
792 252 822 276 a.
849 241 881 275 d.
909 240 1035 285 Gymn.
1061 240 1093 274 d.
1119 239 1287 274 Jesuiten
1312 238 1349 272 in
1377 238 1487 273 Coeln
1516 239 1613 274 1753.
1772 241 1849 281 149

133 383 438 435 Genealogicae
480 395 573 424 eam
614 381 901 424 concernentis
946 379 1257 434 explanatione,
1304 379 1365 420 uti
1406 382 1448 421 et
1493 378 1534 420 in
1580 377 1850 419 defendendis

131 458 432 501 Arithmeticae
465 461 507 500 et
524 457 881 510 Trigonometriae
912 454 1283 510 propositionibus,
1316 454 1527 508 notitiam,
1560 453 1778 495 scientiam
1810 453 1852 494 et

136 533 432 576 dexteritatem
465 532 742 575 ostenderunt
773 531 1078 585 Subjectasque
1109 529 1304 573 scientias
1887 526 1890 528 ’

435 691 816 744 Explicarunt,
860 689 1327 731 demonstrarunt:
1380 689 1545 731 Mane.

268 784 520 826 Franciscus
552 782 764 835 Joseplius
787 781 814 823 J
817 794 974 823 oannes
998 780 1187 823 Andreas
1221 781 1262 823 S.
1285 783 1332 823 R.
1357 782 1395 823 J.
1429 781 1628 834 Princeps
1661 780 1712 822 de
1735 780 1850 822 Salm

130 859 258 915 Salm,
292 859 387 901 Dux
417 859 762 910 Hoogstratanns
796 856 955 898 Eccles.
987 856 1209 909 Metropol.
1244 856 1386 898 Colon.
1422 856 1670 907 Canonicus,
1702 855 1850 897 Heral—

129 934 264 977 dicam
297 947 390 976 cum
423 933 612 975 Historia
645 931 936 984 Genealogica.

266 1009 509 1051 Bernardus
550 1007 762 1060 Josephus
806 1007 855 1048 de
894 1007 1115 1062 Hallberg,
1155 1005 1460 1053 Aldenhovius,
1502 1005 1703 1058 Logicus,
1743 1005 1850 1048 Geo-

129 1084 274 1137 graph.
338 1084 528 1126 Clemens
560 1083 779 1135 Augustus
812 1082 858 1126 L.
889 1083 936 1123 B.
971 1081 1021 1123 de
1054 1080 1508 1135 Lombeck-Gudenau,
1540 1079 1712 1131 Rhetor,
1745 1080 1850 1122 Geo-

128 1159 333 1201 metriam.
403 1158 653 1200 Franciscus
693 1157 900 1209 Georgius
942 1156 1168 1207 RemmeIt,
1212 1155 1430 1210 Conflnus,
1471 1155 1621 1207 Poeta,
1666 1154 1850 1208 Geogra-

128 1234 281 1288 phiam.
351 1233 558 1287 Georgius
598 1233 774 1275 Carolus
812 1233 859 1274 L.
893 1232 938 1273 B.
980 1232 1031 1274 de
1071 1231 1263 1283 Martial,
1303 1244 1353 1273 ex
1393 1230 1708 1285 Birlinckoven,
1746 1230 1849 1284 Syn-

127 1309 295 1361 taxista,
328 1307 595 1350 Heraldicam
629 1321 721 1349 cum
754 1307 943 1350 Historia
975 1306 1266 1360 Genealogica.

265 1383 450 1425 Joannes
483 1383 764 1436 Engelbertus
797 1382 994 1425 Develich
1036 1395 1086 1424 ex
1118 1382 1264 1435 Villip,
1303 1382 1525 1436 Physicus,
1565 1381 1849 1424 Geometriam

128 1472 221 1502 cum
253 1458 600 1511 Trigonometria.

862 1583 1112 1637 Vespere.

266 1677 512 1721 Bernardus
545 1676 756 1730 Josephus
795 1676 846 1719 de
885 1676 1107 1730 Hallberg,
1140 1675 1446 1727 Aldenhovius,
1478 1675 1680 1731 Logicus,
1712 1676 1851 1718 Arith-

130 1754 324 1796 meticam
364 1755 406 1794 et
437 1751 760 1806 Geographiam.
823 1751 1014 1794 Clemens
1049 1752 1266 1804 Augustus
1305 1751 1352 1792 L.
1386 1751 1434 1792 B.
1477 1763 1558 1792 von
1600 1750 1674 1793 der
1706 1751 1849 1805 Vorst,

129 1827 612 1881 Lombeck-Gudenau,
652 1826 831 1881 Rhetor,
873 1826 1170 1868 Geometriam.
1239 1827 1388 1868 Franc.
1431 1825 1583 1879 Georg.
1626 1826 1847 1875 Remmelt,

127 1905 280 1955 Poeta,
331 1902 600 1945 Heraldicam
652 1915 746 1944 cum
796 1902 986 1944 Historia
1037 1901 1329 1954 Genealogica.
1412 1901 1597 1943 Joannes
1650 1901 1849 1952 Quirinus

126 1979 324 2038 Beckers,
355 1977 577 2033 Aquensis,
610 1977 827 2031 Physicus,
861 1976 1147 2018 Geometriam
1178 1975 1554 2029 trigonometriam.

809 2137 881 2179 Ex
919 2136 1164 2192 Physica.

129 2234 315 2276 Joannes
382 2231 664 2284 Engelbertus
729 2229 945 2285 Develich,
1032 2230 1239 2272 Antonius
1308 2229 1520 2284 Josephus
1557 2240 1571 2333 l
1610 2272 1849 2314 universam

243 2308 446 2361 Fraipont
1727 2346 1734 2353 .

128 2384 315 2426 Joannes
348 2382 547 2433 Quirinus
579 2381 778 2433 Beckers,
810 2381 910 2423 Otto
943 2393 1023 2422 van
1056 2380 1135 2422 den
1167 2379 1400 2422 Kerckhoff
1555 2335 1575 2435 ί
1609 2346 1843 2401 Phyfflcam·

825 2543 896 2584 Ex
937 2543 1150 2595 Logica.

267 2636 452 2679 Joannes
486 2635 733 2678 Wilhelmus
772 2635 940 2677 Maxim.
972 2634 1307 2689 Aschenbroich,
1349 2634 1552 2676 Bernard.
1587 2634 1758 2688 Joseph.
1799 2635 1849 2677 de

130 2712 357 2766 Hallberg,
398 2711 483 2754 Leo
526 2711 728 2753 Laminne
769 2711 924 2752 Theses
964 2710 1186 2752 universae
1216 2710 1396 2762 Logicae
1428 2710 1572 2752 Mense
1603 2710 1847 2752 Februario.

131 2787 307 2840 Logicas
339 2799 459 2839 vero,
491 2786 800 2840 Metaphysicas
833 2789 875 2827 et
907 2785 1155 2837 Theologiae
1186 2785 1392 2827 naturalis
1425 2785 1578 2827 Theses
1613 2784 1850 2838 Septembri

131 2875 274 2904 mense
306 2861 586 2904 defenderunt
616 2861 742 2903 iidem
775 2864 816 2902 et
848 2859 1062 2901 Godefrid.
1097 2859 1250 2902 Theod.
1284 2860 1430 2903 Jacob.
1464 2860 1788 2903 Aschenbroich.

268 2938 591 2979 Austriacorum
625 2936 854 2979 Caesarum
887 2936 1038 2978 seriem
1071 2948 1095 2977 a
1124 2935 1305 2977 Matthia
1334 2936 1470 2990 primo
1502 2936 1763 2989 Imperatore
1795 2935 1847 2976 ad

135 3012 274 3054 Caroli
296 3012 366 3053 VI.
400 3015 591 3065 tempora
623 3011 903 3064 disquisitioni
934 3010 1126 3063 publicae
1158 3010 1430 3065 subjecerunt

272 3087 464 3129 Clemens
502 3087 722 3140 Augustus
759 3086 897 3127 Maria
934 3085 1082 3127 Franc.
1122 3086 1226 3128 Xav.
1260 3087 1305 3128 L.
1340 3087 1386 3127 B.
1431 3085 1482 3127 de
1514 3085 1849 3127 Lombeck-Gu-

137 3161 289 3217 denau,
322 3162 507 3204 Joannes
541 3162 748 3204 Wienand
780 3161 912 3216 Raaff,
945 3161 1142 3204 Nicolaus
1176 3161 1399 3215 Schaeffer,
1432 3175 1479 3203 ex
1513 3160 1752 3203 Holtzheim
