2164 3535
42 180 125 221 422
518 177 621 213 Neue
649 177 1013 221 Studienvorschlage
1040 177 1104 212 der
1129 176 1329 212 deutschen
1354 176 1508 212 Provinz
1537 180 1633 214 1830.

371 398 586 448 Schema
622 399 949 447 materiarum
988 406 1037 447 et
1075 399 1320 464 temporis
1358 399 1410 447 in
1453 398 1795 464 Philosophia.

680 526 721 568 M
735 540 756 568 a
771 539 794 568 n
806 540 830 568 e
1695 528 1727 569 V
1738 540 1761 569 e
1774 540 1794 569 s
1807 540 1832 581 p
1845 540 1867 568 e
1881 538 1900 568 1·
1910 539 1933 568 θ

419 604 469 644 1²?
499 601 605 644 hora
843 603 896 645 29
927 602 1033 645 hora
1233 604 1285 646 3²?
1316 603 1421 645 hora
1562 605 1610 645 19
1642 602 1746 644 hora
1885 603 1937 644 2³?
1970 601 2075 643 hora

76 688 125 728 19
160 697 268 726 anno
318 684 341 885 ἶ
365 689 646 739 Philosophia
660 709 717 713 -
733 689 915 728 Mathcs.
941 690 1122 729 clement.
1515 686 1829 783 Philosophial

59 761 208 803 Feria
238 760 292 802 II.
1146 686 1169 887 ξ
1193 760 1465 802 Hist.Natur.

74 837 98 878 2
109 843 126 878 9
159 848 268 878 anno
365 841 560 891 Physica
661 861 718 866 -
734 842 876 880 Ethic.
897 854 934 880 v.
943 844 1022 892 jus
1037 844 1125 880 nat.
1516 841 1710 891 Physica

77 943 127 983 19
162 953 271 982 anno
367 945 648 995 Philosophia
1274 981 1281 988 .

45 1015 195 1059 Feria
222 1016 298 1058 III.
320 943 346 1146 ἶ
537 1016 603 1058 vel
633 1015 762 1058 Acad.
796 1017 963 1070 repetit.
1152 945 1174 1143 ἑ
1235 981 1425 1063 nguae
1591 1016 1726 1057 Vacat

76 1093 128 1135 29
163 1104 272 1134 anno
369 1097 563 1148 Physica
1262 1059 1411 1100 ‘ment’

81 1200 130 1239 19
164 1209 272 1239 anno
370 1201 651 1251 Philosophia
666 1221 723 1226 —
739 1202 919 1241 Mathes.
945 1202 1125 1241 clement.
1520 1206 1800 1255 Philosophia

50 1273 199 1315 Feria
227 1272 301 1315 IV.
323 1202 344 1401 ζ
1151 1200 1174 1399 ἲ
1198 1271 1308 1313 Hist.
1346 1271 1470 1313 Univ.
1817 1198 2122 1397 }Astronomia

80 1349 132 1391 29
165 1360 274 1390 anno
371 1352 564 1403 Physica
666 1373 721 1378 —-
739 1354 816 1392 Ias
846 1353 1046 1392 naturale
1525 1356 1698 1396 Chcmia

65 1441 213 1484 Feria
242 1441 293 1483 V.
374 1441 565 1495 Linguae
596 1441 822 1483 orientales
1266 1440 1401 1482 Vacat
1595 1445 1731 1486 Vacat

84 1537 103 1576 1
117 1541 134 1576 9
169 1546 276 1576 anno
374 1539 656 1589 Philosophia
670 1559 727 1564 —-
743 1539 923 1578 Mathcs.
951 1540 1130 1578 clement.
1523 1541 1802 1591 Philosophia

53 1611 201 1653 Feria
234 1611 303 1653 VI.
1200 1608 1471 1650 Hist.Natur.

82 1688 133 1729 29
169 1699 278 1728 anno
327 1536 351 1735 i
375 1691 570 1741 Physica
669 1711 726 1715 -
742 1692 820 1730 Ius
849 1690 1048 1729 naturale
1157 1539 1176 1731 i
1522 1693 1717 1743 Physica
1815 1531 1839 1733 i

88 1793 137 1833 19
172 1803 280 1832 anno
329 1789 350 1984 {
376 1795 657 1845 Philosophia
672 1816 729 1820 —-
746 1791 924 1834 Mathcs.
953 1795 1133 1833 clement.
1524 1797 1802 1846 Philosophia

72 1866 99 1909 S
112 1879 136 1908 a
148 1866 174 1908 b
185 1866 211 1908 b
222 1879 245 1908 a
256 1870 275 1908 t
287 1879 308 1907 0
1200 1865 1311 1907 Hist.
1349 1863 1472 1906 Univ.
1816 1791 2124 1991 }Astronomia

86 1943 138 1985 29
172 1954 281 1983 anno
349 1985 352 1987 i
378 1947 568 1997 Physica
671 1966 726 1970 —-
744 1947 821 1984 Ias
851 1946 1051 1984 naturale
1529 1943 1701 1984 Chcmia

346 2046 506 2096 Quibus
528 2045 779 2087 lectionibus
801 2045 842 2086 in
867 2045 1080 2087 schemate
1103 2045 1354 2087 subducitur
1374 2044 1540 2098 linea¹),
1574 2047 1714 2086 essent
1735 2043 1950 2098 lectiones,

232 2121 285 2163 ad
327 2134 432 2174 quas
475 2134 618 2163 omnes
657 2120 955 2173 Philosophiae
993 2120 1209 2162 auditores
1258 2120 1478 2162 convenire
1525 2119 1748 2174 deberent,
1795 2122 1837 2160 et
1877 2131 1952 2172 per

232 2208 338 2249 quas
378 2195 635 2238 sufficienter
673 2196 1009 2249 instruerentur,
1052 2199 1100 2236 ut
1139 2195 1192 2236 ad
1235 2195 1473 2248 superiores
1516 2195 1740 2237 facultates
1773 2193 1953 2246 gradum

233 2283 327 2313 cum
343 2272 484 2313 fructu
507 2272 645 2314 facere
666 2272 842 2325 possint.
876 2271 1034 2324 Logica
1058 2275 1100 2313 et
1115 2271 1419 2325 Metaphysica,
1443 2270 1608 2312 omissis
1630 2270 1679 2312 iis
1698 2268 1954 2322 quaestioni-

234 2347 326 2402 bus,
359 2360 468 2400 quae
499 2351 667 2401 tempus
700 2347 947 2388 diuturnum
981 2347 1078 2389 olim
1109 2346 1392 2401 insumebant,
1426 2345 1643 2388 commode
1676 2358 1783 2386 anno
1816 2345 1952 2398 primo

234 2422 393 2464 absolvi
434 2426 625 2475 possunt.
694 2422 872 2476 Physica
913 2435 1100 2477 quoque,
1139 2422 1294 2464 omissa
1335 2421 1628 2477 Astronomia,
1672 2422 1804 2463 altero
1845 2432 1953 2461 anno

235 2496 528 2544 conficeretur:
576 2497 740 2539 duobus
788 2497 851 2538 his
898 2497 1016 2539 annis
1058 2497 1290 2539 haberetur
1326 2497 1499 2550 insuper
1538 2508 1614 2550 pro
1651 2494 1954 2549 Metaphysicis

234 2573 438 2615 Mathesis
469 2573 757 2626 elementaris,
796 2585 905 2626 quae
937 2573 1183 2628 Algebram,
1224 2572 1508 2614 Geometriam
1540 2572 1766 2627 linearum,
1809 2582 1953 2624 super-

234 2648 421 2690 ficierum
455 2661 501 2689 ac
533 2649 765 2690 solidorum
797 2649 1091 2702 complectitur
1123 2649 1255 2702 (quod
1277 2649 1398 2690 facile
1424 2648 1485 2701 fit,
1518 2648 1725 2701 siquidem
1748 2647 1954 2688 elementa

238 2723 444 2776 Algebrae
476 2726 518 2764 et
541 2723 808 2765 Geometriae
840 2724 881 2765 in
904 2724 1057 2766 scholis
1079 2724 1347 2765 inferioribus
1370 2724 1635 2773 tradantur);
1668 2735 1743 2775 pro
1768 2720 1952 2775 Physicis

238 2797 331 2839 dein
363 2797 573 2839 habentur
603 2799 804 2840 lectiones
836 2798 1013 2840 Ethicae
1046 2799 1109 2840 vel
1136 2799 1245 2852 juris
1278 2798 1484 2840 naturalis
1517 2801 1559 2839 et
1588 2796 1757 2851 publici.
1791 2821 1839 2825 —
1875 2795 1954 2846 Qui

237 2886 335 2914 vero
377 2873 556 2915 triennio
596 2874 636 2914 in
670 2874 941 2927 Philosophia
981 2878 1262 2927 occupantur,
1304 2877 1401 2927 post
1440 2873 1544 2914 duos
1588 2884 1718 2914 annos
1759 2874 1953 2925 peractos

239 2948 347 2990 sicut
378 2948 527 3001 reliqui
561 2949 656 3000 (nisi
689 2949 797 2990 forte
830 2949 977 2991 audire
1010 2950 1164 2991 vellent
1195 2949 1393 2991 lectiones
1427 2948 1477 2990 de
1510 2948 1697 2990 Historia
1729 2946 1954 2989 universali

240 3025 282 3065 et
320 3024 538 3079 Naturali,
581 3024 646 3066 cui
687 3023 853 3077 Physici
893 3024 1123 3078 adjungere
1165 3027 1340 3078 possent
1378 3023 1601 3066 mathesim
1649 3022 1952 3073 sublimiorem)

379 3140 403 3183 ¹)
429 3138 518 3173 Hier
544 3137 600 3172 die
627 3138 774 3172 cursiv
800 3137 1021 3181 gedruckten
1047 3137 1076 3171 F
1079 3137 1197 3172 acher.

1913 723 2045 765 Math.

1814 784 1832 885 [
1872 798 2091 841 sublimior

1924 1568 2056 1611 Math.

1877 1644 2098 1688 sublimior
