2164 3535
603 223 797 266 Catalogus
823 228 1020 267 perpetuus
1045 224 1174 258 Rheni.
1226 226 1324 259 1622.
1776 227 1827 267 19

106 374 201 404 cum
232 362 367 404 Isacio
399 362 603 404 Pontano.
658 387 711 392 —-
763 362 829 404 Jo.
862 362 1081 404 Valtrinus
1113 361 1164 403 de
1195 361 1345 404 militia
1376 362 1578 404 Romana.
1629 387 1678 392 —
1733 361 1833 404 Offi-

105 437 198 479 cina
229 437 432 479 Textoris.
478 461 527 466 -
570 436 613 478 C.
647 436 802 489 Higinij
839 438 984 489 [recte:
1027 436 1201 491 Hygini]
1232 435 1413 478 fabulae.
1459 460 1510 467 —
1553 436 1831 478 Casaubonus

105 514 149 553 et
180 511 369 553 Louinus
408 512 451 552 in
484 511 745 552 Suetonium.
809 535 859 540 —
920 510 1135 552 Plutarchi
1176 510 1287 552 vitae
1324 514 1367 552 et
1404 510 1606 563 pleraque
1639 511 1733 552 alia.
1782 535 1827 540 —

106 586 334 639 Appianus.
386 609 434 614 —
484 586 562 626 Dio
595 585 767 627 Cassius
800 588 842 626 et
873 585 1062 627 eiusdem
1096 585 1330 639 exscriptor
1362 585 1616 638 Xiphilinus.
1663 609 1712 615 -—
1762 585 1832 627 Vi-

104 660 272 702 truuius
305 672 397 701 cum
431 659 663 700 Comment.
696 658 925 700 Philandri.
973 684 1023 690 -
1064 659 1226 701 Aeliani
1260 659 1512 712 Strategem.
1560 683 1609 689 -
1653 659 1831 700 Luciani

104 738 290 788 quatuor
328 733 450 784 tomi,
494 733 528 774 si
566 733 737 786 purgati
769 732 864 774 sint.
901 757 951 763 —
984 733 1181 774 Marliani
1214 734 1510 788 Topographia
1540 734 1743 776 Romana.
1777 758 1831 763 —

105 809 281 851 Carolus
324 808 525 861 Ligonius
566 807 617 849 de
658 808 750 849 iure
794 807 968 859 antiquo
1010 808 1170 850 Italiae.
1251 809 1312 849 De
1353 810 1455 862 Rep.
1498 809 1830 863 Atheniensium,

105 884 470 926 Lacedaemoniun
546 882 692 924 Eiusd.
717 881 835 924 Fasti
868 882 1135 924 Consulares.
1172 907 1221 912 -—
1257 883 1385 936 Lipsij
1420 884 1634 936 pleraque.
1688 883 1831 925 Nomi-

106 958 237 1000 natim
286 958 443 1000 Electa.
522 958 793 999 Admiranda.
864 958 1076 999 Militaria.
1155 958 1218 999 De
1266 959 1603 1012 Amphitheatro.
1675 959 1831 1000 Variae

104 1033 303 1074 lectiones
336 1036 379 1074 et
409 1033 620 1085 antiquae.
685 1031 940 1074 Saturnalia.
996 1032 1281 1074 Poliorcetica,
1318 1058 1371 1062 —
1403 1033 1687 1086 Hieronymus
1719 1033 1828 1075 Mer-

106 1108 275 1150 curialis
313 1108 363 1148 de
402 1111 494 1149 arte
525 1107 811 1160 Gymnastica.
878 1131 927 1136 -—
990 1107 1173 1149 Berotus
1211 1107 1263 1149 de
1300 1108 1626 1160 antiquitatibus
1664 1108 1826 1149 Italiae.

106 1207 159 1212 —
191 1183 432 1224 Thesaurus
472 1181 789 1235 Geographicus
833 1181 1060 1224 Abrahami
1101 1182 1262 1235 Ortelij.
1330 1207 1379 1212 —
1441 1183 1642 1236 Vegetius
1692 1182 1742 1224 de
1785 1195 1830 1224 re

105 1257 289 1298 militari.
348 1283 389 1287 —-
444 1257 686 1298 Athenaeus
719 1256 1042 1298 Graecolatinus
1075 1270 1168 1299 cum
1202 1257 1640 1299 animaduersionibus
1675 1257 1831 1299 Casan-

106 1332 216 1373 boni.
271 1355 320 1362 -
372 1331 699 1385 Hieroglyphica
736 1331 912 1373 Joannis
945 1332 1083 1384 Pierij.
1139 1356 1188 1361 ——
1245 1332 1449 1385 Onuphrij
1491 1333 1670 1374 Panuini
1710 1333 1828 1385 Reip.

105 1407 224 1447 Rom.
259 1406 491 1448 Comment.
525 1407 620 1448 libri
654 1408 691 1450 3.

151 1720 262 1774 Der
291 1718 607 1794 Catalogus
652 1730 963 1794 perpetuus
1002 1723 1102 1776 der
1140 1723 1505 1777 rheinischen
1537 1722 1794 1777 Provinz.

874 1826 1065 1890 (1622)

254 1946 358 1980 Nach
396 1946 476 1982 dem
514 1949 705 1993 Vorgange
745 1949 808 1983 der
847 1949 1132 1983 oberdeutschen
1170 1948 1323 1983 Provinz
1363 1950 1426 1983 der
1465 1948 1706 1983 Gesellschaft
1740 1948 1831 1983 Jesu

107 2014 173 2038 von
208 2007 375 2040 1602—4
406 2007 488 2042 liess
520 2008 613 2042 auch
645 2007 702 2042 die
735 2007 872 2041 damals
904 2008 997 2042 noch
1030 2007 1226 2050 vereinigte
1258 2007 1463 2041 rheinische
1497 2007 1601 2041 einen
1635 2006 1829 2049 Catalogus

105 2068 302 2106 perpetuus
341 2064 399 2098 fur
441 2065 497 2099 die
540 2065 851 2099 humanistischen
893 2065 1112 2109 Gymnasien
1151 2065 1345 2099 verfassen.
1423 2065 1496 2098 Das
1535 2069 1640 2098 unter
1679 2065 1711 2097 A
1749 2063 1829 2096 mit-

105 2121 251 2164 geteilte
290 2121 403 2155 Stuck
441 2123 581 2157 enthalt
620 2123 676 2157 die
710 2123 997 2168 Beweggriinde,
1036 2123 1064 2157 B
1103 2123 1160 2158 die
1192 2123 1404 2166 Einleitung
1442 2122 1513 2156 und
1552 2122 1577 2156 C
1613 2122 1681 2155 den
1718 2120 1830 2154 Kata-

105 2178 164 2221 log
189 2179 309 2213 selbst.

371 2331 429 2378 A.
485 2330 786 2379 Notationes
824 2333 877 2379 in
917 2332 1216 2399 Catalogum
1258 2333 1564 2399 Perpetuum

141 2431 319 2474 factae
361 2446 386 2474 a
424 2433 689 2476 Patribus
732 2435 1021 2488 deputatis
1064 2449 1202 2478 anno
1250 2438 1391 2478 1622.
1463 2437 1795 2490 Moguntiae.

272 2524 457 2568 (Archiv.
497 2526 617 2561 Prov.
663 2526 793 2561 Germ.
844 2527 884 2562 S.
917 2528 977 2571 J.;
1034 2529 1152 2564 XIII.
1199 2529 1247 2564 A.
1281 2529 1326 2572 23
1378 2540 1417 2573 p.
1450 2529 1522 2564 372
1542 2529 1671 2573 sq.)¹)

243 2639 274 2680 Ι.
339 2640 568 2693 Catalogus
600 2644 851 2694 perpetuus,
891 2643 1225 2695 approbantibus
1267 2643 1585 2697 Superioribus,
1623 2644 1832 2697 professo-

107 2725 221 2765 rum,
259 2713 569 2769 studiosorum,
608 2716 967 2769 typographorum
1012 2729 1140 2759 causa
1171 2717 1308 2760 factus
1341 2722 1423 2760 est:
1465 2718 1832 2772 professorum,

106 2800 203 2828 nam
245 2789 431 2841 cognito,
476 2789 548 2841 qui
587 2789 682 2831 libri
722 2791 763 2832 in
802 2791 954 2833 scholis
998 2792 1083 2833 sint
1123 2793 1412 2846 praelegendi,
1452 2794 1631 2845 possunt
1668 2792 1710 2832 in
1751 2792 1832 2834 illis

107 2861 388 2913 intelligendis
429 2864 612 2905 exerceri
645 2865 921 2918 Repetentes,
964 2866 1070 2919 imo,
1111 2879 1205 2908 cum
1248 2868 1288 2908 in
1321 2867 1531 2908 Societate
1571 2866 1831 2919 philosophis

108 2939 233 2977 autor
273 2936 424 2989 aliquis
467 2937 637 2979 concedi
675 2939 831 2989 soleat,
875 2952 999 2992 quem
1032 2941 1262 2994 aliquando
1295 2941 1457 2995 legant,
1500 2940 1658 2992 poterit
1688 2953 1736 2981 ex
1769 2940 1832 2982 his

246 3084 273 3127 l)
298 3083 367 3118 Mit
392 3084 621 3128 Auslassung
652 3096 719 3120 von
752 3086 818 3121 No.
846 3087 862 3120 I
895 3087 987 3121 auch
1020 3088 1056 3121 in
1082 3088 1182 3122 XIII.
1229 3088 1269 3121 L.
1297 3087 1463 3131 Append.
1498 3098 1530 3130 p.
1557 3089 1619 3130 25,
1654 3097 1687 3121 u.
1715 3087 1747 3120 d.
1775 3087 1832 3121 T.:

112 3140 190 3174 »Ex
216 3142 460 3177 notationibus
487 3143 523 3176 in
550 3144 761 3188 Catalogum
787 3145 892 3179 sactis
920 3155 940 3178 a
966 3145 1035 3180 PP.
1063 3146 1245 3189 deputatis
1272 3145 1367 3188 Mog.
1399 3147 1516 3179 1522«

1555 3214 1600 3235 04}

1555 3235 1577 3246 a
