2164 3535
496 188 730 232 Tisehregeln
756 187 814 223 fur
839 199 936 223 arme
964 188 1175 233 Studenten‚
1202 189 1427 224 Hildesheim
1457 192 1555 226 1709.
1805 195 1887 234 249

168 326 412 383 hospitium,
445 331 488 370 et
519 327 689 381 quando
722 330 822 370 sunt
853 341 1005 381 magna
1037 330 1160 384 festa,
1192 342 1226 370 v.
1257 342 1293 381 g.
1328 329 1527 372 nativitas
1560 329 1718 383 pascha
1749 333 1892 383 pente-

165 406 302 444 costes
336 403 498 456 aliquot
528 403 661 445 librae
693 403 830 445 carnis
864 404 1174 457 comparandae
1207 404 1451 457 coquendae
1484 407 1526 446 et
1558 404 1769 457 particula
1801 405 1892 446 uni-

166 477 318 530 cuique
349 478 490 520 danda
522 491 617 520 cum
650 478 825 520 iusculo.
887 504 935 508 —
992 479 1152 532 Coepta
1183 482 1283 521 sunt
1320 479 1488 533 quidem
1522 479 1623 522 haec
1654 479 1892 533 practicari,

166 551 241 593 sed
272 552 388 594 nulla
420 555 485 594 est
516 553 730 605 obligatio.

169 1012 390 1086 Regeln
422 1013 512 1067 fiir
543 1014 634 1066 die
661 1014 948 1087 Speisung
981 1034 1162 1069 armer
1194 1014 1600 1070 Studierender
1626 1017 1896 1071 wahrend

789 1119 888 1172 der
931 1119 1274 1174 Fastenzeit.

544 1229 594 1278 H
614 1231 629 1279 i
650 1231 666 1278 l
685 1230 716 1279 d
735 1248 762 1279 e
781 1248 803 1279 s
824 1231 857 1278 h
878 1231 1042 1294 eim,
1100 1232 1324 1280 Februar
1378 1234 1520 1279 1709.

623 1334 820 1378 (Diarinm
841 1334 945 1370 coll.
965 1334 1166 1371 Hildesini
1189 1335 1239 1370 ad
1263 1336 1442 1379 annum.)

322 1447 425 1482 Nach
451 1447 696 1482 christlichem
725 1447 940 1483 Gebrauche
973 1448 1076 1483 sollte
1112 1448 1176 1483 das
1203 1448 1317 1483 durch
1342 1448 1477 1483 Fasten
1504 1448 1679 1492 Ersparte
1714 1448 1814 1483 nicht
1838 1448 1902 1483 der

172 1506 567 1550 Selbstbereicherung,
593 1505 747 1540 sondern
775 1506 843 1540 den
863 1506 996 1540 Armen
1023 1517 1066 1540 zu
1093 1511 1157 1550 gut
1182 1506 1360 1541 kommen.
1404 1506 1771 1541 Selbstverstandlich
1791 1505 1899 1539 dach-

170 1568 229 1597 ten
257 1563 314 1598 die
341 1563 532 1607 Kollegien
559 1574 621 1598 vor
646 1564 750 1598 allem
779 1574 823 1597 an
850 1563 928 1598 ihre
955 1564 1106 1607 eigenen
1134 1564 1286 1608 Armen,
1322 1563 1353 1598 d.
1381 1564 1413 1598 h.
1452 1574 1496 1598 an
1531 1564 1588 1598 die
1616 1563 1901 1599 Unbemittelten

171 1625 277 1654 unter
300 1620 403 1655 ihren
431 1620 706 1665 Studierenden,
733 1621 805 1655 und
831 1620 992 1664 speisteu
1019 1620 1203 1655 dieselben
1230 1631 1275 1654 an
1302 1620 1520 1664 Fasttagen,
1559 1620 1707 1655 »diebus
1736 1620 1901 1655 esuriali-

174 1678 275 1712 bus«.
324 1677 448 1712 Damit
474 1678 609 1721 jedoch
635 1678 774 1713 hierbei
802 1678 977 1721 Ordnung
1002 1677 1075 1712 und
1100 1678 1266 1713 Anstand
1294 1678 1465 1723 obwalte,
1498 1679 1644 1713 wurden
1679 1678 1805 1722 eigene
1832 1677 1901 1712 Re-

173 1735 267 1780 geln,
293 1736 358 1770 wie
385 1736 442 1771 die
469 1736 671 1781 folgenden,
699 1736 870 1780 gegeben.

592 1992 810 2045 Regulae
841 2004 1112 2048 pauperum
1146 1992 1478 2035 studiosorum

477 2077 528 2118 in
571 2076 733 2119 feriis
776 2078 1120 2119 esurialibus
1163 2077 1594 2119 tractandorum.

313 2195 348 2234 1.
396 2193 528 2234 Paulo
568 2196 798 2245 antequam
839 2193 943 2234 hora
986 2193 1238 2235 duodecima
1275 2193 1315 2233 in
1358 2205 1522 2234 summo
1563 2192 1720 2245 templo
1759 2192 1904 2233 audia-

173 2271 263 2321 tur,
304 2267 501 2309 convivas
533 2279 742 2320 pauperes
776 2270 873 2308 ante
907 2267 1032 2309 aedes
1073 2267 1251 2321 hospitis
1285 2267 1598 2321 Bruggemans,
1643 2267 1828 2321 collatis,
1869 2267 1902 2308 si

173 2342 371 2397 habeant,
403 2341 648 2384 mantilibus
682 2343 851 2394 praesto
885 2355 976 2383 esse
1009 2342 1233 2395 oportebit.
1284 2342 1425 2395 Ipsam
1455 2354 1553 2383 vero
1587 2341 1772 2393 domum,
1806 2344 1904 2382 ante

175 2417 320 2470 datum
352 2416 635 2458 tintinnabulo
668 2416 849 2469 signum,
881 2416 1069 2469 ingredi,
1103 2417 1166 2458 vel
1200 2417 1241 2457 in
1275 2417 1424 2469 plateis
1458 2419 1555 2457 ante
1588 2416 1711 2457 aedes
1744 2415 1903 2469 ludere,

174 2490 413 2543 vociferari,
459 2491 701 2533 cachinnari
734 2491 890 2532 aliasve
929 2491 1078 2544 quovis
1119 2490 1243 2532 modo
1284 2504 1419 2542 nugas
1462 2491 1663 2532 turbasve
1708 2490 1904 2545 excitare,

175 2578 320 2608 severe
352 2566 628 2608 interdictum
661 2579 753 2608 esse
789 2566 934 2608 sciant.

314 2654 350 2693 2.
395 2652 648 2705 Priusquam
678 2652 954 2706 prandeatur,
986 2651 1106 2693 flexis
1139 2652 1179 2693 in
1214 2652 1440 2694 coenaculo
1473 2653 1664 2706 genibus,
1698 2665 1773 2706 pro
1797 2664 1905 2693 mor-

176 2727 259 2769 tuis
300 2739 537 2780 pauperum
577 2727 894 2769 Mecaenatibus
939 2726 1036 2782 [sic]
1083 2727 1134 2768 ab
1175 2727 1370 2768 omnibus
1414 2727 1597 2781 pariter,
1646 2740 1730 2769 uno
1777 2726 1905 2768 verba

176 2805 419 2855 praeeunte,
453 2802 568 2844 clara
598 2814 698 2844 voce
730 2802 932 2843 recitetur
953 2801 1141 2854 psalmus
1165 2801 1411 2843 Miserere
1444 2806 1487 2843 et
1510 2803 1578 2843 De
1610 2801 1904 2856 profundis,

177 2875 272 2917 dein
311 2876 461 2929 triplex
492 2877 592 2918 Ave
635 2889 709 2918 seu
741 2876 966 2929 Angelus
1007 2875 1207 2916 Domini
1240 2880 1339 2923 cet.;
1383 2877 1606 2929 posthaec,
1649 2876 1722 2918 sed
1764 2878 1905 2917 stante

178 2950 299 3005 pede,
333 2950 568 2992 benedictio
601 2963 783 2993 mensae.

317 3038 354 3079 3.
402 3037 547 3080 Palam
596 3041 693 3080 ante
732 3039 917 3081 omnium
959 3038 1100 3079 oculos
1139 3041 1304 3091 prostet
1344 3036 1587 3091 clepsydra,
1635 3048 1807 3078 mensae
1846 3036 1906 3077 in-

180 3111 394 3154 choandae
434 3113 796 3167 removendaeque
838 3118 979 3155 certus
1021 3111 1156 3153 index.
1221 3112 1335 3154 Neve
1377 3112 1512 3153 oratio
1550 3111 1724 3164 praevia
1765 3110 1905 3152 fraudi
