2164 3535
211 208 293 250 318
563 206 730 240 Statuten
756 204 819 239 des
845 203 982 239 Kolner
1007 203 1349 239 Clericalseminars.
1400 204 1468 239 Um
1496 207 1594 240 1615.

212 345 444 387 Parochiae
485 357 630 387 curam
672 346 715 385 et
754 343 1163 385 administrationem
1202 355 1278 385 seu
1316 343 1599 397 quodcunque
1636 346 1678 385 et
1713 345 1940 397 qualecun-

213 432 295 473 que
335 418 519 461 officium
553 418 900 460 Ecclesiasticum
940 418 1004 460 vel
1047 418 1297 460 beneficium
1337 431 1432 461 cum
1474 430 1576 460 cura
1607 419 1673 460 vel
1710 419 1800 461 sine
1839 431 1941 460 cura

215 496 537 549 suscepturum,
580 493 813 546 eodemque
845 493 886 534 in
917 493 1009 534 loco
1044 493 1415 548 continuaturum,
1448 493 1587 546 quoad
1620 494 1940 535 altememorato

213 569 542 622 Archiepiscopo
567 568 806 610 Coloniensi
839 571 914 609 aut
945 567 1134 609 eiusdem
1169 567 1384 621 deputatis
1408 568 1546 610 visum
1567 567 1706 610 fuerit.
1755 568 1940 621 Regulas

211 647 434 698 practerea
467 642 725 695 modumque
757 643 798 684 in
832 642 945 684 victu
978 645 1020 684 et
1052 643 1209 684 vestitu
1243 642 1476 685 Seminario
1510 644 1822 697 praescriptum
1861 644 1939 685 sub

210 718 527 773 praedictorum
561 731 585 759 a
617 718 796 759 Domino
829 717 1157 771 Archiepiscopo
1190 718 1506 771 Deputatorum
1547 719 1751 772 regimine
1792 720 1834 760 et
1872 718 1944 760 ob·

211 793 394 835 edientia
434 792 786 848 obseruaturum‚
834 792 1002 845 illisque
1046 791 1256 834 duntaxat
1303 806 1369 835 me
1412 793 1565 846 studiJ‘s
1614 794 1941 849 applicatarum,

211 870 364 923 quibus
396 882 462 911 me
495 870 702 922 Deputati
735 869 986 922 Superiores
1020 869 1350 920 destinauerint,
1391 872 1689 922 suscepturum
1723 868 1851 910 etiam
1889 869 1943 910 ad

210 944 441 987 eorundem
489 943 767 998 Superiorum
815 944 1069 986 arbitratum
1120 943 1272 987 Sacros
1321 945 1522 991 Ordines:
1571 944 1752 997 Insuper
1797 943 1941 986 studia

211 1032 304 1062 mea
345 1021 420 1061 aut
461 1017 743 1061 Seminarium
786 1032 1003 1072 nunquam
1048 1019 1340 1073 deserturum,
1387 1020 1637 1072 nullumque
1685 1018 1934 1061 beneficium

210 1094 557 1137 Ecclesiasticum
589 1099 878 1149 accepturum⁷
912 1107 988 1136 nec
1010 1094 1272 1147 Religionem
1306 1094 1490 1146 aliquam
1520 1094 1813 1146 ingressurum
1835 1093 1942 1135 citra

210 1170 433 1222 ipsiusmet
466 1170 781 1223 Archiepiscopi
814 1169 980 1223 scitum,
1013 1181 1265 1211 consensum
1297 1172 1340 1210 et
1373 1168 1589 1210 obtentam
1621 1168 1662 1210 in
1696 1168 1864 1222 scriptis
1895 1168 1944 1210 li-

211 1244 404 1286 centiam.
471 1245 664 1298 Denique
695 1256 825 1297 super
854 1243 918 1286 his
952 1243 1146 1285 omnibus
1179 1246 1256 1284 aut
1286 1255 1434 1284 eorum
1466 1243 1621 1296 aliquo,
1653 1244 1943 1296 praestitoque

210 1319 288 1360 hoc
328 1331 353 1360 a
392 1331 459 1361 me
495 1320 763 1373 juramento,
804 1319 962 1360 nullam
1005 1330 1191 1371 vnquam
1235 1321 1383 1360 contra
1425 1318 1594 1360 Domini
1627 1318 1941 1373 Archiepiscopi

212 1394 474 1436 Coloniensis
493 1394 756 1436 voluntatem
781 1407 805 1435 a
823 1393 931 1435 Sede
952 1393 1195 1447 Apostolica
1219 1393 1546 1447 impetraturum
1566 1394 1939 1447 dispensationem.

348 1467 416 1510 Sic
448 1480 514 1511 me
548 1469 662 1510 Deus
695 1467 870 1510 adiuuet
902 1470 943 1510 et
975 1468 1076 1510 haec
1108 1471 1256 1510 sancta
1287 1468 1363 1510 Dei
1398 1469 1641 1522 Evangelia.

802 1838 1024 1882 Puncta
1057 1840 1358 1883 Examinis

320 1929 655 1983 proponenda
688 1929 1138 1983 Adolescentibus„
1172 1932 1256 1984 qui
1290 1931 1349 1972 ad
1384 1930 1838 1984 Archiepiscopale

215 2009 609 2052 Seminarium
650 2009 936 2053 Coloniae
979 2012 1281 2065 aspirant,
1323 2015 1381 2053 vt
1422 2012 1487 2054 ad
1531 2025 1592 2053 ea
1634 2025 1736 2054 sua
1777 2025 1942 2054 manu

468 2094 517 2133 et
548 2091 957 2145 subscriptione,
991 2092 1288 2145 priusquam
1321 2092 1687 2145 admittantur,

898 2171 1260 2225 respondeant.

356 2301 390 2340 1.
439 2298 558 2349 Quod
590 2298 647 2341 sit
678 2298 779 2352 ipsis
811 2311 977 2351 nomen,
1009 2311 1252 2351 cognomen,
1286 2311 1394 2352 quae
1425 2299 1593 2352 patria?

354 2375 391 2415 2.
441 2373 505 2414 An
537 2373 735 2426 legitimis
768 2376 810 2415 et
840 2373 1030 2415 honestis
1062 2374 1147 2415 sint
1179 2374 1267 2416 nati
1299 2374 1584 2416 Parentibus?

353 2449 391 2490 3.
440 2449 503 2489 An
536 2448 621 2490 sint
652 2460 875 2502 pauperes,
909 2448 1156 2505 mediocres,
1191 2452 1266 2490 aut
1297 2449 1503 2491 tenuioris
1536 2449 1764 2491 fortunae?

353 2525 392 2564 4.
437 2523 502 2564 An
525 2523 772 2576 parentibus
795 2523 884 2564 nati
907 2523 1148 2575 Catholicis,
1178 2537 1230 2565 an
1253 2524 1331 2577 ipsi
1354 2537 1520 2577 semper
1542 2524 1745 2566 Catholici
1767 2523 1936 2577 fuerint,

217 2593 391 2640 aut'vbi
424 2601 466 2639 et
498 2597 668 2651 quaudo
701 2598 928 2640 conuersi?

355 2675 392 2714 5.
440 2673 505 2714 An
538 2673 654 2715 nulla
684 2672 930 2716 infirmitate
961 2674 1149 2727 corporis
1182 2676 1257 2715 aut
1278 2673 1378 2715 vitio
1402 2673 1608 2727 laborent,
1643 2677 1717 2715 aut
1746 2672 1942 2715 deformi-

218 2750 306 2790 tate
338 2747 514 2790 notabili
545 2747 687 2801 aliqua
719 2748 907 2801 corporis
941 2748 1259 2801 impediantur?

357 2824 393 2864 6.
441 2822 506 2864 An
537 2822 623 2864 sint
657 2824 707 2865 18
741 2835 962 2875 annorum,
994 2823 1029 2865 si
1050 2823 1278 2875 Rhetores;
1312 2836 1364 2865 an
1395 2822 1686 2877 nouendecim‚
1718 2822 1753 2864 si
1776 2822 1940 2875 Logici;

218 2898 283 2940 vel
315 2900 420 2951 quot
449 2897 535 2940 sint
566 2898 805 2939 annorum?

359 2974 394 3013 7.
445 2971 607 3022 Quibus
639 2971 790 3014 litteris
824 2975 865 3014 et
897 2972 966 3014 vbi
997 2984 1170 3025 operam
1203 2971 1426 3014 dederint'.>

358 3048 394 3090 8,
445 3046 508 3087 An
541 3046 665 3088 alicui
697 3047 1013 3100 congregationi
1044 3046 1092 3088 B.
1117 3047 1165 3089 V.
1200 3047 1284 3089 sint
1314 3046 1550 3100 adscripti?

359 3122 395 3163 9.
429 3122 492 3163 An
517 3121 642 3179 vitae,
676 3133 841 3163 morum
863 3124 906 3163 et
927 3121 1179 3177 studiorum,
1208 3124 1250 3163 et
1272 3121 1396 3174 quale
1418 3121 1603 3163 habeant
1624 3122 1940 3164 testimonium?
