2164 3535
203 243 284 284 110
479 241 901 277 Geschichtsunterricht
934 253 979 277 an
1008 243 1077 278 den
1104 244 1393 279 oberdeutschen
1419 245 1650 291 Gymnasien.

202 379 296 422 dein
320 381 592 434 repetitiones
615 383 924 436 frequentiores
949 396 973 425 a
996 383 1202 437 discipulo
1226 385 1379 440 exigat,
1404 385 1536 427 donec
1559 387 1782 429 materiam
1805 388 1927 441 plene

198 455 436 508 possideat;
470 456 620 499 deinde
653 462 791 514 curet,
833 461 881 499 ut
919 460 1105 512 systema
1142 459 1355 513 integrum
1395 461 1528 502 totius
1561 462 1765 504 materiae
1799 464 1930 506 solide

198 531 398 587 retineat,
430 533 543 586 quod
583 534 835 588 repetitione
877 534 995 576 varia
1033 534 1304 577 obtinebitur.
1378 536 1589 590 Repetitio
1631 541 1774 579 autem
1816 539 1932 581 varia

197 611 282 661 est,
324 620 409 660 qua
450 609 658 651 successio
701 609 833 651 totius
875 609 1098 665 historiae,
1142 611 1266 652 modo
1309 611 1547 665 incipiendo
1591 612 1644 654 ab
1684 613 1823 666 initio,
1866 614 1931 656 vel

198 682 344 724 ordine
376 683 624 736 retrogrado
657 684 709 725 ab
741 684 853 726 illius
885 684 979 741 fine,
1014 689 1087 727 aut
1120 686 1256 728 medio
1290 686 1476 729 breviter
1508 691 1675 730 tantum
1709 689 1929 744 repetitur.

339 771 402 812 10.
436 770 502 811 llli
525 783 546 812 e
568 770 723 813 nostris
747 774 823 812 aut
844 772 1041 822 externis,
1075 772 1147 825 qui
1170 777 1413 827 proponunt
1442 775 1650 827 quaesita,
1683 787 1766 817 non
1788 775 1931 819 inhae-

197 848 319 888 reant
350 845 502 897 verbis,
535 849 584 887 ut
613 846 654 887 in
687 847 854 900 pagella
876 848 1035 890 fuerint
1059 848 1231 902 scripta,
1261 849 1334 890 sed
1358 849 1471 891 varie
1492 853 1744 903 proponant.
1799 850 1928 893 Cura-

197 920 311 962 bitur
342 920 473 972 igitur
505 934 529 963 a
560 922 813 975 professore,
847 927 895 965 ut
926 924 1187 977 respondens
1221 924 1347 966 etiam
1379 925 1458 966 hac
1490 926 1531 967 in
1565 938 1611 967 re
1643 925 1749 967 bene
1782 927 1838 969 sit
1869 927 1930 969 in-

196 999 407 1053 structus,
445 1009 590 1054 quem,
631 999 665 1040 si
697 999 834 1053 possit
865 999 993 1057 forte⁷
1032 1000 1072 1041 in
1106 1000 1196 1053 ipso
1230 1003 1327 1042 actu
1354 1001 1507 1053 juvare
1537 1001 1726 1043 nonnihil
1757 1003 1926 1055 poterit.

196 1070 238 1113 Si
271 1084 369 1114 vero
402 1073 561 1126 aliquid
593 1074 720 1116 fuerit
750 1076 1015 1129 propositum
1048 1076 1087 1117 in
1122 1075 1327 1129 quaesitis
1361 1088 1441 1117 non
1476 1078 1734 1133 contentum,
1766 1077 1928 1132 profes-

195 1147 302 1189 soris
334 1147 415 1190 erit
447 1161 632 1205 monere,
667 1149 719 1191 ad
753 1150 829 1192 hoc
861 1150 927 1192 hic
960 1154 1002 1192 et
1033 1163 1143 1193 nunc
1175 1164 1257 1192 non
1291 1151 1551 1204 responderi.

338 1237 399 1276 11.
434 1235 500 1277 Ad
532 1236 846 1290 chronologiam
876 1250 957 1280 non
992 1238 1169 1292 urgendi
1200 1242 1300 1281 sunt
1341 1240 1481 1293 pueri,
1523 1240 1600 1282 nisi
1645 1240 1754 1282 forte
1793 1240 1930 1282 obiter

195 1312 378 1366 tantum,
410 1315 485 1353 aut
516 1312 595 1354 nisi
627 1312 711 1354 sint
742 1313 1017 1367 singulariter
1048 1327 1237 1369 capaces.

393 1602 756 1645 Continnatio
799 1605 1037 1647 methodi
1080 1619 1176 1660 pro
1217 1607 1725 1649 exercitationibus

668 1685 962 1729 historicis
1004 1687 1453 1730 solemnioribus.

957 1779 1161 1825 (Ibidem.)

335 1897 371 1936 1.
406 1895 452 1936 In
488 1895 799 1938 rudimentis
833 1897 1078 1938 exercitium
1108 1897 1356 1940 historicum
1378 1898 1629 1939 instituatur
1661 1910 1709 1939 ex
1746 1900 1779 1938 1.
1815 1899 1857 1939 et
1885 1898 1923 1939 2.

195 1969 367 2023 periodo
400 1983 546 2012 sacrae
576 1970 778 2013 historiae
811 1971 890 2014 sub
922 1970 1047 2013 finem
1080 1972 1279 2014 Ianuarii.

334 2059 370 2098 ⁴2.
405 2057 452 2099 In
476 2058 809 2110 grammatica
832 2058 911 2100 sub
932 2057 1056 2100 finem
1079 2058 1234 2100 mensis
1253 2059 1473 2101 Februarii
1496 2062 1570 2101 aut
1591 2059 1756 2100 initium
1779 2058 1926 2101 Martii

196 2145 244 2175 ex
277 2132 451 2186 periodo
486 2136 537 2189 1.,
570 2135 607 2174 2.
642 2137 684 2175 et
716 2135 752 2176 3.

334 2221 371 2262 3.
405 2221 453 2262 In
493 2220 683 2262 minore
722 2221 924 2274 syntaxi
966 2221 1131 2264 circiter
1168 2221 1247 2264 sub
1279 2222 1447 2264 initium
1479 2222 1636 2276 Aprilis
1669 2234 1718 2263 ex
1749 2234 1835 2275 per.
1873 2223 1924 2276 1.,

197 2296 250 2350 2.,
284 2296 322 2337 3.
355 2302 398 2338 et
428 2298 467 2337 4.

333 2385 371 2424 4.
406 2383 454 2424 In
486 2384 674 2437 majore
706 2384 911 2438 syntaxi
942 2397 1085 2426 mense
1116 2384 1228 2438 Majo
1262 2384 1588 2438 respondebitur
1609 2396 1656 2425 ex
1679 2396 1766 2437 per.
1793 2385 1842 2435 1.,
1868 2384 1922 2437 2.,

197 2459 256 2514 3.,
287 2460 326 2500 4.
360 2461 403 2501 et
435 2460 493 2513 5.,
526 2460 601 2502 sed
632 2460 777 2514 lingua
810 2460 946 2502 adhuc
986 2461 1233 2515 vernacula7
1276 2461 1309 2502 si
1351 2460 1482 2502 latina
1525 2459 1662 2501 adhuc
1704 2458 1826 2500 nimis
1869 2458 1924 2500 sit

195 2533 387 2576 difficilis.

336 2622 372 2661 ὃ.
406 2621 454 2662 In
486 2622 627 2674 poesi
658 2626 700 2664 et
731 2622 992 2666 rhetorica
1024 2623 1350 2676 respondebitur
1380 2634 1523 2664 mense
1552 2622 1672 2663 Iunio
1695 2634 1746 2662 ex
1767 2624 1860 2663 tota
1881 2624 1925 2663 et

195 2694 362 2748 integra
392 2696 571 2738 historia
601 2709 742 2753 sacra,
775 2699 925 2753 latine,
957 2698 1103 2741 habita
1143 2700 1269 2741 etiam
1309 2697 1603 2750 chronologiae
1641 2697 1805 2738 ratione
1846 2708 1922 2749 pro

196 2770 511 2814 defendentium
543 2774 788 2827 capacitate.

332 2858 500 2901 Prima
537 2861 800 2913 periodus,
840 2864 889 2903 ut
920 2861 1024 2903 alias
1056 2864 1249 2903 notatum
1282 2863 1364 2915 est,
1408 2858 1699 2912 complectitur
1730 2869 1862 2899 annos
1895 2869 1920 2899 a

198 2934 409 2977 creatione
440 2935 587 2976 mundi
620 2948 753 2989 usque
785 2936 839 2978 ad
871 2936 1073 2977 diluvium
1106 2935 1364 2986 universale3

334 3020 563 3063 Secunda
594 3034 619 3063 a
640 3021 794 3064 diluvio
819 3035 953 3076 usque
976 3022 1029 3064 ad
1053 3034 1202 3064 aevum
1225 3020 1584 3076 Patriarcharum,
1608 3019 1760 3073 quibus
1783 3019 1920 3062 factae

196 3097 295 3136 sunt
326 3096 640 3149 promissiones,
674 3096 795 3139 videl.
859 3097 1161 3152 Abrahamum,
1194 3096 1387 3138 Isaacum
1420 3099 1496 3137 cet.
1531 3094 1761 3146 exclusive3

333 3182 504 3224 Tertia
526 3196 550 3224 a
567 3184 784 3226 vocatione
802 3184 1015 3226 Abraham
1034 3196 1167 3238 usque
1184 3184 1238 3226 ad
1255 3185 1412 3226 exitum
1430 3196 1479 3225 ex
1491 3184 1681 3237 Aegypto
1699 3182 1917 3233 inclusive;
