2164 3535
191 229 274 269 268
737 225 918 272 Inspectio
946 226 1076 262 Semm.
1105 226 1250 263 Pontiff.
1280 229 1377 262 1601.

331 369 397 409 12.
446 367 526 417 Qui
558 366 785 421 eijciuntur
816 367 1079 410 authoritate
1113 368 1380 421 superiorum
1405 380 1453 410 ex
1478 367 1683 411 Convictu
1706 369 1771 412 vel
1794 369 1924 412 Semi-

191 442 309 485 nario
343 442 397 485 ad
428 442 719 495 Paedagogias
751 454 833 484 non
866 445 1212 496 promoveantur.
1276 443 1501 485 Montmor.

332 518 397 559 13.
445 517 767 560 Convictoribus
810 517 1112 559 eiaculationes
1155 529 1250 559 cum
1292 517 1578 569 bombarffls')
1622 531 1706 561 non
1754 519 1926 573 permit-

191 596 350 647 tentur,
382 605 458 635 nec
489 593 618 635 etiam
652 592 903 635 chartifolia.
965 592 1193 635 Montmor.

331 669 394 709 14.
442 668 491 709 In
524 666 861 709 Bacchanalibus
894 679 971 709 nec
1013 667 1244 723 depositio,
1288 680 1363 709 nec
1394 667 1521 721 Regis
1565 667 1713 710 electio
1754 667 1925 722 permit-

191 747 323 799 tatur,
356 743 429 785 sed
462 742 544 784 alio
578 742 702 784 modo
736 741 913 784 honeste
945 754 991 784 se
1024 746 1230 784 recreent.
1294 742 1518 784 Montmor.

329 819 392 859 15.
442 817 634 859 Historia
667 818 828 859 Domus
861 816 1141 872 conficienda,
1182 818 1224 859 in
1258 830 1386 871 quam
1418 830 1484 859 res
1516 821 1667 860 notatu
1713 817 1924 870 digniores

189 892 442 936 referantur.
505 893 549 934 P.
574 892 776 934 Laurent.
811 891 992 945 Magius.

330 970 393 1010 16.
442 967 721 1010 Promovendi
755 967 808 1009 ad
840 967 1046 1009 ulteriora
1077 966 1236 1022 studia,
1269 968 1450 1010 maxime
1481 967 1535 1009 ad
1567 979 1712 1011 sacros
1736 968 1924 1025 ordines,

191 1044 308 1097 prius
340 1043 645 1086 examinentur.
709 1043 935 1085 Montmor.

330 1121 394 1160 17.
441 1118 715 1171 Privilegium
747 1118 798 1161 de
831 1117 1077 1160 ordinandis
1113 1117 1416 1161 Sacerdotibus
1450 1122 1572 1161 extra
1603 1122 1798 1173 tempora
1842 1133 1924 1162 non

190 1194 448 1236 extendatur
494 1194 546 1236 ad
596 1206 688 1246 eos,
736 1193 808 1246 qui
855 1192 1209 1236 commendantur
1252 1206 1275 1234 a
1318 1193 1519 1236 Patribus
1558 1197 1601 1235 et
1643 1194 1791 1236 volunt
1829 1198 1926 1249 post

192 1269 375 1311 medium
410 1272 486 1311 aut
517 1282 648 1310 unum
681 1281 838 1310 annum
871 1267 952 1309 frui
984 1267 1203 1322 praedicto
1226 1267 1467 1323 Privilegio,
1500 1268 1574 1311 sed
1597 1268 1649 1311 ad
1673 1282 1744 1312 eos
1773 1269 1924 1325 solum,

192 1344 265 1397 qui
297 1343 521 1386 stabilibus
552 1343 874 1386 fundationibus
907 1343 1115 1385 victitant.

328 1420 391 1461 18.
440 1419 659 1461 Postremo
698 1419 1028 1473 Alumnatuum,
1073 1419 1356 1461 Convictuum
1398 1423 1441 1461 et
1479 1419 1813 1462 Seminariorum
1845 1421 1925 1463 Re-

187 1497 333 1545 gentes
373 1494 549 1547 singulis
591 1493 879 1536 trimestribus
920 1494 974 1536 ad
1014 1507 1138 1536 suum
1180 1494 1487 1537 Provincialem
1528 1495 1735 1546 scribant,
1787 1495 1924 1549 deque

187 1568 266 1610 sibi
310 1569 630 1611 commissorum
665 1569 983 1612 Domiciliorum
1023 1572 1161 1622 statu,
1203 1570 1468 1621 oeconomia,
1509 1570 1730 1625 disciplina
1761 1571 1923 1613 Domus

186 1644 400 1698 rebusque
431 1645 524 1699 alijs
558 1645 725 1699 plenam
758 1649 802 1688 et
833 1646 991 1688 claram
1023 1645 1258 1699 praebeant
1291 1644 1645 1688 informationem.

208 2052 595 2124 Inspectio
662 2055 1231 2108 seniinariorum
1299 2052 1898 2107 pontificiorum.

513 2198 684 2248 Ordin.
741 2198 792 2246 P.
846 2198 976 2247 Gen.
1022 2198 1223 2247 Claudii
1276 2199 1587 2264 Aquavivae,

845 2293 909 2334 10.
946 2293 1112 2345 August
1146 2294 1268 2334 1601.

308 2383 492 2427 (Archiv.
527 2384 657 2420 Germ.
690 2385 731 2420 S.
756 2385 797 2420 J.
827 2385 931 2420 XIII
963 2385 1010 2420 A.
1034 2385 1053 2419 1
1084 2394 1125 2429 p.
1152 2385 1295 2430 19sqq.
1328 2384 1369 2420 et
1401 2383 1499 2420 ibid.
1532 2394 1572 2429 p.
1597 2383 1677 2419 306
1693 2385 1800 2429 sqq.)

325 2498 440 2542 Papst
467 2498 606 2542 Gregor
630 2499 729 2533 XIII.
756 2500 1032 2543 (1572—1585),
1067 2499 1262 2534 errichtete
1289 2497 1389 2532 nicht
1415 2498 1524 2533 allein
1551 2498 1588 2533 in
1615 2497 1704 2533 Rom
1731 2498 1796 2533 das
1823 2498 1915 2542 grie-

185 2555 345 2597 chische,
372 2556 638 2601 maronitische,
666 2557 861 2601 englische,
889 2557 1067 2592 romische
1087 2568 1118 2591 u.
1136 2568 1161 2591 s.
1178 2568 1218 2591 w.
1238 2556 1378 2599 Kolleg‚
1406 2555 1561 2591 sondern
1588 2556 1705 2590 stellte
1735 2555 1828 2590 auch
1848 2555 1913 2591 das

186 2613 440 2648 Germanicum
468 2614 533 2648 auf
554 2614 633 2648 eine
659 2614 809 2658 festere,
835 2615 991 2649 breitere
1019 2614 1227 2658 Grundlage
1254 2612 1326 2648 und
1354 2612 1491 2648 stiftete
1516 2614 1582 2648 auf
1604 2613 1815 2648 deutschem
1843 2613 1912 2647 Bo-

187 2670 255 2704 den
282 2671 361 2706 eine
380 2672 521 2706 Anzahl
548 2683 613 2706 von
638 2672 667 2706 F
671 2673 869 2717 reiplatzen
896 2672 932 2707 in
959 2672 1027 2707 den
1054 2671 1248 2707 Convicten
1275 2671 1361 2705 oder
1381 2670 1606 2705 Seminarien
1633 2676 1739 2705 unter
1757 2670 1915 2714 Leitung

187 2728 251 2762 der
285 2728 527 2764 Gesellschaft
557 2729 667 2773 aesu,
703 2740 741 2765 so
774 2741 803 2764 z.
830 2730 870 2764 B.
904 2730 940 2764 in
966 2729 1101 2773 Fulda,
1128 2729 1256 2774 Wien,
1290 2729 1403 2773 Graz,
1439 2729 1620 2773 Dilingen.
1672 2728 1811 2772 Gregor
1835 2729 1912 2763 XV.

191 2787 447 2830 (1621-1623)
473 2787 544 2821 und
578 2787 699 2822 Urban
725 2787 822 2822 VIII.
855 2789 1111 2831 (1623—1644)
1143 2792 1261 2822 traten
1294 2787 1331 2820 in
1363 2786 1420 2821 die
1447 2786 1685 2830 Fussstapfen
1722 2786 1784 2821 des
1819 2786 1911 2821 drei-

185 2844 338 2879 zehnten
366 2844 515 2888 Gregor.

321 2955 513 2998 Muneris
556 2955 705 3009 hujus,
748 2956 862 3009 quod
895 2957 1104 2998 Dominus
1136 2956 1322 2998 humeris
1362 2956 1519 2998 nostris
1560 2956 1784 3011 imposuit,
1827 2968 1910 2997 non

186 3029 381 3082 exiguam
415 3042 489 3072 nec
522 3034 780 3084 postremam
801 3035 966 3085 partem
998 3044 1165 3084 semper
1196 3030 1392 3072 duximus
1416 3043 1560 3073 curam
1583 3031 1907 3073 seminariorum

325 3168 349 3209 ¹)
376 3166 451 3201 Das
476 3166 512 3201 in
540 3167 806 3202 suddeutschen
835 3169 962 3203 Gauen
989 3179 1026 3203 so
1053 3168 1207 3203 beliebte
1235 3167 1609 3203 Scheibenschiessen.
