2164 3535
270 235 323 276 86
901 229 1132 265 Schriftliche
1158 228 1370 272 Uebungen.

665 593 1149 648 Schriftliche
1204 591 1612 666 Uebungen.

762 739 837 787 De
875 738 1141 788 Scribendi
1179 741 1505 805 Argumento.

717 832 980 877 (Wagner,
1028 831 1247 867 Instructio
1290 841 1331 876 p.
1362 831 1552 876 11—16.)

408 938 631 992 Agendum
669 938 806 991 primo
845 937 896 979 de
935 936 1115 979 materia
1156 939 1525 992 argumentorum,
1569 936 1620 978 de
1661 938 1797 979 forma
1839 935 2001 978 deinde.

276 1014 458 1056 Materia
494 1013 703 1068 ejusmodi
741 1026 832 1055 esse
871 1012 1058 1067 debebit,
1100 1024 1209 1065 quae
1250 1012 1314 1053 vel
1355 1011 1409 1053 ad
1450 1024 1588 1054 mores
1630 1011 1895 1067 formandos,
1937 1011 2003 1054 vel

279 1090 333 1132 ad
365 1088 643 1132 eruditionem
677 1088 917 1142 appositum
949 1087 1051 1141 quid
1084 1087 1310 1129 contineat.
1362 1087 1495 1141 Vaga,
1529 1100 1576 1129 ac
1607 1087 1770 1143 frivola,
1803 1086 1854 1129 de
1877 1086 2002 1129 rebus

275 1165 396 1207 nihili
427 1164 595 1218 agentia
627 1163 836 1213 themata„
879 1166 922 1205 et
953 1166 1223 1205 externorum
1257 1162 1636 1204 obtrectationibus
1669 1162 1859 1215 exposita
1889 1163 2002 1217 sunt,

273 1243 315 1284 et
345 1241 494 1283 merito
527 1254 552 1282 a
584 1240 841 1290 Quintiliano
873 1239 1154 1293 Praeceptore
1186 1239 1345 1292 optimo
1379 1238 1762 1292 reprehenduntur.

409 1329 446 1369 2.
481 1327 575 1370 Etsi
598 1341 619 1370 e
641 1340 807 1369 morum
830 1330 870 1368 et
894 1326 1142 1368 eruditionis
1166 1325 1358 1369 doctrina
1380 1327 1585 1369 latissime
1608 1330 1781 1381 patente
1800 1325 2004 1379 Magister

272 1416 349 1457 pro
383 1403 593 1445 arbitratu
626 1415 703 1444 suo
737 1402 921 1455 deligere
950 1402 1103 1455 possit,
1146 1406 1373 1456 postquam
1411 1405 1553 1444 tamen
1592 1402 1721 1444 libelli
1759 1400 2002 1451 Historici¹)

271 1479 433 1521 inducti
464 1482 577 1530 sunt„
610 1491 658 1520 ex
692 1478 754 1520 his
787 1477 888 1531 ipsis
921 1477 1130 1520 scribendi
1153 1478 1374 1520 materiam
1399 1490 1566 1519 sumere
1594 1477 1808 1531 plerisque
1829 1477 2002 1531 placuit,

271 1567 365 1596 cum
396 1554 557 1608 sylvam
590 1553 915 1595 subministrent
948 1553 1217 1601 uberrimam„
1251 1553 1303 1595 ad
1337 1566 1464 1606 quam
1497 1566 1640 1595 omnes
1663 1553 1807 1594 Alvari
1830 1552 2003 1606 regulae

272 1629 424 1685 aptari,
456 1629 650 1682 exigique
682 1629 858 1682 possint.
922 1629 1009 1670 Nec
1041 1632 1182 1670 tamen
1206 1641 1352 1670 eorum
1375 1628 1619 1670 institutum
1642 1628 1788 1683 probo,
1812 1629 1884 1681 qui
1906 1628 2004 1670 inde

273 1705 325 1746 ab
357 1717 460 1747 suae
491 1704 705 1748 Historiae
736 1704 873 1757 prima
905 1703 1059 1758 pagina
1098 1703 1344 1745 continuato
1379 1706 1499 1745 textu
1531 1704 1720 1746 themata
1749 1703 2003 1757 producunt,

274 1792 335 1831 ac,
359 1779 472 1833 quod
493 1778 554 1835 fit,
578 1780 644 1821 vix
668 1784 865 1833 quartam
890 1779 1018 1822 libelli
1042 1783 1209 1833 partem
1232 1779 1500 1821 exhauriunt.
1544 1780 1787 1822 Praestabit
1807 1780 2003 1834 fortasse,

270 1855 382 1897 haud
423 1856 483 1897 ita
523 1869 567 1898 se
608 1856 802 1908 alligare,
856 1868 903 1897 ac
944 1855 1008 1897 vel
1051 1868 1176 1896 unam
1222 1855 1406 1908 aliquam
1448 1856 1663 1898 Historiae
1704 1856 1870 1908 partem
1910 1854 2005 1896 illu-

273 1931 491 1986 striorem,
534 1931 599 1973 vel
640 1931 783 1985 plures
826 1944 928 1985 prae
970 1930 1148 1972 caeteris
1193 1934 1236 1972 et
1278 1931 1630 1973 documentorum
1673 1930 1920 1985 moralium,
1963 1933 2005 1972 et

272 2006 521 2049 eruditionis
553 2005 779 2048 feraciores
811 2010 1087 2060 pertractare.

414 2096 449 2135 2.
499 2094 631 2136 Nemo
663 2098 803 2136 tamen
836 2093 900 2135 his
932 2106 977 2136 se
1007 2094 1067 2136 ita
1099 2094 1321 2136 astrictum
1359 2093 1590 2148 existimet,
1629 2093 1729 2146 quin
1770 2091 1853 2135 alia
1883 2092 2005 2135 utilia

279 2172 531 2222 argumenta
569 2169 790 2211 desumere
829 2169 975 2223 liceat,
1015 2169 1159 2222 qualia
1197 2182 1289 2211 esse
1327 2170 1525 2223 possunt:
1566 2168 1665 2210 Vita
1704 2167 1916 2211 Ciceronis
1955 2180 2004 2209 ex

278 2244 480 2292 Masenio„
509 2243 812 2299 Antiquitates7
842 2244 964 2286 Ritus
986 2246 1063 2286 cet.
1098 2244 1275 2286 Romani
1306 2257 1354 2286 ex
1378 2244 1583 2299 Cantelio⁷
1611 2244 1768 2298 Lipsio‚
1799 2243 2002 2296 Neuport.

278 2319 481 2372 Exempla
521 2319 718 2360 vitiorum
761 2322 802 2360 et
842 2319 1048 2360 virtutum
1091 2332 1139 2361 ex
1182 2319 1352 2361 monitis
1395 2319 1551 2373 Lipsii,
1594 2319 1764 2360 Valerio
1807 2318 2004 2373 Maximo,

279 2395 454 2436 Alvarez
488 2394 538 2435 de
560 2393 701 2449 Paz2)‚
733 2394 1033 2447 Rosignolio³)‚
1067 2394 1248 2436 Hortulo
1272 2394 1520 2445 Mariano4).
1582 2394 1644 2435 De
1667 2393 1899 2445 affectibus,
1931 2406 2005 2435 seu

278 2470 550 2512 Passionibus
583 2469 797 2511 variarum
831 2472 1020 2511 aetatum
1053 2471 1095 2511 et
1126 2470 1415 2512 conditionum
1448 2483 1469 2512 e
1491 2469 1727 2511 Rhetoricis
1750 2469 2004 2511 Aristotelis.

419 2628 446 2667 ¹)
475 2625 595 2669 Vergl.
623 2625 691 2659 den
719 2623 932 2660 Abschnitt:
961 2623 1178 2659 Geschichte
1197 2635 1242 2659 an
1260 2625 1329 2660 den
1349 2625 1567 2670 Gymnasien
1595 2626 1658 2659 der
1683 2629 1811 2659 osterr.
1842 2624 2006 2660 Provinz,

419 2696 448 2737 2)
473 2695 588 2729 Jacob
609 2693 760 2727 Alvarez
788 2692 830 2727 de
855 2692 928 2728 Paz
953 2694 986 2729 S.
1001 2694 1034 2728 J.
1062 2695 1211 2738 (Toledo
1241 2698 1338 2740 1560,
1368 2697 1465 2739 1578,
1496 2697 1608 2739 1620).
1654 2694 1713 2729 De
1741 2694 2007 2729 extermina-

281 2753 405 2788 tione
432 2753 604 2787 maliet
628 2753 907 2796 promotione
940 2754 1042 2789 boni
1075 2754 1181 2789 libri
1215 2754 1409 2798 quinque
1442 2754 1611 2798 Lugduni
1640 2757 1736 2789 1613.
1771 2756 1791 2788 2
1817 2753 1889 2797 vol;
1915 2752 2006 2788 viele

282 2811 487 2855 Ausgaben.

416 2881 444 2923 3)
471 2880 553 2915 Carl
580 2880 728 2923 Gregor.
754 2880 941 2924 Rosignoli
975 2881 1008 2915 S.
1035 2881 1069 2916 J.
1102 2881 1446 2925 (Burgo-Manero‚
1478 2884 1561 2916 1631
1591 2883 1613 2925 †
1643 2882 1758 2924 1707).
1801 2880 2007 2915 Panacea

283 2939 496 2973 adversus
522 2939 611 2973 tria
636 2939 880 2973 morborum
906 2950 1072 2983 genera
1095 2940 1289 2983 linguam
1316 2939 1594 2983 obscaenam,
1623 2938 2006 2973 conversationem

284 3007 460 3041 pravam
487 3002 528 3031 et
553 2996 886 3031 immoderatum
912 2997 1063 3032 lusum.
1116 2998 1302 3041 Augustae
1332 2998 1430 3032 1729.

419 3064 447 3108 4)
474 3065 518 3108 (Ρ)
544 3065 680 3100 Hortus
706 3065 893 3099 Marianus
920 3065 1142 3109 Symbolicus
1170 3065 1203 3100 S.
1232 3064 1438 3108 Scripturae
1466 3065 1599 3109 plantis
1635 3065 1795 3110 mysticis
1824 3065 2005 3109 Deiparae

284 3121 410 3165 elogiis
447 3122 643 3157 moralibus
674 3122 722 3156 LI
755 3122 1033 3157 allocutionibus
1071 3122 1229 3157 consitus
1270 3122 1421 3156 authore
1462 3122 1504 3156 R.
1538 3122 1576 3156 P.
1610 3121 1720 3157 Mich.
1756 3121 2004 3157 Pexenfelder.

285 3179 451 3223 Dilingae
480 3182 567 3215 1682
592 3181 646 3214 40.
674 3190 732 3224 pp.
759 3182 835 3215 546.
