2164 3535
742 208 924 254 Inspectio
951 209 1079 243 Semm.
1103 208 1247 244 Pontiff.
1277 210 1375 243 1601.
1839 211 1921 253 269

202 345 543 403 Pontificiorum,
575 359 657 388 non
690 347 825 388 solum
858 347 959 400 quia
990 347 1255 390 commissam
1295 346 1390 389 fidei
1423 350 1595 389 nostrae
1628 360 1652 389 a
1683 348 1782 390 sede
1814 349 1924 402 Apo-

200 421 350 463 stolica
379 422 638 475 provinciam
671 422 953 474 negligentius
976 422 1154 464 tractari
1177 421 1294 464 nefas
1317 425 1444 477 esset,
1477 434 1622 463 verum
1646 423 1774 464 etiam
1796 423 1923 476 quod,

199 497 234 538 si
271 497 459 538 >fructum
503 497 818 549 utilitatemque
860 497 1074 539 Ecclesiae
1121 500 1384 553 spectemus,
1433 509 1586 549 magna
1633 498 1799 538 omnino
1846 501 1924 552 est,

201 584 309 624 quae
341 584 390 613 ex
422 571 500 613 hac
532 572 781 614 idoneorum
812 572 1056 614 Dominioae
1089 573 1234 615 vineae
1267 573 1558 626 operariorum
1592 576 1708 614 recta
1740 574 1782 613 et
1811 571 1923 614 fideli

199 645 449 688 educatione
480 646 647 699 pendet.
707 671 752 676 —
808 646 948 697 Quare
978 648 1168 703 tametsi,
1212 660 1321 701 quae
1358 648 1400 689 in
1432 647 1552 690 nobis
1585 649 1727 701 erant,
1769 659 1844 700 pro
1878 660 1923 688 re

199 724 301 762 nata
331 733 549 773 nunquam
582 720 822 770 omisimus,
868 724 916 762 ut
945 733 1091 763 eorum
1125 722 1345 763 commoda
1376 722 1726 775 disciplinamque
1757 734 1923 774 promo-

199 808 407 849 veremus,
440 794 773 848 Superioresque
795 795 1130 850 Provinciarum,
1162 796 1203 836 in
1237 796 1391 848 quibus
1424 796 1651 838 seminaria
1682 800 1796 852 sunt,
1827 797 1925 838 hor-

197 869 277 911 tati
308 881 433 922 saepe
465 881 626 921 sumus,
658 872 707 911 ut
738 870 778 910 in
810 869 987 911 eandem
1021 882 1166 912 curam
1199 870 1425 922 diligenter
1456 871 1769 913 incumberent:
1802 872 1924 914 veriti

197 948 351 997 tamen,
384 957 436 986 ne
467 944 753 986 Provinciales
787 944 901 995 aliis,
935 944 1035 986 dum
1067 943 1255 998 Collegia
1286 945 1481 999 visitant,
1514 946 1694 997 negotiis
1727 946 1921 988 distracti

197 1019 481 1061 necessarium
515 1019 569 1060 ad
606 1019 928 1061 seminariorum
972 1019 1275 1073 inspectionem
1319 1020 1506 1061 studium
1551 1032 1716 1074 semper
1757 1015 1923 1063 adfer're

197 1106 279 1135 non
312 1094 540 1147 potuerint,
574 1098 616 1136 et
647 1094 760 1148 quod
794 1107 839 1136 re
871 1095 964 1148 ipsa
995 1095 1046 1137 de
1077 1095 1246 1136 illorum
1279 1098 1410 1150 statu,
1443 1108 1525 1137 non
1559 1108 1642 1148 qua
1675 1108 1780 1149 opus
1813 1100 1925 1138 esset

198 1171 241 1210 et
271 1181 356 1222 qua
388 1169 640 1222 optabamus
673 1169 906 1222 diligentia,
939 1170 1144 1223 scripturn
1176 1170 1382 1213 hactenus
1416 1170 1470 1212 ad
1503 1183 1579 1213 nos
1612 1171 1753 1223 fuerit,
1786 1174 1834 1213 ut
1866 1172 1924 1212 in-

198 1244 430 1286 commodis
464 1244 803 1300 defectibusque,
842 1245 914 1298 qui
946 1245 1148 1298 temporis
1181 1245 1303 1299 lapsu
1336 1245 1523 1299 irrepere
1554 1245 1710 1301 solent,
1740 1245 1925 1288 medere-

196 1331 308 1360 mur:
340 1319 577 1362 faciendum
611 1319 783 1361 tandem
816 1320 1073 1374 putavimus,
1106 1323 1168 1374 ut,
1202 1320 1315 1373 quod
1348 1320 1389 1361 in
1421 1319 1615 1362 domibus
1641 1319 1922 1373 Collegiisque

199 1393 423 1437 Societatis
454 1395 632 1437 feliciter
662 1395 740 1437 Dei
772 1393 972 1437 beneficio
1006 1395 1156 1449 cessit,
1198 1395 1460 1448 inspectores
1493 1395 1815 1437 seminariorum
1848 1408 1925 1448 per

197 1469 387 1521 singulas
430 1469 674 1512 Provincias
722 1469 1100 1525 constitueremus,
1143 1482 1324 1523 quorum
1366 1470 1446 1512 hae
1486 1472 1630 1523 partes
1672 1473 1819 1520 erunt,
1864 1474 1923 1526 ut,

197 1543 297 1585 dum
331 1545 500 1598 singula
531 1545 703 1599 obeunt,
736 1545 983 1587 universum
1016 1546 1221 1599 cujusque
1243 1549 1403 1588 statum
1432 1546 1556 1599 juxta
1587 1545 1922 1599 instructionem,

197 1631 306 1672 quae
338 1619 402 1662 his
434 1619 566 1662 literis
599 1620 862 1674 subjicietur,
896 1620 1064 1674 penitus
1097 1624 1367 1676 cognoscant,
1401 1624 1545 1663 errata
1577 1620 1816 1676 observent,
1849 1621 1923 1662 im-

196 1694 462 1748 pedimenta,
504 1695 539 1737 si
578 1708 688 1748 quae
729 1708 1002 1749 progressum
1044 1695 1288 1751 retardent,
1328 1698 1595 1750 removeant,
1638 1695 1923 1749 adhibitisque

197 1770 451 1822 opportunis
484 1770 681 1812 remediis
714 1770 767 1812 ad
801 1770 1110 1812 restituendam
1141 1770 1304 1824 praxim
1344 1770 1590 1823 regularum
1622 1773 1664 1812 et
1694 1770 1923 1812 ordinatio-

197 1857 313 1898 num,
346 1843 399 1885 ad
431 1857 506 1887 nos
539 1844 720 1898 denique
752 1848 995 1887 accuratam
1018 1845 1069 1887 de
1102 1844 1292 1900 singulis,
1326 1858 1435 1898 quae
1466 1845 1507 1886 in
1540 1848 1632 1887 tota
1664 1845 1922 1898 inspectione

199 1919 443 1974 cognorint,
486 1919 775 1974 observarint,
819 1919 1068 1973 corrigenda
1106 1919 1370 1974 censuerint,
1411 1919 1752 1961 informationem
1784 1923 1922 1960 trans-

196 1994 379 2036 mittant.
445 2019 495 2024 —-
558 1995 625 2037 Ita
657 1995 767 2037 enim
798 1994 891 2045 fiet,
933 1998 981 2036 ut
1013 1995 1182 2036 illorum
1225 1994 1368 2036 oculos
1407 1997 1450 2036 et
1488 1993 1748 2047 diligentiam
1787 2005 1923 2047 pauca

195 2068 416 2123 effugiant,
450 2074 492 2111 et
522 2082 619 2125 nos,
651 2069 728 2112 hoc
760 2082 867 2111 novo
902 2073 1055 2111 conatu
1088 2068 1322 2122 perfuncti,
1357 2069 1639 2111 conscientiae
1670 2068 1920 2121 munerique

196 2147 341 2186 nostro
372 2144 601 2197 impensius
633 2144 887 2186 satisfecisse
919 2143 1150 2186 videamur.

335 2219 402 2261 Ad
433 2219 735 2272 inspectionem
767 2231 866 2271 ergo
899 2218 1113 2260 seminarii
1145 2218 1391 2273 Fuldensis,
1435 2218 1548 2271 quod
1581 2218 1752 2260 unicum
1784 2222 1848 2260 est
1879 2217 1920 2259 in

197 2294 271 2336 Rae
297 2294 372 2336 Vae
401 2293 635 2346 Provincia,
668 2292 906 2345 designabit
936 2293 1043 2347 ipsa,
1077 2292 1172 2345 (hoc
1195 2292 1304 2335 enim
1328 2293 1418 2346 ejus
1441 2293 1692 2346 prudentiae
1725 2293 1922 2346 relinqui-

197 2371 308 2420 mus)
343 2381 467 2422 quem
499 2368 553 2409 ad
584 2368 627 2409 id
658 2380 811 2410 munus
843 2367 1041 2409 idoneum
1068 2367 1288 2420 judicabit.
1340 2367 1432 2409 Etsi
1464 2371 1606 2409 autem
1629 2368 1680 2409 de
1712 2368 1802 2421 ejus
1825 2366 1920 2419 fide,

198 2455 325 2496 quem
360 2443 535 2498 deliget,
576 2443 889 2497 prudentiaque
922 2447 964 2485 et
996 2443 1048 2485 ad
1082 2455 1169 2485 rem
1203 2441 1430 2496 gerendam
1474 2442 1684 2484 industria
1713 2431 1815 2484 nihil
1848 2443 1922 2484 du-

197 2517 346 2573 bitem,
389 2518 511 2571 cupio
548 2520 711 2572 tamen,
752 2520 800 2559 ut
830 2519 892 2560 Re
924 2519 1006 2572 Vs,
1048 2532 1142 2561 cum
1180 2519 1222 2560 id
1259 2519 1296 2561 ei
1328 2530 1420 2560 meo
1452 2519 1619 2560 nomine
1652 2518 1923 2561 denunciabit

197 2592 603 2645 instructionemque
633 2591 788 2647 tradet,
820 2605 941 2634 suam
974 2605 1142 2646 quoque
1175 2593 1512 2635 exhortationem
1546 2593 1698 2647 addat,
1731 2597 1772 2635 et
1803 2593 1922 2647 quid-

198 2666 300 2719 quid
331 2666 412 2709 erit
442 2666 626 2721 consilii,
667 2679 749 2720 quo
787 2667 929 2720 juvari
973 2679 1020 2709 ac
1059 2667 1184 2720 dirigi
1216 2680 1312 2709 eum
1342 2680 1467 2721 posse
1506 2669 1708 2721 cognorit.
1771 2668 1920 2710 Totam

199 2744 341 2783 autem
374 2741 697 2783 seminariorum
730 2753 903 2783 causam
935 2742 994 2784 sic
1027 2742 1166 2783 animo
1199 2755 1366 2796 semper
1398 2743 1723 2796 complectatur,
1769 2746 1811 2785 et
1842 2744 1919 2785 Re-

200 2815 410 2871 gentibus,
443 2816 513 2869 qui
546 2816 630 2857 illic
661 2820 888 2869 praesunt,
920 2816 980 2857 ita
1011 2816 1289 2871 commendet,
1321 2818 1369 2858 ut
1400 2817 1653 2871 meminerit,
1686 2817 1919 2871 proximam

199 2890 306 2932 hanc
337 2890 569 2933 secundum
601 2891 787 2943 Collegia
818 2893 964 2932 nostra
997 2903 1141 2932 curam
1174 2894 1216 2933 et
1247 2891 1573 2933 sollicitudinem
1607 2904 1712 2946 esse,
1746 2891 1918 2944 dignam

200 2977 256 3006 sc.
289 2965 430 3006 studio
462 2969 505 3007 et
535 2965 773 3019 vigilantia,
814 2977 941 3018 quam
973 2964 1098 3018 hujus
1132 2965 1313 3008 Sanctae
1345 2965 1464 3008 Sedis
1504 2966 1767 3019 auctoritati,
1809 2977 1919 3018 quae

201 3038 315 3080 illam
345 3039 465 3082 nobis
495 3040 709 3095 imposuit,
735 3041 832 3093 jure
864 3052 889 3081 a
919 3039 1039 3082 nobis
1072 3040 1215 3082 deberi
1245 3040 1466 3093 intelligat.
