2164 3535
704 210 978 253 Heranbildung
1004 209 1067 244 der
1091 208 1229 243 Lehrer
1257 211 1353 244 1622.
1806 212 1885 252 189

307 355 342 393 7.
386 352 576 404 Denique
609 354 786 393 conetur
817 350 969 392 fratres
1004 350 1083 391 sibi
1114 349 1358 391 commissos
1392 349 1588 401 religiosa
1619 362 1697 390 sua
1719 361 1889 390 conver-

171 428 334 469 satione
366 432 407 469 et
440 427 613 469 utilibus
646 426 824 467 subinde
857 425 1026 467 monitis
1065 424 1288 466 aedificare
1329 436 1485 476 eosque
1525 424 1565 464 in
1609 424 1761 476 spiritu
1794 436 1888 464 con-

170 514 353 553 servare,
388 506 434 543 ut
456 515 536 543 non
561 502 698 542 minus
722 502 759 541 in
786 500 1015 542 virtutibus
1040 513 1165 552 quam
1189 498 1374 540 honestis
1399 498 1629 551 disciplinis
1654 498 1886 550 proficiant.

312 901 367 950 B.
441 900 576 949 Ordo
616 900 896 949 studiorum
936 910 985 948 et
1024 899 1374 949 exercitiorum
1415 917 1504 964 pro
1546 899 1742 961 nostris,

168 993 253 1058 qui
298 994 361 1040 ad
398 992 672 1057 repetenda
711 992 878 1040 studia
917 992 1270 1039 humaniorum
1308 991 1567 1038 literarum
1606 991 1888 1039 mittuntur.

950 1084 1112 1137 (1622)

726 1223 1040 1264 Distributio
1080 1221 1336 1275 temporis.

307 1327 503 1379 (Mane.)
565 1327 681 1368 Hora
705 1329 741 1367 6.
776 1327 985 1368 matutina
1018 1328 1217 1378 repetunt
1249 1323 1579 1366 Grammaticam
1612 1335 1820 1375 graecam.

308 1413 423 1455 Hora
447 1416 483 1454 7.
530 1413 777 1466 scriptorem
821 1425 1018 1465 graecum
1062 1425 1086 1453 a
1127 1412 1345 1453 Praefecto
1390 1410 1699 1464 praescriptum
1749 1409 1894 1461 legunt

168 1488 335 1541 singula
366 1492 562 1530 accurate
595 1488 890 1541 expendentes.

306 1576 423 1616 Hora
446 1577 483 1617 8.
517 1588 592 1628 per
623 1575 876 1616 semihoram
909 1574 1105 1615 exercitio
1139 1573 1362 1627 corporali,
1396 1572 1545 1614 deinde
1577 1586 1651 1626 per
1679 1577 1765 1614 tres
1789 1585 1892 1625 qua-

170 1650 343 1692 drantes
376 1663 552 1701 graecae
584 1650 801 1703 scriptioni
836 1653 998 1691 vacant.

308 1737 484 1790 Reliquo
517 1741 706 1790 tempore
739 1750 873 1789 usque
906 1736 956 1777 ad
986 1737 1036 1777 lO
1068 1735 1119 1777 ad
1153 1735 1410 1777 academiam
1444 1734 1709 1783 conveniunt,
1744 1734 1783 1774 in
1808 1746 1892 1786 qua

170 1811 338 1864 quidem
380 1816 476 1854 ante
520 1812 743 1865 prandium
784 1824 949 1864 semper
991 1823 1163 1863 graeca,
1211 1813 1307 1863 post
1348 1809 1573 1863 prandium
1616 1821 1714 1850 vero
1763 1809 1890 1850 latina

169 1890 421 1929 tractantur.

308 1974 425 2016 Hora
459 1976 523 2016 10.
579 1976 886 2027 recognoscunt
932 1985 1041 2025 quae.
1088 1971 1420 2013 antemeridiano
1469 1975 1658 2024 tempore
1716 1970 1892 2022 legendo

171 2048 465 2102 audiendoque
499 2049 791 2091 observarunt.
1112 2038 1114 2042 ’

308 2136 429 2177 Post
460 2135 732 2177 meridiem.
783 2136 817 2176 A
841 2134 1113 2185 recreatione,
1146 2134 1264 2175 lectis
1298 2133 1452 2175 litaniis
1475 2132 1522 2173 B.
1553 2132 1746 2185 Virginis,
1776 2145 1894 2185 prae-

171 2213 293 2263 cepta
318 2209 630 2252 Grammaticae
662 2210 772 2263 (lat.)
806 2222 855 2250 ex
880 2208 1167 2256 Emmanuele,
1200 2212 1242 2249 et
1274 2221 1349 2249 suo
1382 2211 1571 2260 tempore
1595 2207 1844 2249 Rhetoricae
1875 2221 1897 2249 e

172 2284 382 2338 Cypriane
416 2284 564 2327 Soario
597 2288 802 2337 repetent.

311 2360 555 2410 Quadrante
587 2363 683 2413 post
714 2359 892 2412 primam
925 2359 1108 2400 habetur
1140 2362 1371 2399 conventus
1406 2357 1681 2398 academicus.

311 2447 430 2488 Hora
453 2448 489 2488 2.
540 2446 782 2489 Ciceronem
820 2446 966 2497 legunt
1004 2448 1132 2498 atque
1164 2457 1212 2485 ex
1245 2443 1314 2485 illo
1349 2444 1547 2485 collectas
1580 2443 1894 2485 observationes

173 2525 379 2563 annotant
412 2524 454 2563 et
487 2522 525 2563 in
560 2521 804 2564 adversaria
835 2523 1010 2574 ponunt.

310 2609 428 2650 Hora
449 2610 487 2649 3.
520 2621 595 2661 per
626 2608 878 2650 semihoram
908 2619 1059 2659 corpus
1082 2608 1291 2656 exercent,
1325 2605 1419 2646 inde
1444 2604 1496 2646 ad
1520 2605 1731 2646 Ciceronis
1754 2605 1895 2647 lectio-

174 2696 267 2724 nem
300 2683 480 2725 redeunt
511 2696 586 2736 per
616 2683 785 2733 horam,
818 2681 995 2723 subinde
1028 2694 1177 2723 rursus
1212 2681 1261 2732 ¹s2
1293 2680 1440 2722 horam
1475 2680 1821 2732 recognoscendis
1853 2684 1895 2721 et

174 2758 401 2800 memoriae
433 2757 683 2800 mandandis
716 2758 779 2813 iis»,
812 2770 920 2810 quae
952 2756 1148 2808 legerunt
1179 2759 1222 2798 et
1253 2756 1549 2809 observarunt,
1582 2756 1842 2808 impendunt.

312 2832 376 2874 Ab
398 2832 503 2875 hora
521 2834 558 2873 5.
590 2832 733 2874 stilum
757 2835 952 2874 exercent
972 2831 1148 2873 latinum
1171 2844 1246 2884 per
1268 2831 1453 2884 quinque
1470 2830 1598 2872 horae
1621 2830 1892 2884 quadrantes.

313 2907 471 2949 Diebus
502 2906 620 2949 festis
653 2910 695 2949 et
726 2907 880 2960 quibus
905 2910 1093 2962 vacatur,
1126 2906 1328 2959 poeticae,
1360 2906 1562 2948 historiae
1586 2909 1628 2946 et
1650 2904 1894 2957 antiquitati

175 2981 430 3035 (Archaeol.)
469 2982 703 3024 studebunt
733 2995 781 3024 ex
814 2981 1075 3035 praescripto
1107 2980 1334 3032 Praefecti,
1376 2981 1437 3022 ita
1467 2984 1629 3031 tamen,
1672 2982 1720 3020 ut
1751 2979 1894 3020 stilum

175 3057 215 3099 in
256 3057 489 3110 pangendis
522 3057 777 3099 carminibus
810 3057 1002 3110 gnaviter
1034 3059 1255 3098 exerceant
1286 3058 1346 3111 et,
1390 3068 1498 3108 qnae
1530 3055 1639 3096 inter
1671 3055 1895 3108 poeticum,

175 3132 423 3174 historicum
455 3135 498 3173 et
529 3132 759 3173 oratorium
792 3132 970 3186 intersit,
1003 3143 1253 3184 cognoscere
1285 3130 1497 3172 studeant.
