2164 3535
412 233 621 268 Beibericht
647 232 710 267 der
737 229 1163 266 Studien-Kommissiire
1190 239 1254 262 zur
1280 227 1320 261 R.
1349 233 1391 260 st.
1419 237 1485 260 von
1515 229 1612 261 1832.
1790 228 1871 269 489

287 374 336 416 N.
362 374 414 417 87
448 373 523 415 bis.
586 371 658 414 Ad
699 380 794 424 reg.
820 372 844 411 8
878 371 990 424 §lo
1054 369 1313 410 Immutatur
1354 364 1692 408 Ciceroniana
1729 377 1874 417 prae-

149 448 329 498 lectio,
371 448 471 501 quia
502 451 672 502 praeter
704 446 947 488 Ciceronem
981 444 1051 486 alii
1083 444 1209 486 etiam
1244 445 1438 485 auctores
1471 439 1796 494 praeleguntur,
1828 442 1876 480 ut

149 523 313 577 patebit
345 536 393 564 ex
424 522 535 564 infra
566 521 764 563 dicendis.

291 598 340 639 N.
365 597 436 640 88.
497 597 569 638 Ad
602 608 699 648 reg.
725 597 749 637 8
817 595 1076 637 adduntur
1109 594 1237 635 duae
1260 594 1323 647 ἕξ.
1377 592 1520 633 Prima
1551 590 1601 631 de
1634 587 1877 631 accessoriis

153 672 447 727 facultatibus,
481 672 637 726 altera,
676 675 744 725 ut,
783 671 816 712 si
857 669 1111 723 quandoque
1143 668 1354 709 habentur
1385 666 1553 708 scholae
1586 665 1878 711 elementares,

152 748 258 790 sciat
289 747 549 795 Praefectus,
583 746 751 788 easdem
785 758 888 789 suae
920 744 1163 798 vigilantiae
1197 755 1289 784 esse
1322 741 1580 784 commissas.

291 823 340 864 N.
365 823 440 866 89.
512 821 582 863 Ad
623 834 721 873 reg.
756 823 818 863 13.
892 819 1139 862 Immutatio
1179 817 1291 859 facta
1333 820 1418 871 est,
1459 816 1558 869 quia
1599 814 1756 856 mentio
1798 826 1879 855 non

156 897 326 939 videtur
357 910 448 939 esse
482 897 721 940 necessaria
754 896 804 938 de
837 895 1145 949 Compendio
1180 892 1434 948 Cypriani.

294 978 342 1019 N.
367 979 448 1022 90.
517 978 589 1019 Ad
635 990 731 1031 reg.
768 979 834 1019 29.
905 975 1243 1029 Expungendum
1292 976 1515 1016 censuerat
1561 972 1604 1013 P.
1639 972 1881 1024 Deputatus

157 1053 409 1095 Germaniae
454 1053 746 1095 »nobilibus
788 1052 989 1106 quidem
1032 1049 1430 1103 commodiora«,
1473 1050 1622 1101 utpote
1664 1045 1776 1099 quod
1819 1048 1884 1086 est

160 1128 412 1170 invidiosum
446 1129 602 1171 nostris
641 1127 903 1181 temporibus
936 1130 978 1169 et
1010 1127 1050 1168 in
1095 1126 1308 1180 plerisque
1340 1122 1580 1176 regionibus
1614 1121 1655 1162 in
1689 1133 1769 1162 usu
1801 1132 1883 1161 non

159 1208 243 1250 est:
278 1203 347 1245 alii
380 1206 523 1245 tamen
557 1215 701 1245 omnes
735 1202 1003 1244 retinendum
1036 1204 1257 1254 putarunt,
1290 1198 1364 1241 sed
1397 1210 1490 1240 cum
1524 1195 1734 1239 clausula:
1768 1194 1885 1237 »ubi

158 1279 260 1320 fert
290 1291 459 1320 usus«.

300 1354 348 1396 N.
375 1355 442 1397 9l.
512 1354 583 1395 Ad
632 1366 730 1406 reg.
764 1354 829 1394 31.
905 1352 1085 1394 Videtur
1136 1350 1331 1393 omnibus
1384 1347 1603 1390 addendus
1659 1358 1887 1388 consensus

161 1429 376 1482 Hectoris,
421 1442 503 1482 quo
549 1429 806 1482 dispensatio
839 1427 1082 1481 hujusmodi
1123 1425 1333 1468 difficilius
1375 1424 1638 1473 obtineatur;
1681 1421 1747 1462 vix
1779 1420 1887 1461 enim

163 1504 349 1546 dubitari
381 1508 540 1559 potest,
585 1503 685 1557 quin
718 1517 767 1546 ex
805 1504 1009 1545 facilitate
1041 1502 1191 1544 harum
1236 1499 1600 1554 dispensationum
1634 1495 1889 1550 provenerit,

163 1580 275 1633 quod
307 1580 348 1621 in
392 1579 602 1633 aliquibus
635 1579 867 1621 Provinciis
900 1579 1069 1630 linguae
1109 1589 1287 1630 graecae
1319 1574 1509 1617 studium
1541 1572 1772 1625 languerit,
1817 1573 1892 1612 aut

163 1655 286 1708 plane
318 1656 499 1709 perierit.

303 1731 352 1772 N.
377 1732 451 1774 92.
514 1731 586 1772 Ad
620 1744 718 1784 reg.
745 1733 811 1772 32.
874 1731 1043 1772 Mutata
1076 1741 1153 1770 vox
1200 1730 1560 1769 »menstruae«
1595 1723 1635 1764 in
1680 1721 1893 1764 »solem-

167 1806 394 1859 niores«,
426 1819 477 1848 ne
509 1806 669 1848 scilicet
700 1805 977 1859 frequentiori
1011 1802 1282 1846 conveniendi
1316 1800 1609 1851 necessitate1)
1644 1797 1745 1840 ordo
1776 1796 1894 1839 scho-

168 1881 319 1937 larum,
351 1881 534 1923 maxime
567 1881 857 1935 Superiorum,
889 1880 1099 1922 turbetur.

306 1957 356 1998 N.
380 1957 439 2000 92
481 1956 555 1999 bis.
620 1957 679 1999 ad
720 1970 817 2010 reg.
849 1958 916 1998 34.
967 1981 1016 1986 -
1062 1959 1109 1998 19
1145 1954 1385 1997 Distributa
1428 1950 1575 2003 regula
1615 1950 1657 1990 in
1697 1952 1784 1990 tres
1817 1948 1895 2001 ἐξ..

172 2045 355 2086 quarum
378 2033 487 2075 duae
510 2033 670 2087 primae
697 2034 920 2087 explicant,
962 2032 1033 2086 qui
1057 2031 1201 2073 subire
1224 2029 1355 2084 possit
1390 2026 1618 2081 specimina
1641 2023 1821 2078 publica.
1855 2026 1895 2064 et

173 2120 256 2161 quo
290 2112 500 2161 apparatu
534 2108 681 2151 eadem
714 2108 839 2162 sint2)
874 2107 1120 2150 exhibenda.
1185 2107 1379 2156 Quantae
1412 2101 1611 2144 utilitatis
1644 2101 1743 2154 sint,
1777 2098 1899 2140 docet

181 2183 454 2236 experientia,
486 2196 570 2236 qua
596 2184 685 2237 jam
718 2184 758 2225 in
793 2184 987 2226 omnibus
1018 2184 1106 2225 fere
1139 2181 1363 2236 provinciis
1396 2181 1565 2231 recepta
1596 2178 1707 2218 sunt.
1757 2172 1900 2215 Tertia

174 2258 342 2300 demum
375 2260 398 2313 ξ
431 2259 618 2301 continet
650 2259 868 2312 antiquam
903 2258 1107 2311 regulam.

313 2334 362 2376 N.
393 2335 466 2378 93.
542 2334 613 2376 Ad
662 2347 759 2387 reg.
796 2336 862 2375 38.
940 2334 987 2375 In
1040 2333 1183 2374 multis
1234 2329 1477 2383 regionibus
1530 2326 1782 2368 invidiosum
1836 2327 1901 2365 est

178 2410 564 2452 »Correctoris«
599 2423 749 2451 nomen
783 2413 825 2451 et
855 2408 1050 2451 officium.
1115 2408 1221 2450 Cum
1254 2418 1352 2448 vero
1387 2402 1654 2446 retinendum
1688 2399 1898 2442 censueri-

176 2499 292 2541 mus,
334 2485 434 2539 quia
464 2486 504 2527 in
548 2485 801 2539 quibusdam
844 2484 1012 2527 casibus
1044 2483 1165 2537 quasi
1208 2482 1379 2524 unicum
1420 2482 1616 2532 superest
1655 2474 1902 2525 remedium,

178 2560 457 2614 expungenda
497 2560 768 2603 nihilominus
811 2563 1011 2613 putamus
1062 2571 1181 2612 »per
1223 2557 1442 2609 aliquem
1487 2567 1542 2594 ex
1584 2551 1709 2605 ipsis
1753 2549 1904 2592 Scho-

179 2636 445 2681 lasticis«:
487 2635 751 2677 intolerabile
785 2635 894 2677 enim
926 2638 1037 2677 esset
1079 2631 1321 2687 hujusmodi
1354 2628 1613 2673 Scholastico
1647 2627 1687 2668 in
1730 2624 1903 2676 collegio

179 2724 463 2765 perseverare.

318 2786 368 2828 N.
393 2787 468 2830 94.
529 2785 599 2827 Ad
632 2798 727 2837 reg.
754 2786 819 2826 39.
883 2784 1082 2834 Quamvis
1126 2795 1276 2824 nomen
1318 2781 1401 2822 imo
1434 2784 1474 2820 et
1519 2777 1699 2819 officium
1734 2775 1905 2817 C-orrec-

183 2862 287 2904 toris
310 2861 598 2903 censuerimus
631 2859 912 2908 retinendum,
946 2858 1113 2899 videtur
1135 2862 1274 2898 tamen
1309 2855 1530 2908 plagarum
1564 2852 1724 2894 directa
1748 2849 1904 2891 mentio

188 2951 271 2980 non
305 2951 396 2980 esse
436 2937 648 2991 facienda,
690 2935 869 2977 maxime
912 2946 1007 2975 cum
1046 2932 1191 2974 eadem
1233 2929 1509 2972 interdicendi
1552 2925 1758 2980 gymnasii
1799 2923 1904 2965 ratio

187 3013 328 3055 valeat
361 3013 487 3054 etiam
519 3024 596 3065 pro
629 3011 693 3062 iis,
726 3010 796 3063 qui
831 3009 1067 3062 praefracte
1100 3007 1202 3048 alias
1235 3018 1392 3059 poenas
1427 3004 1682 3045 recusarent.

327 3174 354 3216 ¹)
380 3171 464 3207 Cod.
492 3182 524 3205 n.
555 3170 803 3205 »necessit-affl⁴
1014 3168 1042 3208 2)
1069 3166 1153 3200 Cod.
1180 3177 1213 3199 n.
1244 3170 1379 3199 »sunt«.
