2164 3535
714 182 989 226 Heranbildung
1014 182 1077 217 der
1101 181 1239 216 Lehrer
1266 183 1363 215 1622.
1814 183 1894 224 231

181 323 345 366 dicendi
386 323 608 377 magister,
648 323 831 376 optimus
874 326 1013 364 autem
1057 323 1177 363 extra
1207 318 1538 362 controversiam
1571 317 1755 360 omnium
1788 321 1900 361 recte

181 398 452 441 sentientium
485 397 646 440 Tullius
679 400 755 439 est.

316 483 545 526 Imitatio
591 482 744 536 duplex
785 485 867 535 est,
915 494 1000 524 una
1040 481 1264 523 verborum
1305 484 1348 523 et
1389 479 1510 535 styli,
1559 480 1694 522 altera
1736 483 1901 523 senten-

181 559 333 601 tiarum
367 571 414 601 ac
445 571 598 600 rerum.
662 557 784 599 Prior
815 558 855 598 in
890 557 1092 610 puerilem
1125 569 1155 599 s.
1191 569 1359 611 eorum,
1402 556 1473 609 qui
1505 554 1732 609 incipiunt,
1775 558 1818 597 et
1859 555 1898 596 in

172 633 400 686 juvenilem
442 645 473 674 s.
518 645 685 687 eorum,
734 632 807 685 qui
844 632 935 685 jam
980 631 1120 685 aliquo
1160 644 1294 685 usque
1336 631 1547 685 progressi
1590 632 1713 680 sunt,
1766 630 1899 673 secari

190 710 329 750 Jotest.

178 721 191 761 l
314 781 534 824 Puerilis
577 782 658 824 erit
702 784 751 824 19
795 782 829 824 si
875 782 1096 835 epistolam
1146 781 1330 834 aliquam
1372 781 1582 823 Ciceronis
1630 780 1810 834 accipias
1857 784 1900 822 et

177 855 312 910 primo
353 856 577 898 verborum
618 857 922 910 nominumque
964 856 1005 898 in
1045 869 1094 898 ea
1133 858 1270 898 mutes
1303 868 1545 905 numerum„
1586 868 1662 909 pro
1694 854 1898 908 singulari

180 931 399 987 pluralem,
430 944 507 985 pro
530 931 716 974 secunda
738 944 919 985 persona
941 931 1055 974 verbi
1091 931 1268 984 primam
1302 930 1365 972 vel
1397 930 1624 972 secundam
1658 930 1845 982 [tertiam
1859 928 1896 985 ‘31

177 1005 413 1049 substituas
445 1006 486 1048 in
519 1007 743 1049 vernaculo
777 1006 982 1058 themate,
1014 1020 1051 1048 v.
1089 1018 1122 1048 c.
1156 1006 1190 1048 si
1222 1006 1358 1061 vales,
1391 1005 1496 1048 bene
1528 1007 1611 1060 est,
1654 1017 1730 1057 ego
1763 1018 1821 1046 v.:
1862 1004 1896 1047 si

176 1081 338 1137 valetis,
370 1081 476 1124 bene
506 1085 584 1137 est,
616 1094 690 1124 nos
724 1095 760 1123 v.
823 1081 941 1124 Idem
973 1082 1014 1123 in
1048 1081 1143 1123 aliis
1176 1080 1462 1123 accidentibus
1484 1080 1671 1134 partium
1693 1079 1894 1122 orationis

174 1156 264 1199 fieri
302 1159 443 1210 potest
482 1168 613 1210 parvo
655 1169 750 1198 cum
792 1156 937 1199 labore
979 1169 1209 1210 puerorum
1251 1159 1293 1198 et
1324 1155 1447 1198 simul
1480 1155 1699 1209 voluptate
1731 1138 1897 1209 compo-

173 1231 298 1274 nendi
330 1231 556 1285 studioque
588 1231 800 1273 Ciceronis
836 1231 1064 1274 lectitandi.

311 1320 361 1360 29
397 1317 440 1360 si
479 1317 532 1359 ad
564 1317 860 1360 Ciceronianas
904 1330 1025 1360 voces
1059 1316 1269 1371 adjungas
1302 1316 1406 1359 alias
1438 1316 1645 1370 quasdam
1678 1316 1821 1360 faciles
1854 1320 1896 1359 et

176 1392 421 1446 quotidiano
454 1405 534 1435 usu
566 1392 777 1444 terendas,
811 1395 858 1435 ut
889 1393 924 1435 si
956 1392 1091 1435 dicas:
1123 1391 1159 1434 si
1181 1396 1316 1448 pater,
1348 1394 1497 1443 mater,
1529 1390 1697 1447 fratres,
1729 1404 1895 1435 sorores

173 1471 214 1510 et
246 1471 292 1510 tu
324 1468 460 1522 vales,
492 1467 530 1510 b.
565 1480 619 1518 e.‚
652 1480 728 1510 nec
759 1472 823 1510 est
855 1467 968 1521 quod
1003 1467 1202 1510 libentius
1236 1467 1425 1512 audiam:
1468 1479 1544 1520 ego
1577 1469 1619 1509 et
1650 1479 1793 1510 omnes
1825 1467 1895 1508 alii

172 1543 213 1584 in
246 1542 367 1584 domo
401 1543 603 1587 valemus.
669 1543 731 1585 Eo
763 1546 942 1599 spectat,
974 1544 1008 1585 si
1040 1556 1115 1597 pro
1148 1556 1248 1586 voce
1280 1543 1476 1596 generica
1508 1543 1573 1585 vel
1604 1546 1742 1585 totum
1769 1542 1895 1596 signi-

172 1618 324 1661 ficante
363 1619 476 1672 apud
518 1618 759 1661 Ciceronem
802 1619 843 1661 111
883 1621 1132 1672 argumento
1179 1619 1338 1673 species
1385 1618 1597 1672 subjectas
1639 1617 1704 1660 vel
1750 1621 1894 1672 partes

171 1706 402 1737 recenseas.

307 1782 359 1824 39
393 1779 437 1822 Si
469 1792 490 1822 e
521 1779 710 1833 longiore
742 1779 914 1833 periodo
948 1779 1143 1822 Tulliana
1176 1792 1337 1823 reseces
1370 1779 1579 1833 quaedam
1610 1779 1780 1822 brevius
1804 1791 1890 1821 rem

171 1855 383 1911 dicturUS,
425 1858 473 1896 ut
513 1868 619 1908 puer
659 1867 752 1897 cum
786 1854 988 1909 judiciolo
1022 1855 1175 1897 debeat
1206 1855 1383 1909 seligere
1415 1856 1469 1898 ad
1501 1867 1589 1897 rem
1620 1854 1817 1897 facientia
1849 1858 1892 1897 et

172 1930 392 1973 attendere
423 1929 477 1972 ad
507 1929 833 1983 significationes
866 1942 1029 1985 vocum,
1062 1943 1145 1984 quo
1177 1930 1334 1987 videat,
1368 1943 1476 1984 quae
1507 1931 1592 1973 sint
1624 1930 1788 1974 omissa.

306 2020 358 2060 49
400 2016 443 2059 Si
485 2016 674 2059 ordinem
706 2016 931 2059 verborum
963 2019 1169 2073 invertas,
1213 2030 1306 2060 cum
1338 2030 1420 2060 non
1453 2020 1664 2071 repugnat
1695 2020 1890 2071 naturae,

174 2096 224 2135 ut
254 2096 297 2136 et
331 2105 407 2146 ego
439 2104 540 2135 sane
572 2093 690 2135 valeo
723 2092 862 2134 animo
895 2098 938 2134 et
969 2105 1157 2148 corpore,
1190 2093 1224 2135 si
1257 2096 1299 2136 et
1330 2097 1376 2135 tu
1409 2093 1534 2135 vales.

306 2180 553 2223 Iuvenilis
595 2180 676 2222 erit
716 2182 765 2222 19
798 2180 832 2222 si
873 2180 1156 2232 germanicam
1191 2180 1404 2223 Ciceronis
1443 2179 1667 2233 epistolam
1704 2178 1889 2221 nondum

171 2255 421 2309 explicatam
463 2259 538 2298 aut
579 2255 710 2297 visam
751 2254 904 2297 reddat
941 2255 1071 2297 latine
1110 2268 1186 2297 suo
1219 2259 1354 2297 marte
1387 2267 1513 2308 quain
1546 2256 1687 2308 potest
1718 2254 1888 2308 optime,

169 2330 465 2383 redditamque
497 2342 591 2372 cum
624 2330 758 2372 latina
789 2329 1003 2372 Ciceronis
1036 2329 1244 2383 conferat,
1277 2333 1325 2371 ut
1356 2329 1517 2384 videat,
1548 2332 1754 2383 quantum
1789 2342 1889 2372 aera

168 2405 323 2460 lupinis
355 2405 525 2447 distent.

306 2494 357 2535 '29
398 2492 441 2534 Si
472 2492 695 2546 epistolam
729 2491 941 2534 Ciceronis
974 2491 1150 2533 latinam
1182 2491 1318 2533 variet
1348 2491 1497 2546 semel,
1541 2491 1715 2546 iterum,
1748 2491 1888 2547 tertio,

170 2568 339 2611 aliunde
371 2581 396 2610 a
427 2568 628 2610 Cicerone
660 2567 802 2621 petitis
836 2567 987 2609 verbis.

305 2657 358 2698 39
397 2655 539 2698 Etiam
573 2655 867 2698 declinandum
901 2655 1015 2697 aliud
1047 2655 1189 2698 thema
1222 2655 1274 2698 ad
1307 2655 1566 2697 contrarium
1598 2666 1788 2705 sensum,
1821 2657 1885 2696 ut:

168 2732 202 2774 si
234 2735 281 2774 tu
313 2735 521 2786 aegroteS,
552 2731 661 2773 male
692 2734 767 2773 est.

304 2808 357 2849 49
396 2806 647 2848 Abeundum
688 2806 943 2859 quandoque
989 2805 1042 2847 ad
1083 2805 1260 2848 similem
1301 2805 1380 2861 illi,
1424 2805 1474 2848 de
1513 2818 1597 2859 qua
1634 2806 1674 2847 in
1707 2805 1885 2858 epistola

167 2882 229 2924 vel
270 2882 455 2925 carmine
495 2882 654 2937 agitur,
694 2883 930 2925 materiam.
994 2881 1162 2924 Laudat
1199 2881 1271 2924 illa
1302 2881 1567 2936 Pompeium,
1608 2884 1651 2922 et
1682 2884 1728 2922 tu
1759 2880 1886 2922 lauda

170 2956 380 3000 Carolum.

305 3034 356 3073 55³
398 3031 585 3074 Imitatio
628 3032 955 3075 circumstantiis
995 3034 1038 3073 et
1079 3031 1364 3075 accidentibus
1408 3031 1608 3074 orationis
1656 3033 1796 3084 potest
1843 3033 1886 3073 et

169 3106 283 3148 aliud
312 3119 444 3160 genus
476 3106 680 3161 epistolae
712 3120 943 3162 assumere,
976 3109 1141 3150 retenta
1168 3110 1309 3150 tamen
1332 3106 1475 3162 phrasi
1499 3105 1785 3155 Ciceroniana,
1820 3105 1884 3147 vel
