2164 3535
437 251 646 286 Beibericht
671 251 734 286 der
760 249 1184 286 Studien-Kommissare
1209 258 1274 282 zur
1298 247 1340 282 R.
1367 252 1410 281 st.
1437 257 1504 281 von
1534 249 1630 282 1832.
1809 250 1892 290 479

738 519 999 584 Regulae
1046 517 1325 565 Rectoris.

312 647 360 689 N.
385 648 455 690 35.
516 646 587 688 Ad
619 659 714 700 reg.
741 647 777 687 6.
840 646 964 687 Ratio
997 644 1224 686 additionis
1257 643 1387 684 allata
1417 644 1482 684 est
1511 653 1550 682 n.
1576 642 1600 682 9
1633 640 1716 696 §4

311 722 361 764 N.
385 723 459 766 36.
520 721 591 763 Ad
623 734 720 774 reg.
748 722 800 763 10
827 725 867 763 et
900 723 964 762 11.
999 744 1048 749 -
1088 722 1135 762 19
1166 719 1398 760 Immutata
1431 729 1510 758 vox
1544 715 1820 758 »Rhetoricae
1851 717 1894 756 et

174 797 462 839 Humanitatis
503 796 745 839 auditores«
780 799 858 838 etc.
901 809 951 837 ex
992 794 1175 837 editione
1213 793 1427 846 Pragensi.
1492 795 1543 834 29
1583 791 1807 845 Additum,
1849 793 1898 831 ut

176 872 322 914 Nostri
363 872 547 914 habeant
578 871 802 913 Orationes
844 873 886 912 et
926 872 1120 923 poemata
1160 869 1289 910 etiam
1321 868 1567 921 vernacula,
1610 866 1753 919 magni
1787 865 1897 907 enim

174 947 364 1002 interest,
397 950 445 987 ut
476 947 620 988 Nostri
652 947 757 988 bene
788 945 1068 987 instituantur
1098 944 1140 985 in
1172 943 1316 995 lingua
1348 943 1599 997 vernacula,
1631 954 1758 995 quam
1790 941 1894 982 alios

177 1022 268 1064 dein
290 1022 440 1064 docere
464 1021 628 1064 debent.
663 1023 861 1063 Attamen
878 1020 957 1061 PP.
977 1018 1181 1072 Deputati
1199 1018 1361 1060 Galliae
1385 1021 1426 1059 et
1443 1017 1693 1059 Germaniae
1711 1016 1898 1071 mallent,

175 1110 257 1139 non
299 1096 388 1139 fieri
429 1109 671 1149 expressam
710 1096 966 1138 mentionem
1007 1094 1057 1135 de
1099 1095 1292 1147 poemate
1326 1093 1550 1134 vernaculo
1583 1096 1758 1145 propter
1789 1091 1895 1144 peri-

175 1173 329 1227 culum,
362 1172 475 1225 quod
506 1173 615 1214 inest
646 1172 761 1225 poesi
793 1170 974 1224 vulgari3
1009 1182 1141 1223 quare
1169 1169 1334 1221 vellent,
1366 1168 1414 1209 ut
1436 1170 1641 1221 ponatur:
1678 1167 1899 1209 »exerci-

175 1247 398 1289 tationes
430 1247 583 1301 latine,
626 1258 776 1299 graece
806 1249 849 1287 et
879 1244 1143 1286 vernacule«.
1210 1267 1258 1272 —
1322 1242 1403 1284 Alii
1442 1244 1589 1284 contra
1621 1241 1891 1296 respondent,

175 1323 335 1364 nullum
367 1322 433 1364 hic
465 1322 639 1364 subesse
671 1321 918 1376 periculum,
951 1333 1045 1362 cum
1078 1322 1231 1371 agatur
1263 1318 1313 1360 de
1346 1318 1566 1370 nostris,
1599 1318 1671 1371 qui
1694 1317 1892 1359 continuo

175 1400 275 1439 sunt
306 1397 384 1438 sub
419 1397 549 1438 oculis
583 1397 649 1439 sui
681 1396 873 1451 Magistri
906 1399 947 1437 et
980 1394 1268 1447 Superiorum.

315 1473 364 1514 N.
387 1473 573 1516 37—39.
634 1471 704 1513 Ad
727 1484 823 1524 reg.
852 1471 914 1512 13.
948 1495 997 1500 —-
1030 1473 1080 1512 19
1115 1469 1270 1511 Omnes
1298 1469 1566 1511 consentiunt
1587 1468 1830 1521 tragoedias
1859 1472 1901 1510 et

177 1548 428 1603 comoedias,
461 1551 588 1601 prout
610 1560 719 1589 nunc
746 1547 1009 1598 exhibentur,
1042 1558 1193 1600 parum
1217 1545 1372 1587 habere
1395 1544 1604 1594 utilitatis,
1636 1556 1712 1585 nec
1735 1556 1900 1597 semper

177 1624 364 1676 periculo
408 1636 564 1665 carere.
628 1622 737 1665 Sunt
778 1627 918 1664 tamen
962 1621 1177 1675 regiones,
1219 1621 1258 1661 in
1293 1619 1446 1673 quibus
1479 1619 1638 1672 absque
1671 1618 1897 1661 offensione

175 1697 344 1751 publica
375 1698 533 1740 aboleri
566 1711 647 1740 non
679 1700 872 1751 possent:
915 1697 1035 1751 proin
1068 1708 1269 1738 censuere
1303 1707 1447 1736 omnes
1480 1707 1561 1735 non
1594 1694 1761 1747 penitus
1806 1706 1897 1736 esse

178 1773 396 1814 tollendas.
459 1775 512 1816 29
549 1774 610 1814 ΕΟ
652 1774 764 1827 ipso,
807 1772 920 1825 quod
964 1772 1146 1813 debeant
1187 1770 1392 1823 exhiberi,
1434 1769 1588 1811 debent
1626 1768 1717 1810 fieri
1754 1769 1898 1822 lingua

178 1848 426 1899 vernacula,
469 1849 655 1902 alioquin
694 1849 735 1889 in
777 1848 918 1889 odium
958 1847 1197 1889 abolitionis
1229 1845 1463 1887 incidimus.
1527 1846 1581 1886 39
1614 1843 1898 1886 Indicavimus

177 1923 280 1965 alias
314 1923 635 1965 exercitationes
667 1923 801 1976 magis
833 1923 958 1964 utiles
991 1925 1034 1964 et
1066 1925 1338 1975 opportunas.
1401 1922 1453 1962 49
1489 1919 1758 1974 Clausulam,
1791 1933 1900 1973 quae

177 1999 219 2039 in
250 1997 331 2040 fine
363 1999 579 2052 sequentis
611 1999 783 2052 regulae
806 1998 934 2053 venit,
966 1997 1047 2039 huc
1079 1997 1389 2049 transtulimus,
1422 1996 1542 2048 quasi
1573 1995 1615 2036 in
1641 1995 1783 2037 sedem
1806 2008 1901 2048 pro-

177 2074 324 2127 priam.
378 2074 562 2115 Notetur
591 2074 633 2115 in
665 2073 943 2127 pragensibus
975 2072 1229 2115 editionibus
1251 2072 1332 2124 legi
1365 2083 1572 2124 moram,
1604 2084 1685 2113 non
1718 2082 1896 2125 morum,

179 2148 293 2201 quod
325 2152 466 2190 tamen
499 2150 710 2202 posterius
743 2149 957 2191 meliorem
989 2161 1161 2191 sensum
1192 2147 1330 2189 facere
1362 2147 1541 2189 videtur.

315 2223 364 2264 N.
388 2225 466 2267 40.
529 2224 600 2265 Ad
640 2237 737 2276 reg.
772 2226 836 2265 14.
907 2223 1134 2265 Omisimus
1177 2223 1458 2264 conditionem
1503 2221 1671 2262 »modo
1714 2220 1762 2261 id
1803 2220 1900 2262 fiat

179 2302 381 2352 sumptu
429 2299 686 2341 clarorum
732 2300 1009 2341 hominum«
1059 2303 1263 2352 tanquam
1309 2297 1522 2351 inutilem,
1579 2308 1673 2338 cum
1722 2309 1771 2337 ex
1817 2308 1898 2336 usu

178 2374 366 2426 praemia
399 2374 555 2427 ubique
586 2375 910 2416 distribuantur.

316 2450 367 2491 N.
390 2451 457 2494 41.
519 2450 588 2491 Ad
620 2462 722 2503 reg.
750 2451 814 2492 18.
880 2453 929 2492 19
960 2448 1131 2490 Additio
1172 2448 1285 2489 facta
1325 2450 1390 2489 est
1422 2447 1475 2488 ad
1506 2445 1736 2488 tollendam
1768 2445 1897 2487 ambi-

180 2524 398 2579 guitatem,
433 2525 528 2577 quis
560 2525 615 2567 sit-
645 2528 864 2578 uterque
901 2524 989 2565 ille
1028 2524 1339 2564 Praefectus.
1403 2523 1455 2563 29
1488 2521 1550 2562 De
1583 2521 1899 2562 consultationi-

179 2599 258 2641 bus
297 2599 589 2641 Professorum
632 2599 882 2641 Scholarum
922 2599 1208 2652 superiorum,
1261 2601 1308 2639 ut
1349 2597 1404 2638 sit
1450 2597 1585 2649 major
1631 2596 1897 2637 uniformitas

181 2674 397 2715 doctrinae
428 2660 683 2727 interipsos
716 2677 758 2716 et
788 2674 965 2716 invicem
997 2671 1077 2729 [se]
1111 2672 1375 2726 coadjuvent.

317 2749 367 2790 N.
390 2751 466 2794 42.
526 2749 599 2790 Ad
630 2761 727 2801 reg.
753 2751 818 2790 21.
882 2748 1053 2790 Additio
1091 2748 1258 2789 videtur
1289 2746 1551 2802 necessaria,
1593 2750 1636 2787 et
1667 2746 1775 2788 ratio
1808 2747 1897 2799 ers

182 2823 222 2865 in
254 2823 346 2877 ipsa
380 2824 529 2877 regula
561 2827 626 2866 est
655 2823 852 2865 indicata.
902 2848 951 2853 —
1000 2823 1140 2864 Verba
1171 2826 1380 2876 expuncta
1410 2822 1451 2863 in
1482 2822 1685 2874 Pragensi
1717 2821 1899 2863 editione

182 2911 263 2940 non
296 2899 505 2952 leguntur.
