2164 3535
335 177 623 213 Oberdeutscher
648 176 920 220 Lektionsplan.
949 197 990 201 —
1018 177 1324 213 Oberrheinische
1351 179 1654 214 Klassenbucher.
1807 183 1859 223 39

139 321 205 362 vel
252 333 302 362 ex
340 318 596 373 Compendio
636 318 823 361 Graecae
862 319 1173 362 Grammaticae
1223 319 1336 361 edito
1384 319 1562 362 antehac
1610 332 1645 361 a.
1687 321 1731 362 P.
1765 320 1856 363 dac.

139 396 303 450 Bayero
318 397 348 448 ¹)
391 408 438 437 ac
475 395 668 448 Dilingae
709 395 845 437 denuo
889 407 1040 438 excuso
1083 398 1275 449 repetere
1318 398 1466 451 atque,
1509 395 1581 437 ubi
1624 408 1727 449 opus
1768 395 1861 447 erit,

140 470 356 525 discipulis
389 470 560 512 dictare.

281 563 344 604 Ex
377 562 641 605 Catechismo
682 575 815 616 parvo
858 563 959 604 Ven.
994 563 1037 604 P.
1070 563 1184 605 Petri
1224 562 1380 605 Canisii
1422 562 1504 604 duo
1549 563 1687 617 capita
1725 563 1861 616 prima

141 638 487 692 explicabuntur,
520 637 674 689 quibus
714 636 886 679 accedet
917 637 1138 690 explicatio
1171 637 1391 691 Evangelii
1424 638 1575 680 Latini.
1642 637 1859 692 (Consuet.

137 713 258 755 Prov.
292 725 325 754 c.
351 713 388 753 6.
422 725 460 754 n.
487 714 509 752 7
543 714 586 753 et
617 713 673 757 8.)

279 805 341 846 Ex
373 804 638 846 Rudimentis
662 803 887 845 Historicis
921 807 1163 846 assumetur
1196 805 1444 858 opusculum
1475 806 1671 861 primum,
1704 806 1745 848 in
1778 818 1860 860 quo

140 892 262 922 sacra
293 879 559 933 potissimum
592 878 778 920 traditur
807 878 996 921 historia.
1058 878 1175 931 (Ord.
1209 878 1310 933 Sup.
1344 883 1455 932 nov.)

275 972 337 1015 Ex
370 971 593 1014 Amalthea
632 970 883 1013 Germanica
926 974 967 1013 et
999 971 1152 1013 Latina
1195 972 1318 1014 statis
1361 972 1729 1015 exercitationibus
1769 986 1861 1027 per-

138 1050 363 1090 currentur
393 1051 536 1101 partes
570 1046 705 1089 Classi
734 1047 831 1089 huie
863 1047 1107 1100 assignatae
1141 1060 1216 1100 per
1247 1047 1498 1100 indiculum,
1531 1061 1655 1101 quem
1688 1048 1860 1102 subjun-

138 1123 275 1176 gimus
307 1123 496 1165 Articulo
530 1126 745 1177 sequente.
807 1123 889 1176 (Ex
922 1123 1096 1165 Observ.
1131 1123 1184 1165 ad
1220 1123 1351 1166 Catal.
1386 1123 1453 1166 lib.
1488 1136 1601 1166 num.
1630 1123 1715 1175 VI.)

138 1508 726 1567 Oberrheinische
781 1507 1192 1581 Gymnasial
1218 1542 1241 1549 —
1269 1507 1859 1562 Klassenbiioher

367 1622 417 1669 in
456 1621 544 1670 der
582 1632 748 1670 ersten
788 1621 962 1670 H‘alfte
1000 1622 1086 1670 des
1131 1624 1206 1671 18.
1243 1620 1632 1670 Jahrhunderts.

277 1759 356 1800 Ein
387 1759 675 1812 Hauptgrund
710 1759 778 1801 fur
810 1759 875 1802 die
907 1760 1185 1812 Herausgabe
1217 1760 1381 1803 solcher
1403 1759 1760 1814 Klassenbucher,
1793 1759 1858 1801 die

138 1834 217 1876 den
250 1847 412 1886 ganzen
434 1834 652 1877 Lehrstoff
677 1836 747 1877 fiir
778 1835 844 1877 ein
877 1835 939 1877 bis
972 1836 1073 1877 zwei
1095 1835 1226 1877 Jahre
1258 1835 1345 1877 und
1376 1848 1457 1876 nur
1488 1834 1630 1877 diesen
1659 1834 1700 1876 in
1724 1834 1857 1876 einem

140 1909 330 1962 einzigen
348 1909 495 1952 Bande
516 1910 931 1965 zusammenfassten,
949 1911 1003 1953 ist
1026 1911 1133 1953 wohl
1156 1911 1222 1953 die
1237 1910 1470 1953 Rucksicht
1491 1910 1566 1952 auf
1579 1910 1645 1952 die
1664 1914 1857 1952 armeren

138 1984 374 2027 Studenten
417 1998 619 2038 gewesen.
683 1986 725 2028 P.
761 1986 897 2028 Franz
933 1986 1119 2039 Wagner
1158 1986 1344 2028 schreibt
1383 1987 1423 2027 in
1467 1985 1541 2027 der
1573 1985 1761 2027 Vorrede
1803 1998 1856 2026 zu

137 2061 274 2103 seiner
314 2061 544 2103 Instructio
586 2062 751 2115 privata
793 2062 962 2115 (1735):
1013 2062 1099 2104 »Ut
1140 2061 1285 2104 eadem
1334 2061 1491 2114 ubique
1537 2060 1857 2103 exercitationes

137 2135 397 2178 haberentur
429 2149 557 2190 opera
588 2137 853 2191 scholastica,
886 2138 1067 2179 alterum
1089 2150 1164 2191 pro
1188 2137 1326 2179 Parva
1348 2140 1390 2179 et
1411 2136 1644 2190 Principiis,
1677 2136 1857 2178 alterum

137 2224 214 2265 pro
237 2211 525 2254 Grammatica
556 2217 599 2255 et
621 2213 809 2269 Syntaxi,
841 2213 963 2256 Poesi
995 2218 1037 2255 et
1058 2213 1284 2255 Rhetorica
1316 2213 1481 2266 singula
1502 2213 1542 2254 in
1568 2225 1663 2254 eum
1685 2211 1856 2253 modum

138 2287 387 2329 concinnata
428 2291 551 2343 sunt,
584 2290 632 2330 ut
671 2301 753 2330 non
785 2289 929 2330 Alvari
969 2288 1092 2331 modo
1133 2292 1174 2330 et
1207 2288 1404 2342 Cypriani
1441 2291 1668 2342 praecepta
1705 2287 1778 2329 sed
1817 2290 1857 2329 et

138 2362 338 2405 authores
371 2364 695 2419 praelegendos,
728 2364 894 2417 aliaque
925 2365 978 2406 ad
1010 2364 1201 2418 quamvis
1235 2364 1411 2406 classem
1443 2362 1696 2417 pertinentia
1729 2362 1857 2403 conti—

139 2442 309 2488 nerent3
350 2452 457 2481 cum
490 2440 810 2494 experientia
841 2440 992 2492 longa
1015 2443 1239 2493 constet,
1272 2452 1295 2480 a
1324 2438 1647 2481 tenuioribus
1678 2450 1858 2492 paren-

137 2513 274 2556 tibus
306 2514 573 2568 impetrari
605 2528 698 2557 non
730 2528 898 2570 posse,
930 2517 979 2557 ut
1009 2518 1179 2568 praeter
1211 2527 1316 2568 opus
1339 2514 1634 2556 scholasticum
1658 2512 1856 2555 authores

137 2588 326 2642 aliosque
358 2590 632 2633 subsidiarios
664 2591 828 2633 libellos
862 2591 985 2644 vulgo
1018 2593 1209 2644 receptos
1240 2588 1333 2632 filiis
1367 2590 1629 2643 comparent3
1662 2600 1737 2630 nec
1768 2587 1858 2629 fieri

276 2778 304 2821 1)
328 2777 444 2811 Jacob
477 2776 595 2821 Bayer
629 2776 663 2810 S.
689 2776 726 2810 J.
752 2778 830 2819 (aus
863 2775 944 2810 dem
975 2774 1291 2819 Bambergischen,
1322 2774 1418 2818 1673,
1448 2776 1545 2817 1690,
1576 2774 1675 2817 1750)
1701 2772 1856 2807 Brevis

139 2840 180 2870 et
203 2834 363 2870 facilis
389 2834 627 2869 methodus
654 2833 925 2869 addiscendi
950 2833 1146 2877 linguam
1180 2843 1380 2877 graecam
1406 2832 1574 2875 Dilingae
1604 2831 1700 2867 1738.
1750 2830 1855 2864 Zahl-

140 2893 260 2928 reiche
287 2893 493 2937 Ausgaben.
544 2892 807 2937 Urspri'inglich
833 2902 907 2926 war
933 2891 1030 2926 diese
1057 2891 1282 2926 Grammatik
1310 2892 1389 2926 eine
1414 2891 1559 2935 Zugabe
1585 2902 1629 2925 zu
1655 2890 1733 2925 dem
1758 2890 1855 2924 weit-

140 2952 380 2987 verbreiteten
407 2951 656 2995 griechischen
674 2950 839 2985 Lexikon
866 2949 1054 2985 desselben
1072 2949 1256 2984 Jesuiten:
1283 2949 1520 2993 Paedagogus
1546 2959 1696 2993 graecus
1722 2948 1855 2983 latinae

134 3010 336 3054 juventutis
378 3020 404 3044 s.
430 3009 589 3044 Lexicon
621 3009 937 3053 latino-graecum
963 3008 1173 3052 Moguntiae
1203 3009 1300 3043 1709.
1349 3006 1424 3042 Das
1456 3005 1854 3041 lateinisch-deutsche

140 3068 386 3104 Worterbuch
411 3068 579 3112 Bayer’s:
606 3067 842 3111 Paedagogus
868 3066 1002 3101 latinus
1029 3066 1229 3100 Germanae
1254 3066 1464 3100 Juventutis
1489 3065 1651 3108 Mogunt.
1681 3065 1768 3099 1724
1793 3063 1857 3098 hat

142 3127 315 3164 ebenfalls
343 3126 433 3162 viele
459 3126 646 3170 Auflagen
672 3126 807 3170 erlebt3
831 3126 936 3161 letzte
963 3124 1133 3170 Ausgabe
1161 3124 1366 3169 Wurzburg
1394 3126 1489 3160 1805.
