2164 3535
243 227 326 268 498
505 224 715 260 Beibericht
740 225 804 260 der
831 225 1258 262 Studien-Kommissare
1284 238 1349 262 zur
1374 227 1415 262 R.
1443 232 1485 263 st.
1512 239 1580 263 von
1612 231 1710 265 1832.

243 366 588 422 accessoriorum,
619 366 902 408 necessariam
934 378 1104 420 quoque
1126 379 1218 409 esse
1239 368 1531 421 mutationem,
1565 381 1688 425 quae,
1722 370 1809 412 sive
1841 370 1969 411 cadat

242 441 284 482 in
318 441 564 484 divisionem
598 441 799 495 temporis
833 441 913 483 diei
935 442 1046 483 Iovis
1076 444 1118 483 et
1139 442 1350 497 sabbathi,
1383 443 1471 484 sive
1492 443 1533 484 in
1557 444 1661 486 alios
1684 444 1787 497 dies,
1822 443 1971 486 eodem

236 517 333 570 ι11116
376 520 451 558 aut
490 516 732 558 reformatio
776 520 852 559 aut
890 517 1221 559 accommodatio
1254 517 1443 559 vocanda
1481 517 1574 560 erit.
1637 518 1704 560 Ad
1727 520 1751 560 2
1784 530 1867 560 11011
1900 532 1969 561 ne-

243 599 364 647 gant,
406 591 501 644 plus
534 591 731 633 utilitatis
764 591 902 634 inesse
932 592 1113 645 tempori
1146 592 1301 647 solido,
1335 605 1462 646 quam
1496 593 1729 636 subsecivis
1761 594 1974 649 partibus,

243 667 317 709 sed
350 669 390 719 a)
423 679 518 709 cum
551 670 719 721 tempus
749 667 855 709 illud
888 667 1069 709 solidum
1102 667 1155 709 ad
1187 680 1401 710 summum
1434 668 1497 710 bis
1529 669 1571 709 111
1606 667 1872 712 hebdomade
1912 683 1974 712 re-

241 744 389 783 currat
420 744 521 795 (non
554 743 831 785 consideratis
853 743 903 785 iis
927 743 1188 798 septimanis,
1222 756 1402 796 quarum
1427 743 1529 785 ordo
1552 747 1730 797 propter
1751 745 1862 786 festa
1893 748 1972 787 etc.

241 817 597 873 interturbatur),
641 821 715 859 aut
746 818 938 871 singulae
970 819 1192 874 materiae,
1225 818 1422 875 historia,
1456 818 1733 873 geographia,
1772 819 1975 863 mathesis

241 892 417 946 singulis
450 893 587 935 solum
620 893 831 936 decendiis
865 894 1124 949 recolentur,
1166 894 1279 948 quod
1312 895 1499 949 spatium
1532 894 1709 951 sufficit,
1753 898 1801 936 ut
1843 895 1974 937 inter-

240 968 376 1010 medio
399 971 591 1022 tempore
607 969 785 1022 juvenes
808 970 922 1012 leves
945 970 1122 1023 aliisque
1144 970 1270 1012 rebus
1292 970 1444 1012 intenti
1466 970 1757 1024 praecedentis
1779 970 1971 1013 lectionis

241 1042 562 1095 obliviscantur;
610 1048 685 1086 aut
731 1045 765 1086 si
812 1057 955 1087 omnes
995 1045 1091 1087 illae
1130 1045 1335 1086 materiae
1374 1045 1416 1086 111
1459 1045 1605 1087 eadem
1649 1045 1827 1087 lectione
1879 1058 1973 1099 per-

239 1121 501 1171 tractantur,
545 1119 727 1161 solidum
770 1123 938 1174 tempus
980 1120 1022 1161 in
1062 1120 1294 1173 particulas
1336 1121 1516 1162 maxime
1555 1121 1798 1163 subsecivas
1843 1121 1974 1163 disse-

239 1193 423 1245 cabitur3
467 1195 599 1249 unde,
633 1198 823 1237 assumto
855 1195 934 1236 hoc
965 1195 1132 1250 ordine,
1165 1195 1206 1237 in
1238 1195 1494 1237 alterutrum
1525 1195 1762 1238 incidamus
1794 1208 1965 1238 necesse

239 1273 317 1325 est,
349 1274 398 1311 ut
430 1272 505 1312 aut
534 1270 739 1313 lectiones
771 1271 952 1323 longiori
984 1271 1206 1313 intervallo
1240 1271 1292 1313 ab
1324 1271 1501 1313 invicem
1534 1271 1742 1315 distantes
1775 1271 1880 1314 fiant
1910 1272 1971 1314 in-

237 1346 386 1403 utiles,
430 1350 505 1389 aut
545 1347 585 1389 in
625 1361 756 1390 unum
799 1347 968 1390 scholae
1008 1353 1176 1402 tempus
1211 1352 1456 1391 contractae
1488 1348 1808 1391 subsecivarum
1841 1347 1971 1390 horae

237 1422 424 1474 partium
466 1423 702 1476 periculum
746 1424 978 1466 incurrant.
1043 1424 1085 1476 b)
1118 1424 1346 1466 Praeterea
1379 1424 1458 1466 hae
1489 1424 1691 1466 lectiones
1723 1427 1815 1465 tum
1847 1435 1970 1465 mane

235 1498 327 1538 tum
360 1509 535 1551 vespere
573 1511 650 1551 per
690 1498 944 1541 semihoram
986 1501 1198 1554 statutae,
1241 1499 1274 1541 si
1317 1499 1511 1552 religiose
1542 1498 1866 1553 impendantur,
1907 1498 1967 1540 ita

236 1570 452 1614 sufficiunt
492 1572 545 1615 ad
587 1573 795 1616 elementa
836 1574 987 1616 horum
1030 1575 1362 1616 accessoriorum
1405 1573 1682 1629 addiscenda,
1732 1575 1781 1615 ut
1824 1577 1966 1615 tamen

235 1647 478 1700 graviorum
510 1661 653 1690 rerum
685 1649 825 1691 studio
860 1650 1021 1691 nullum
1055 1654 1131 1692 aut
1163 1651 1276 1691 certe
1308 1649 1503 1703 exiguum
1535 1649 1838 1691 detrimentum
1871 1647 1968 1691 affe—

236 1726 351 1765 rant:
385 1723 500 1776 quod
533 1725 704 1766 tertium
740 1729 818 1777 est,
852 1725 965 1778 quod
987 1725 1033 1766 P.
1058 1725 1300 1778 Deputatus
1323 1725 1473 1767 Italiae
1496 1725 1740 1779 propositae
1764 1725 1966 1778 temporis

235 1797 430 1840 divisioni
472 1799 627 1853 objicit.
698 1800 809 1842 Nam
851 1800 956 1842 duas
999 1799 1126 1842 horas
1175 1800 1332 1842 solidas
1381 1800 1650 1842 concedimus
1701 1800 1968 1853 gravioribus

235 1873 488 1928 disciplinis,
536 1874 650 1928 quod
696 1878 892 1930 tempus,
939 1878 1049 1917 teste
1097 1875 1355 1929 experientia
1403 1875 1685 1929 plurimarum
1733 1875 1968 1929 regionum,

235 1948 392 1992 sufficit
423 1950 476 1992 ad
509 1950 797 1993 informandos
824 1952 1002 2004 juvenes
1037 1951 1090 1992 ad
1122 1951 1286 1993 litteras
1319 1951 1601 1993 humaniores.
1652 1951 1791 1993 Vellet
1821 1954 1962 1992 tamen

236 2025 280 2065 P.
315 2026 555 2078 Deputatus
588 2026 761 2079 Italiae,
804 2028 852 2069 ut
893 2026 1044 2068 saltem
1088 2026 1141 2068 ad
1181 2027 1347 2068 unicam
1387 2026 1642 2068 semihoram
1682 2026 1969 2079 restringatur

237 2101 569 2142 accessoriorum
610 2104 802 2155 tempus„
845 2115 882 2142 v.
921 2114 958 2154 g.
1002 2102 1194 2143 ultimam
1239 2101 1492 2143 semihoram
1537 2101 1845 2155 vespertinam,
1893 2101 1967 2144 sed

236 2179 459 2228 praeterea
490 2176 603 2229 quod
634 2176 881 2218 incurratur
902 2176 980 2218 hac
1010 2176 1174 2218 ratione
1206 2177 1247 2218 in
1280 2177 1599 2219 subsecivarum
1631 2176 1835 2218 horarum
1855 2177 1965 2230 peri-

237 2251 400 2306 culum,
442 2252 709 2304 vespertinae
749 2252 878 2293 horae
922 2254 1022 2293 sunt
1059 2252 1239 2293 maxime
1270 2251 1479 2303 incertae;
1522 2256 1565 2294 et
1595 2255 1751 2305 putant
1782 2252 1852 2294 alii
1883 2252 1964 2294 ΡΡ.

236 2326 454 2381 Deputati,
486 2340 568 2369 non
601 2326 795 2369 sufficere
827 2328 993 2369 unicam
1027 2327 1242 2368 dimidiam
1270 2326 1432 2381 horam,
1466 2331 1513 2369 ut
1535 2327 1694 2381 aliquid
1723 2327 1856 2369 solide
1877 2326 1963 2370 fiat.

238 2401 327 2443 Hae
359 2406 460 2444 sunt
491 2403 676 2445 rationes
709 2403 976 2456 praecipuae,
1009 2415 1120 2456 quae
1153 2403 1193 2444 in
1218 2405 1444 2456 utramque
1467 2407 1632 2455 partem
1656 2403 1810 2445 allatae
1832 2402 1964 2445 fuere.

374 2500 424 2542 N.
449 2496 543 2544 133.
612 2500 683 2542 Ad
725 2513 820 2553 reg.
856 2503 882 2542 4
970 2503 1019 2542 19
1054 2501 1324 2554 Expungitur
1373 2500 1498 2542 »dum
1545 2501 1703 2554 scripta
1749 2501 1964 2556 corrigit«,

234 2578 409 2628 propter
440 2575 553 2618 dicta
584 2575 637 2617 ad
668 2589 707 2617 n.
735 2577 827 2617 107.
864 2601 913 2606 —
949 2577 1000 2618 29
1033 2575 1215 2618 additur.

373 2673 424 2717 N.
447 2670 543 2718 134.
609 2674 847 2728 »scriptio
891 2675 1192 2717 vernacula«
1236 2676 1360 2728 juxta
1399 2678 1604 2717 annotata
1641 2675 1695 2717 ad
1727 2688 1766 2717 n.
1792 2676 1844 2717 25
1878 2676 1962 2729 §2

238 2772 286 2779 -
323 2749 375 2790 39
408 2748 669 2801 Designatur
710 2754 900 2803 tempus,
948 2763 1031 2804 quo
1074 2751 1154 2792 hae
1196 2751 1518 2793 exercitationes
1560 2749 1650 2792 fieri
1681 2752 1882 2805 possunt,
1921 2753 1964 2791 et

235 2823 554 2876 praescribitur,
587 2827 636 2865 ut
666 2824 817 2867 saltem
849 2825 977 2867 semel
1009 2825 1051 2866 in
1083 2824 1345 2867 hebdomade
1378 2825 1590 2867 scribatur
1614 2825 1655 2866 in
1679 2824 1822 2866 schola
1838 2825 1963 2878 juxta

234 2901 439 2940 annotata
471 2898 525 2941 ad
556 2912 594 2940 11.
623 2900 716 2941 108.

349 2997 398 3039 Ν.
414 2993 492 3041 135
510 3000 552 3039 et
568 2993 661 3041 136.
710 2997 780 3038 Ad
804 3010 900 3051 reg.
921 3000 957 3039 5.
1010 3001 1059 3041 19
1081 2999 1280 3054 Additur,
1303 3002 1351 3040 ut
1371 2999 1412 3040 in
1435 2998 1713 3051 explicatione
1737 3002 1960 3042 auctorum

232 3071 438 3125 Magister
468 3085 513 3115 se
545 3071 734 3114 effundat
763 3073 804 3114 in
838 3073 1154 3117 observationes
1187 3074 1354 3127 linguae
1387 3074 1544 3115 latinae
1576 3077 1619 3116 et
1649 3074 1959 3117 vernaculae

235 3149 410 3200 propter
442 3147 554 3189 dicta
588 3147 640 3189 ad
673 3161 711 3189 11.
737 3148 802 3189 25.
841 3173 889 3179 -—
926 3150 978 3190 29
1008 3148 1280 3202 Expungitur
1312 3148 1548 3191 »maxime
1587 3161 1643 3192 ex
1682 3149 1956 3204 antiquis«,
