2164 3535
357 225 588 270 Einfsihrung
612 226 676 262 der
702 237 816 261 neuen
837 226 879 261 R.
907 231 948 261 st.
975 226 1010 261 in
1037 226 1101 261 der
1126 225 1412 261 oberdeutschen
1429 226 1532 260 Prov.
1563 230 1659 263 1834.
1786 231 1859 271 52]

155 371 471 421 programmate
520 367 758 409 studiorum
804 366 1001 420 Friburgi
1049 366 1161 408 edito
1204 378 1312 408 anno
1357 367 1466 409 1834
1517 366 1716 420 descripti
1757 372 1867 410 sunt.

152 443 200 484 In
233 442 390 486 scholis
422 445 563 485 tamen
598 442 837 496 duplicibus
868 454 950 484 non
981 454 1152 485 necesse
1183 445 1261 496 est,
1295 445 1343 484 ut
1365 455 1508 485 omnes
1531 447 1764 498 assumant,
1796 443 1870 485 sed

151 517 192 559 in
223 517 287 559 his
320 519 594 559 assumantur
625 517 796 570 utrique
829 529 1084 571 communes,
1117 518 1189 571 qui
1222 518 1293 559 uni
1316 518 1380 559 vel
1413 518 1536 560 alteri
1569 518 1704 560 ordini
1728 532 1752 562 a
1774 519 1869 560 Rat.

152 595 203 634 st.
238 591 499 634 attribuendi
534 594 643 634 sunt.

292 669 328 709 6.
385 666 531 717 Quoad
579 667 764 720 linguam
813 679 1006 719 graecam
1052 667 1326 709 materiarum
1373 666 1617 709 distributio
1664 670 1869 710 servetur.

153 744 273 795 (Reg.
301 743 350 784 13
384 754 487 784 com.
511 741 623 784 Prof.
657 742 749 792 inf.)
796 741 904 783 Hinc
935 741 976 781 in
1009 740 1151 782 infima
1173 741 1450 794 grammatica
1473 741 1631 784 ordinis
1662 743 1870 785 inferioris

153 817 318 859 discant
347 817 485 869 legere
517 820 559 858 et
581 816 766 858 scribere
798 816 917 869 (Reg.
946 818 963 856 1
1000 816 1109 857 Prof.
1143 817 1213 858 inf.
1237 818 1337 869 gr.);
1372 816 1442 858 ubi
1466 829 1563 858 vero
1587 817 1669 859 duo
1702 817 1870 860 ordines

153 891 287 933 eidem
309 890 537 945 professori
554 893 718 943 parent„
743 890 914 942 utrique
930 890 1109 932 materia
1131 890 1360 943 superioris
1388 891 1545 934 ordinis
1568 892 1777 934 tradenda
1793 897 1868 935 est.

289 966 337 1008 ln
375 965 583 1019 superiori
624 965 771 1007 ordine
810 964 977 1007 infimae
1009 977 1184 1018 gramm.
1218 965 1445 1007 tradantur
1486 967 1621 1020 prima
1663 967 1871 1010 elementa

151 1053 288 1095 usque
320 1040 374 1083 ad
406 1040 534 1083 verba
566 1040 771 1094 simplicia
802 1040 1015 1083 inclusive.

289 1116 337 1158 In
377 1115 516 1158 media
547 1128 608 1169 gr.
650 1115 821 1157 nomina
853 1118 896 1158 et
935 1115 1064 1158 verba
1105 1118 1344 1172 contracta,
1385 1117 1486 1158 item
1518 1116 1646 1158 verba
1676 1117 1718 1158 in
1748 1133 1792 1169 με
1824 1129 1871 1159 ac

150 1191 356 1235 faciliores
389 1194 613 1245 syntaxeos
646 1191 830 1244 regulae.

292 1267 341 1308 In
373 1279 572 1320 suprema
603 1266 791 1319 reliquae
823 1266 1026 1308 orationis
1058 1269 1202 1320 partes
1235 1268 1277 1308 et
1307 1266 1440 1307 omnis
1474 1266 1673 1319 syntaxis.

288 1341 337 1383 In
369 1340 646 1383 Humanitate
679 1353 747 1383 ars
779 1341 955 1383 metrica
986 1343 1028 1383 et
1058 1341 1249 1382 notiones
1283 1340 1333 1382 de
1365 1340 1578 1383 Dialectis.

292 1429 314 1441 ,-

299 1439 329 1468 1.
373 1427 486 1469 Usus
519 1427 649 1469 latine
680 1427 880 1480 loquendi
911 1427 1061 1469 saltem
1084 1440 1107 1468 a
1140 1439 1339 1480 suprema
1371 1428 1647 1480 grammatica
1680 1428 1720 1469 in
1754 1440 1874 1481 prae-

153 1506 373 1557 ceptorum
404 1502 695 1558 explicatione,
727 1504 769 1544 in
800 1502 1057 1556 corrigendis
1090 1502 1390 1555 scriptionibus
1422 1503 1562 1545 latinis
1596 1506 1725 1556 atque
1747 1503 1873 1545 etiam

153 1578 194 1619 in
227 1577 444 1631 colloquiis
477 1580 694 1630 urgeatur.

291 1654 328 1695 8.
383 1652 642 1705 Scriptiones
682 1652 806 1694 domo
855 1651 1092 1694 afferendae
1134 1652 1175 1693 in
1218 1652 1423 1694 classibus
1467 1665 1643 1705 gramm.
1687 1652 1874 1706 quotidie

153 1731 325 1782 praeter
345 1727 620 1777 sabbathum3
654 1728 695 1769 in
719 1728 912 1783 caeteris,
946 1728 1113 1769 solutae
1136 1728 1339 1769 orationis
1372 1728 1543 1781 quidem
1574 1731 1744 1782 praeter
1766 1728 1872 1770 diem

154 1803 383 1846 vacationis
417 1805 459 1845 et
496 1803 713 1852 sabbathi,
758 1804 953 1845 carminis
987 1817 1084 1845 vero
1117 1804 1180 1846 bis
1213 1806 1402 1853 tanturm
1444 1804 1634 1857 proximo
1666 1806 1763 1857 post
1793 1804 1875 1845 Do-

155 1878 347 1920 niinicam
382 1881 424 1919 et
445 1879 688 1921 Vacationis
721 1879 854 1932 diem3
888 1879 1028 1931 graeci
1052 1879 1221 1921 demum
1253 1879 1453 1921 thematis
1487 1878 1614 1921 semel
1638 1891 1662 1920 a
1683 1878 1871 1931 prandio.

154 1954 273 2006 (Reg.
298 1954 352 1994 2Ο
384 1953 494 1995 Prof.
528 1954 619 2006 inf.)
1310 1999 1313 2002 ,

289 2028 472 2070 Pensum
504 2028 582 2071 hoc
614 2041 736 2070 inane
768 2028 951 2071 dictetur
983 2033 1025 2071 et
1056 2030 1190 2071 altero
1223 2043 1344 2072 mane
1377 2029 1597 2080 afferatur;
1641 2029 1875 2083 scriptioni-

154 2104 234 2146 bus
266 2116 365 2146 vero
407 2103 628 2146 afferendis
668 2103 913 2157 frequenter
954 2104 1213 2158 adjungatur
1252 2106 1440 2158 operatio
1480 2105 1781 2147 mathematica
1811 2104 1876 2146 vel

153 2178 431 2221 arithmetica.

292 2255 329 2295 9.
373 2253 633 2307 Scriptiones
666 2255 930 2307 singulorum
954 2255 1227 2308 corrigendae
1260 2257 1402 2297 essent
1424 2255 1616 2308 quotidie
1648 2255 1688 2296 in
1712 2254 1874 2301 schola3

152 2341 273 2370 nemo
304 2328 455 2371 saltem
489 2329 561 2371 diu
592 2330 853 2372 incorrectus
877 2330 1177 2384 relinquendus
1201 2331 1316 2383 (Reg.
1347 2332 1438 2383 21);
1471 2330 1635 2383 reliqui,
1669 2332 1875 2382 quantum

155 2403 244 2445 fieri
266 2407 420 2457 potest,
453 2404 565 2446 domi
588 2405 876 2457 corrigantur3
908 2405 1058 2447 modus
1082 2409 1224 2447 autem
1254 2405 1489 2458 corrigendi
1512 2408 1718 2459 servetur,
1751 2417 1875 2457 quem

153 2478 301 2531 regula
325 2480 378 2520 22
410 2478 510 2520 ibid.
544 2480 691 2522 sancit.

297 2554 361 2595 10.
407 2553 544 2596 Semel
567 2554 607 2595 in
640 2554 906 2597 hebdomada
939 2555 1089 2596 saltem
1112 2567 1187 2608 per
1218 2554 1364 2596 horam
1388 2555 1429 2595 in
1462 2554 1637 2607 singulis
1670 2553 1875 2596 classibus

155 2628 365 2670 scribatur
397 2629 514 2681 (Reg.
541 2630 594 2670 24
626 2628 737 2671 Prof.
761 2629 868 2681 int),
900 2629 964 2672 bis
997 2642 1189 2671 sermone
1220 2629 1366 2681 latino,
1398 2629 1526 2671 semel
1559 2629 1712 2682 patrio7
1745 2628 1874 2670 semel

154 2715 314 2755 graece.
387 2703 488 2745 Tres
530 2703 691 2756 priores
733 2704 1057 2756 compositiones
1099 2707 1400 2757 computantur
1439 2717 1515 2757 pro
1556 2703 1741 2756 praemio
1781 2715 1875 2757 pro-

157 2789 344 2833 gressus,
377 2791 413 2819 v.
448 2790 578 2831 supra
611 2778 653 2820 C.
679 2780 703 2819 2
737 2779 809 2832 §2
842 2778 891 2819 N.
918 2780 960 2823 5:
993 2782 1209 2831 postrema
1240 2779 1305 2820 vel
1337 2792 1412 2831 pro
1445 2791 1670 2832 progressu
1702 2779 1766 2820 vel
1799 2790 1874 2831 pro

154 2853 340 2907 praemio
374 2866 423 2895 ex
454 2853 607 2895 litteris
641 2853 815 2906 graecis.

292 2930 356 2969 11.
400 2928 523 2970 Ratio
547 2928 747 2970 lectiones
780 2928 1011 2981 repetendi,
1044 2929 1294 2981 praesertim
1327 2929 1467 2982 praxis
1501 2928 1765 2970 aemulorum
1789 2941 1874 2970 ser-

154 3006 278 3044 vetur
310 3003 428 3056 (Reg.
454 3004 507 3044 25
540 3003 650 3045 Prof.
675 3002 782 3058 inf),
813 3004 1146 3045 concertationes
1180 3016 1348 3057 quoque
1380 3004 1490 3045 inter
1522 3004 1659 3045 varios
1684 3003 1873 3056 eiusdem

154 3077 299 3120 classis
331 3077 517 3121 aemulos
549 3077 727 3120 subinde
758 3077 862 3120 fiant
887 3078 1012 3131 juxta
1033 3078 1133 3131 Reg.
1159 3080 1227 3134 31,
1260 3079 1338 3121 etsi
1372 3079 1647 3131 magistratus
1681 3078 1766 3120 fors
1789 3090 1872 3119 non

154 3152 432 3205 eligerentur:
466 3152 802 3195 concertationes
826 3165 923 3194 vero
957 3152 1066 3195 inter
1089 3153 1277 3196 diversas
1301 3153 1479 3207 scholas,
1510 3153 1609 3195 item
1634 3152 1874 3207 praelecti0,
