<?xml version="1.0" encoding="UTF-8"?>
<!DOCTYPE html PUBLIC "-//W3C//DTD XHTML 1.0 Transitional//EN"
    "http://www.w3.org/TR/xhtml1/DTD/xhtml1-transitional.dtd">
<html xmlns="http://www.w3.org/1999/xhtml" xml:lang="en" lang="en">
 <head>
  <title>
</title>
<meta http-equiv="Content-Type" content="text/html;charset=utf-8" />
  <meta name='ocr-system' content='tesseract 3.04.00' />
  <meta name='ocr-capabilities' content='ocr_page ocr_carea ocr_par ocr_line ocrx_word'/>
</head>
<body>
  <div class='ocr_page' id='page_1' title='image "./ratiostudiorumet16jesu_0028.png"; bbox 0 0 2164 3535; ppageno 0'>
   <div class='ocr_carea' id='block_1_1' title="bbox 261 246 1565 291">
    <p class='ocr_par' dir='ltr' id='par_1_1' title="bbox 261 246 1565 291">
     <span class='ocr_line' id='line_1_1' title="bbox 261 246 1565 291; baseline 0.001 -11"><span class='ocrx_word' id='word_1_1' title='bbox 261 251 287 290; x_wconf 89' lang='lat'>4</span> <span class='ocrx_word' id='word_1_2' title='bbox 696 247 890 290; x_wconf 86' lang='lat' dir='ltr'>Catalogus</span> <span class='ocrx_word' id='word_1_3' title='bbox 916 252 1112 291; x_wconf 87' lang='lat' dir='ltr'>perpetuus</span> <span class='ocrx_word' id='word_1_4' title='bbox 1139 246 1257 280; x_wconf 87' lang='lat' dir='ltr'><strong>Germ.</strong></span> <span class='ocrx_word' id='word_1_5' title='bbox 1285 246 1370 290; x_wconf 90' lang='lat' dir='ltr'>Sup.</span> <span class='ocrx_word' id='word_1_6' title='bbox 1398 248 1565 281; x_wconf 78' lang='lat'>1602—4.</span> 
     </span>
    </p>
   </div>
   <div class='ocr_carea' id='block_1_2' title="bbox 262 386 1996 2400">
    <p class='ocr_par' dir='ltr' id='par_1_2' title="bbox 263 386 1991 669">
     <span class='ocr_line' id='line_1_2' title="bbox 264 386 1991 442; baseline 0.001 -13"><span class='ocrx_word' id='word_1_7' title='bbox 264 387 592 441; x_wconf 81' lang='lat' dir='ltr'>subscriptas¹),</span> <span class='ocrx_word' id='word_1_8' title='bbox 629 390 675 429; x_wconf 89' lang='lat' dir='ltr'>vt</span> <span class='ocrx_word' id='word_1_9' title='bbox 705 400 787 429; x_wconf 89' lang='lat' dir='ltr'>non</span> <span class='ocrx_word' id='word_1_10' title='bbox 820 387 956 429; x_wconf 90' lang='lat' dir='ltr'>solum</span> <span class='ocrx_word' id='word_1_11' title='bbox 989 399 1059 428; x_wconf 90' lang='lat' dir='ltr'>eas</span> <span class='ocrx_word' id='word_1_12' title='bbox 1091 386 1198 428; x_wconf 91' lang='lat' dir='ltr'>libro</span> <span class='ocrx_word' id='word_1_13' title='bbox 1230 386 1527 442; x_wconf 79' lang='lat' dir='ltr'>inscriberent,</span> <span class='ocrx_word' id='word_1_14' title='bbox 1570 401 1718 429; x_wconf 88' lang='lat' dir='ltr'>verum</span> <span class='ocrx_word' id='word_1_15' title='bbox 1757 388 1884 430; x_wconf 92' lang='lat' dir='ltr'>etiam</span> <span class='ocrx_word' id='word_1_16' title='bbox 1916 401 1991 441; x_wconf 93' lang='lat' dir='ltr'>per</span> 
     </span>
     <span class='ocr_line' id='line_1_3' title="bbox 263 462 1991 517; baseline 0 -12"><span class='ocrx_word' id='word_1_17' title='bbox 263 475 406 505; x_wconf 90' lang='lat' dir='ltr'>omnes</span> <span class='ocrx_word' id='word_1_18' title='bbox 446 462 610 505; x_wconf 90' lang='lat' dir='ltr'>scholas</span> <span class='ocrx_word' id='word_1_19' title='bbox 651 462 921 505; x_wconf 77' lang='lat' dir='ltr'>humaniores</span> <span class='ocrx_word' id='word_1_20' title='bbox 963 462 1188 515; x_wconf 87' lang='lat' dir='ltr'>diligenter</span> <span class='ocrx_word' id='word_1_21' title='bbox 1228 463 1465 504; x_wconf 80' lang='lat' dir='ltr'>executioni</span> <span class='ocrx_word' id='word_1_22' title='bbox 1510 463 1773 505; x_wconf 80' lang='lat' dir='ltr'>mandarent.</span> <span class='ocrx_word' id='word_1_23' title='bbox 1844 463 1991 517; x_wconf 87' lang='lat' dir='ltr'>Neque</span> 
     </span>
     <span class='ocr_line' id='line_1_4' title="bbox 263 538 1990 592; baseline 0.001 -12"><span class='ocrx_word' id='word_1_24' title='bbox 263 551 328 580; x_wconf 86' lang='lat' dir='ltr'>me</span> <span class='ocrx_word' id='word_1_25' title='bbox 366 539 466 580; x_wconf 92' lang='lat' dir='ltr'>sinit</span> <span class='ocrx_word' id='word_1_26' title='bbox 498 539 651 581; x_wconf 90' lang='lat' dir='ltr'>Vestra</span> <span class='ocrx_word' id='word_1_27' title='bbox 690 538 974 581; x_wconf 75' lang='lat' dir='ltr'>Obseruantia</span> <span class='ocrx_word' id='word_1_28' title='bbox 1013 551 1115 591; x_wconf 91' lang='lat' dir='ltr'>erga</span> <span class='ocrx_word' id='word_1_29' title='bbox 1147 538 1386 592; x_wconf 81' lang='lat' dir='ltr'>Superioris</span> <span class='ocrx_word' id='word_1_30' title='bbox 1418 539 1701 589; x_wconf 84' lang='lat' dir='ltr'>voluntatem,</span> <span class='ocrx_word' id='word_1_31' title='bbox 1744 540 1844 592; x_wconf 90' lang='lat' dir='ltr'>quin</span> <span class='ocrx_word' id='word_1_32' title='bbox 1877 539 1990 582; x_wconf 87' lang='lat' dir='ltr'>facta</span> 
     </span>
     <span class='ocr_line' id='line_1_5' title="bbox 264 613 602 669; baseline 0.003 -14"><span class='ocrx_word' id='word_1_33' title='bbox 264 614 361 669; x_wconf 87' lang='lat' dir='ltr'>sint,</span> <span class='ocrx_word' id='word_1_34' title='bbox 395 613 602 657; x_wconf 89' lang='lat' dir='ltr'>dubitare.</span> 
     </span>
    </p>

    <p class='ocr_par' dir='ltr' id='par_1_3' title="bbox 262 689 1996 1799">
     <span class='ocr_line' id='line_1_6' title="bbox 401 689 1991 743; baseline 0.001 -13"><span class='ocrx_word' id='word_1_35' title='bbox 401 689 558 731; x_wconf 89' lang='lat' dir='ltr'>Verum</span> <span class='ocrx_word' id='word_1_36' title='bbox 600 693 823 743; x_wconf 79' lang='lat' dir='ltr'>supererat</span> <span class='ocrx_word' id='word_1_37' title='bbox 865 689 1002 732; x_wconf 88' lang='lat' dir='ltr'>adhuc</span> <span class='ocrx_word' id='word_1_38' title='bbox 1041 689 1267 732; x_wconf 78' lang='lat' dir='ltr'>difficultas</span> <span class='ocrx_word' id='word_1_39' title='bbox 1308 702 1389 731; x_wconf 90' lang='lat' dir='ltr'>non</span> <span class='ocrx_word' id='word_1_40' title='bbox 1432 689 1596 731; x_wconf 88' lang='lat' dir='ltr'>modica</span> <span class='ocrx_word' id='word_1_41' title='bbox 1635 690 1744 732; x_wconf 90' lang='lat' dir='ltr'>circa</span> <span class='ocrx_word' id='word_1_42' title='bbox 1786 691 1991 732; x_wconf 89' lang='lat' dir='ltr'>Auctores</span> 
     </span>
     <span class='ocr_line' id='line_1_7' title="bbox 264 764 1991 818; baseline 0 -11"><span class='ocrx_word' id='word_1_43' title='bbox 264 768 306 807; x_wconf 89' lang='lat' dir='ltr'>et</span> <span class='ocrx_word' id='word_1_44' title='bbox 344 764 473 807; x_wconf 89' lang='lat' dir='ltr'>libros</span> <span class='ocrx_word' id='word_1_45' title='bbox 515 765 557 806; x_wconf 92' lang='lat' dir='ltr'>in</span> <span class='ocrx_word' id='word_1_46' title='bbox 599 764 774 817; x_wconf 88' lang='lat' dir='ltr'>singulis</span> <span class='ocrx_word' id='word_1_47' title='bbox 807 764 1024 806; x_wconf 85' lang='lat' dir='ltr'>Classibus</span> <span class='ocrx_word' id='word_1_48' title='bbox 1062 765 1379 818; x_wconf 87' lang='lat' dir='ltr'>praelegendos.</span> <span class='ocrx_word' id='word_1_49' title='bbox 1449 765 1552 807; x_wconf 88' lang='lat' dir='ltr'>Cum</span> <span class='ocrx_word' id='word_1_50' title='bbox 1585 765 1716 818; x_wconf 88' lang='lat' dir='ltr'>igitur</span> <span class='ocrx_word' id='word_1_51' title='bbox 1746 769 1991 818; x_wconf 80' lang='lat' dir='ltr'>praesentes</span> 
     </span>
     <span class='ocr_line' id='line_1_8' title="bbox 262 839 1989 893; baseline 0 -12"><span class='ocrx_word' id='word_1_52' title='bbox 262 839 457 882; x_wconf 89' lang='lat' dir='ltr'>haberem</span> <span class='ocrx_word' id='word_1_53' title='bbox 503 839 637 882; x_wconf 90' lang='lat' dir='ltr'>dictos</span> <span class='ocrx_word' id='word_1_54' title='bbox 678 839 847 893; x_wconf 83' lang='lat' dir='ltr'>Patres,</span> <span class='ocrx_word' id='word_1_55' title='bbox 895 840 1010 882; x_wconf 88' lang='lat' dir='ltr'>nolui</span> <span class='ocrx_word' id='word_1_56' title='bbox 1054 840 1154 882; x_wconf 88' lang='lat' dir='ltr'>mihi</span> <span class='ocrx_word' id='word_1_57' title='bbox 1196 840 1303 882; x_wconf 88' lang='lat' dir='ltr'>hanc</span> <span class='ocrx_word' id='word_1_58' title='bbox 1360 840 1514 882; x_wconf 91' lang='lat' dir='ltr'>bonam</span> <span class='ocrx_word' id='word_1_59' title='bbox 1563 841 1824 882; x_wconf 80' lang='lat' dir='ltr'>occasionem</span> <span class='ocrx_word' id='word_1_60' title='bbox 1869 840 1989 881; x_wconf 87' lang='lat' dir='ltr'>elabi.</span> 
     </span>
     <span class='ocr_line' id='line_1_9' title="bbox 263 915 1991 971; baseline 0.001 -15"><span class='ocrx_word' id='word_1_61' title='bbox 263 916 429 957; x_wconf 87' lang='lat' dir='ltr'>Iniunxi</span> <span class='ocrx_word' id='word_1_62' title='bbox 480 915 610 968; x_wconf 88' lang='lat' dir='ltr'>igitur</span> <span class='ocrx_word' id='word_1_63' title='bbox 648 915 798 969; x_wconf 83' lang='lat' dir='ltr'>ijsdein</span> <span class='ocrx_word' id='word_1_64' title='bbox 838 915 1058 971; x_wconf 89' lang='lat' dir='ltr'>Patribus,</span> <span class='ocrx_word' id='word_1_65' title='bbox 1110 920 1154 957; x_wconf 87' lang='lat' dir='ltr'>vt</span> <span class='ocrx_word' id='word_1_66' title='bbox 1199 915 1252 957; x_wconf 91' lang='lat' dir='ltr'>ad</span> <span class='ocrx_word' id='word_1_67' title='bbox 1293 928 1483 958; x_wconf 86' lang='lat' dir='ltr'>normam</span> <span class='ocrx_word' id='word_1_68' title='bbox 1527 916 1685 958; x_wconf 88' lang='lat' dir='ltr'>ordinis</span> <span class='ocrx_word' id='word_1_69' title='bbox 1734 919 1776 957; x_wconf 89' lang='lat' dir='ltr'>et</span> <span class='ocrx_word' id='word_1_70' title='bbox 1817 916 1991 958; x_wconf 86' lang='lat' dir='ltr'>rationis</span> 
     </span>
     <span class='ocr_line' id='line_1_10' title="bbox 262 989 1992 1046; baseline 0.001 -15"><span class='ocrx_word' id='word_1_71' title='bbox 262 990 501 1032; x_wconf 89' lang='lat' dir='ltr'>studiorum</span> <span class='ocrx_word' id='word_1_72' title='bbox 534 989 786 1032; x_wconf 89' lang='lat' dir='ltr'>conficerent</span> <span class='ocrx_word' id='word_1_73' title='bbox 818 991 1033 1044; x_wconf 77' lang='lat' dir='ltr'>catalogos</span> <span class='ocrx_word' id='word_1_74' title='bbox 1074 1003 1150 1045; x_wconf 90' lang='lat' dir='ltr'>pro</span> <span class='ocrx_word' id='word_1_75' title='bbox 1184 991 1348 1044; x_wconf 83' lang='lat' dir='ltr'>aliquot</span> <span class='ocrx_word' id='word_1_76' title='bbox 1379 992 1519 1046; x_wconf 89' lang='lat' dir='ltr'>annis,</span> <span class='ocrx_word' id='word_1_77' title='bbox 1551 992 1705 1045; x_wconf 90' lang='lat' dir='ltr'>quibus</span> <span class='ocrx_word' id='word_1_78' title='bbox 1738 991 1873 1034; x_wconf 90' lang='lat' dir='ltr'>adiuti</span> <span class='ocrx_word' id='word_1_79' title='bbox 1904 995 1992 1033; x_wconf 90' lang='lat' dir='ltr'>tam</span> 
     </span>
     <span class='ocr_line' id='line_1_11' title="bbox 263 1066 1991 1123; baseline 0.001 -16"><span class='ocrx_word' id='word_1_80' title='bbox 263 1066 464 1108; x_wconf 87' lang='lat' dir='ltr'>Rectores</span> <span class='ocrx_word' id='word_1_81' title='bbox 514 1078 641 1119; x_wconf 88' lang='lat' dir='ltr'>quam</span> <span class='ocrx_word' id='word_1_82' title='bbox 690 1066 956 1109; x_wconf 87' lang='lat' dir='ltr'>Professores</span> <span class='ocrx_word' id='word_1_83' title='bbox 1004 1067 1257 1120; x_wconf 87' lang='lat' dir='ltr'>tempestiue</span> <span class='ocrx_word' id='word_1_84' title='bbox 1310 1067 1632 1123; x_wconf 87' lang='lat' dir='ltr'>praeuiderent,</span> <span class='ocrx_word' id='word_1_85' title='bbox 1682 1067 1754 1120; x_wconf 89' lang='lat' dir='ltr'>qui</span> <span class='ocrx_word' id='word_1_86' title='bbox 1796 1070 1991 1109; x_wconf 85' lang='lat' dir='ltr'>auctores</span> 
     </span>
     <span class='ocr_line' id='line_1_12' title="bbox 262 1141 1994 1196; baseline 0.001 -14"><span class='ocrx_word' id='word_1_87' title='bbox 262 1141 438 1194; x_wconf 89' lang='lat' dir='ltr'>singulis</span> <span class='ocrx_word' id='word_1_88' title='bbox 478 1141 597 1183; x_wconf 88' lang='lat' dir='ltr'>annis</span> <span class='ocrx_word' id='word_1_89' title='bbox 639 1141 928 1196; x_wconf 78' lang='lat' dir='ltr'>praelegendi3</span> <span class='ocrx_word' id='word_1_90' title='bbox 979 1142 1248 1196; x_wconf 86' lang='lat' dir='ltr'>Typographi</span> <span class='ocrx_word' id='word_1_91' title='bbox 1292 1143 1485 1185; x_wconf 88' lang='lat' dir='ltr'>similiter</span> <span class='ocrx_word' id='word_1_92' title='bbox 1522 1143 1560 1184; x_wconf 89' lang='lat' dir='ltr'>in</span> <span class='ocrx_word' id='word_1_93' title='bbox 1611 1146 1801 1196; x_wconf 88' lang='lat' dir='ltr'>tempore</span> <span class='ocrx_word' id='word_1_94' title='bbox 1851 1142 1994 1184; x_wconf 88' lang='lat' dir='ltr'>admo-</span> 
     </span>
     <span class='ocr_line' id='line_1_13' title="bbox 264 1217 1992 1272; baseline 0.001 -15"><span class='ocrx_word' id='word_1_95' title='bbox 264 1220 486 1272; x_wconf 89' lang='lat' dir='ltr'>nerentur,</span> <span class='ocrx_word' id='word_1_96' title='bbox 529 1217 701 1270; x_wconf 87' lang='lat' dir='ltr'>quinam</span> <span class='ocrx_word' id='word_1_97' title='bbox 744 1217 944 1260; x_wconf 89' lang='lat' dir='ltr'>authores</span> <span class='ocrx_word' id='word_1_98' title='bbox 987 1218 1065 1260; x_wconf 89' lang='lat' dir='ltr'>hoc</span> <span class='ocrx_word' id='word_1_99' title='bbox 1104 1218 1167 1260; x_wconf 86' lang='lat' dir='ltr'>vel</span> <span class='ocrx_word' id='word_1_100' title='bbox 1207 1218 1289 1260; x_wconf 89' lang='lat' dir='ltr'>alio</span> <span class='ocrx_word' id='word_1_101' title='bbox 1331 1231 1440 1260; x_wconf 91' lang='lat' dir='ltr'>anno</span> <span class='ocrx_word' id='word_1_102' title='bbox 1473 1217 1728 1271; x_wconf 78' lang='lat' dir='ltr'>excudendi,</span> <span class='ocrx_word' id='word_1_103' title='bbox 1770 1231 1821 1259; x_wconf 91' lang='lat' dir='ltr'>ne</span> <span class='ocrx_word' id='word_1_104' title='bbox 1852 1217 1992 1269; x_wconf 84' lang='lat' dir='ltr'>libris,</span> 
     </span>
     <span class='ocr_line' id='line_1_14' title="bbox 266 1291 1991 1349; baseline 0.001 -16"><span class='ocrx_word' id='word_1_105' title='bbox 266 1292 435 1345; x_wconf 91' lang='lat' dir='ltr'>quando</span> <span class='ocrx_word' id='word_1_106' title='bbox 470 1305 575 1346; x_wconf 92' lang='lat' dir='ltr'>opus</span> <span class='ocrx_word' id='word_1_107' title='bbox 607 1291 735 1349; x_wconf 87' lang='lat' dir='ltr'>foret,</span> <span class='ocrx_word' id='word_1_108' title='bbox 773 1293 967 1347; x_wconf 87' lang='lat' dir='ltr'>discipuli</span> <span class='ocrx_word' id='word_1_109' title='bbox 1001 1293 1358 1347; x_wconf 79' lang='lat' dir='ltr'>destituerentur,</span> <span class='ocrx_word' id='word_1_110' title='bbox 1398 1294 1463 1336; x_wconf 86' lang='lat' dir='ltr'>vel</span> <span class='ocrx_word' id='word_1_111' title='bbox 1496 1293 1757 1347; x_wconf 89' lang='lat' dir='ltr'>Bibliopolae</span> <span class='ocrx_word' id='word_1_112' title='bbox 1788 1294 1991 1348; x_wconf 87' lang='lat' dir='ltr'>locorum,</span> 
     </span>
     <span class='ocr_line' id='line_1_15' title="bbox 265 1367 1991 1423; baseline 0.001 -15"><span class='ocrx_word' id='word_1_113' title='bbox 265 1367 333 1409; x_wconf 86' lang='lat' dir='ltr'>vbi</span> <span class='ocrx_word' id='word_1_114' title='bbox 366 1367 554 1420; x_wconf 89' lang='lat' dir='ltr'>Collegia</span> <span class='ocrx_word' id='word_1_115' title='bbox 584 1368 833 1410; x_wconf 88' lang='lat' dir='ltr'>Prouinciae</span> <span class='ocrx_word' id='word_1_116' title='bbox 865 1372 982 1418; x_wconf 81' lang='lat' dir='ltr'>sunt,</span> <span class='ocrx_word' id='word_1_117' title='bbox 1015 1369 1215 1422; x_wconf 89' lang='lat' dir='ltr'>conqueri</span> <span class='ocrx_word' id='word_1_118' title='bbox 1246 1369 1432 1423; x_wconf 77' lang='lat' dir='ltr'>possint,</span> <span class='ocrx_word' id='word_1_119' title='bbox 1466 1369 1642 1412; x_wconf 87' lang='lat' dir='ltr'>selibros</span> <span class='ocrx_word' id='word_1_120' title='bbox 1674 1370 1894 1422; x_wconf 82' lang='lat' dir='ltr'>Augustae</span> <span class='ocrx_word' id='word_1_121' title='bbox 1926 1368 1991 1410; x_wconf 91' lang='lat' dir='ltr'>vel</span> 
     </span>
     <span class='ocr_line' id='line_1_16' title="bbox 266 1443 1996 1498; baseline 0.001 -14"><span class='ocrx_word' id='word_1_122' title='bbox 266 1443 365 1485; x_wconf 90' lang='lat' dir='ltr'>alibi</span> <span class='ocrx_word' id='word_1_123' title='bbox 405 1456 487 1484; x_wconf 93' lang='lat' dir='ltr'>non</span> <span class='ocrx_word' id='word_1_124' title='bbox 530 1443 751 1485; x_wconf 86' lang='lat' dir='ltr'>invenisse.</span> <span class='ocrx_word' id='word_1_125' title='bbox 805 1469 853 1474; x_wconf 49' lang='grc' dir='ltr'>ψ-</span> <span class='ocrx_word' id='word_1_126' title='bbox 903 1444 1026 1486; x_wconf 91' lang='lat' dir='ltr'>Mitto</span> <span class='ocrx_word' id='word_1_127' title='bbox 1068 1445 1212 1497; x_wconf 89' lang='lat' dir='ltr'>itaque</span> <span class='ocrx_word' id='word_1_128' title='bbox 1253 1456 1347 1485; x_wconf 90' lang='lat' dir='ltr'>cum</span> <span class='ocrx_word' id='word_1_129' title='bbox 1386 1444 1450 1486; x_wconf 93' lang='lat' dir='ltr'>his</span> <span class='ocrx_word' id='word_1_130' title='bbox 1483 1444 1838 1498; x_wconf 86' lang='lat' dir='ltr'>quinquennalem</span> <span class='ocrx_word' id='word_1_131' title='bbox 1872 1443 1996 1486; x_wconf 88' lang='lat' dir='ltr'>Cata-</span> 
     </span>
     <span class='ocr_line' id='line_1_17' title="bbox 264 1518 1993 1575; baseline 0.001 -16"><span class='ocrx_word' id='word_1_132' title='bbox 264 1518 409 1571; x_wconf 91' lang='lat' dir='ltr'>logum</span> <span class='ocrx_word' id='word_1_133' title='bbox 449 1518 677 1560; x_wconf 88' lang='lat' dir='ltr'>lectionum</span> <span class='ocrx_word' id='word_1_134' title='bbox 715 1532 792 1573; x_wconf 88' lang='lat' dir='ltr'>pro</span> <span class='ocrx_word' id='word_1_135' title='bbox 830 1519 988 1561; x_wconf 88' lang='lat' dir='ltr'>nostris</span> <span class='ocrx_word' id='word_1_136' title='bbox 1029 1519 1204 1573; x_wconf 86' lang='lat' dir='ltr'>scholis,</span> <span class='ocrx_word' id='word_1_137' title='bbox 1248 1520 1321 1573; x_wconf 91' lang='lat' dir='ltr'>qui</span> <span class='ocrx_word' id='word_1_138' title='bbox 1362 1520 1538 1573; x_wconf 90' lang='lat' dir='ltr'>singulis</span> <span class='ocrx_word' id='word_1_139' title='bbox 1581 1520 1727 1562; x_wconf 89' lang='lat' dir='ltr'>lustris</span> <span class='ocrx_word' id='word_1_140' title='bbox 1760 1523 1993 1575; x_wconf 89' lang='lat' dir='ltr'>recurrent,</span> 
     </span>
     <span class='ocr_line' id='line_1_18' title="bbox 271 1594 1993 1651; baseline 0.001 -16"><span class='ocrx_word' id='word_1_141' title='bbox 271 1594 394 1636; x_wconf 87' lang='lat' dir='ltr'>mitto</span> <span class='ocrx_word' id='word_1_142' title='bbox 427 1594 552 1636; x_wconf 92' lang='lat' dir='ltr'>simul</span> <span class='ocrx_word' id='word_1_143' title='bbox 583 1596 626 1635; x_wconf 88' lang='lat' dir='ltr'>et</span> <span class='ocrx_word' id='word_1_144' title='bbox 656 1594 697 1635; x_wconf 93' lang='lat' dir='ltr'>in</span> <span class='ocrx_word' id='word_1_145' title='bbox 732 1594 814 1636; x_wconf 88' lang='lat' dir='ltr'>alia</span> <span class='ocrx_word' id='word_1_146' title='bbox 854 1597 972 1636; x_wconf 85' lang='lat' dir='ltr'>carta</span> <span class='ocrx_word' id='word_1_147' title='bbox 1009 1595 1331 1637; x_wconf 88' lang='lat' dir='ltr'>commentarios</span> <span class='ocrx_word' id='word_1_148' title='bbox 1372 1596 1627 1649; x_wconf 90' lang='lat' dir='ltr'>optimorum</span> <span class='ocrx_word' id='word_1_149' title='bbox 1660 1596 1912 1651; x_wconf 76' lang='lat' dir='ltr'>Auctorum,</span> <span class='ocrx_word' id='word_1_150' title='bbox 1950 1598 1993 1636; x_wconf 83' lang='lat' dir='ltr'>vt</span> 
     </span>
     <span class='ocr_line' id='line_1_19' title="bbox 266 1669 1994 1726; baseline 0 -15"><span class='ocrx_word' id='word_1_151' title='bbox 266 1670 567 1722; x_wconf 84' lang='lat' dir='ltr'>Praeceptores</span> <span class='ocrx_word' id='word_1_152' title='bbox 610 1669 744 1711; x_wconf 87' lang='lat' dir='ltr'>nostri</span> <span class='ocrx_word' id='word_1_153' title='bbox 783 1670 824 1711; x_wconf 92' lang='lat' dir='ltr'>in</span> <span class='ocrx_word' id='word_1_154' title='bbox 866 1673 1064 1723; x_wconf 90' lang='lat' dir='ltr'>promptu</span> <span class='ocrx_word' id='word_1_155' title='bbox 1102 1670 1287 1712; x_wconf 91' lang='lat' dir='ltr'>habeant</span> <span class='ocrx_word' id='word_1_156' title='bbox 1329 1671 1487 1725; x_wconf 79' lang='lat' dir='ltr'>fontes,</span> <span class='ocrx_word' id='word_1_157' title='bbox 1530 1670 1589 1726; x_wconf 88' lang='lat' dir='ltr'>[e]</span> <span class='ocrx_word' id='word_1_158' title='bbox 1630 1670 1783 1723; x_wconf 91' lang='lat' dir='ltr'>quibus</span> <span class='ocrx_word' id='word_1_159' title='bbox 1823 1670 1994 1712; x_wconf 88' lang='lat' dir='ltr'>haurire</span> 
     </span>
     <span class='ocr_line' id='line_1_20' title="bbox 267 1744 1860 1799; baseline 0.001 -14"><span class='ocrx_word' id='word_1_160' title='bbox 267 1744 449 1799; x_wconf 77' lang='lat' dir='ltr'>possint,</span> <span class='ocrx_word' id='word_1_161' title='bbox 489 1748 534 1786; x_wconf 89' lang='lat' dir='ltr'>vt</span> <span class='ocrx_word' id='word_1_162' title='bbox 566 1757 614 1786; x_wconf 90' lang='lat' dir='ltr'>eo</span> <span class='ocrx_word' id='word_1_163' title='bbox 647 1744 827 1787; x_wconf 86' lang='lat' dir='ltr'>alacrius</span> <span class='ocrx_word' id='word_1_164' title='bbox 860 1758 952 1787; x_wconf 89' lang='lat' dir='ltr'>sese</span> <span class='ocrx_word' id='word_1_165' title='bbox 984 1757 1135 1798; x_wconf 82' lang='lat' dir='ltr'>parare</span> <span class='ocrx_word' id='word_1_166' title='bbox 1167 1746 1335 1788; x_wconf 86' lang='lat' dir='ltr'>valeant</span> <span class='ocrx_word' id='word_1_167' title='bbox 1367 1758 1443 1799; x_wconf 91' lang='lat' dir='ltr'>pro</span> <span class='ocrx_word' id='word_1_168' title='bbox 1476 1746 1563 1787; x_wconf 89' lang='lat' dir='ltr'>suis</span> <span class='ocrx_word' id='word_1_169' title='bbox 1595 1745 1860 1787; x_wconf 90' lang='lat' dir='ltr'>lectionibus.</span> 
     </span>
    </p>

    <p class='ocr_par' dir='ltr' id='par_1_4' title="bbox 269 1819 1994 2400">
     <span class='ocr_line' id='line_1_21' title="bbox 407 1819 1993 1875; baseline 0.001 -15"><span class='ocrx_word' id='word_1_170' title='bbox 407 1819 512 1861; x_wconf 86' lang='lat' dir='ltr'>Cum</span> <span class='ocrx_word' id='word_1_171' title='bbox 550 1819 681 1872; x_wconf 88' lang='lat' dir='ltr'>igitur</span> <span class='ocrx_word' id='word_1_172' title='bbox 711 1832 793 1861; x_wconf 90' lang='lat' dir='ltr'>non</span> <span class='ocrx_word' id='word_1_173' title='bbox 827 1819 1011 1875; x_wconf 86' lang='lat' dir='ltr'>videam,</span> <span class='ocrx_word' id='word_1_174' title='bbox 1050 1820 1153 1873; x_wconf 89' lang='lat' dir='ltr'>quid</span> <span class='ocrx_word' id='word_1_175' title='bbox 1191 1821 1364 1862; x_wconf 85' lang='lat' dir='ltr'>vlterius</span> <span class='ocrx_word' id='word_1_176' title='bbox 1396 1821 1437 1862; x_wconf 91' lang='lat' dir='ltr'>in</span> <span class='ocrx_word' id='word_1_177' title='bbox 1469 1820 1546 1862; x_wconf 89' lang='lat' dir='ltr'>hoc</span> <span class='ocrx_word' id='word_1_178' title='bbox 1578 1832 1730 1873; x_wconf 85' lang='lat' dir='ltr'>genere</span> <span class='ocrx_word' id='word_1_179' title='bbox 1763 1820 1993 1863; x_wconf 88' lang='lat' dir='ltr'>desiderari</span> 
     </span>
     <span class='ocr_line' id='line_1_22' title="bbox 269 1895 1993 1950; baseline 0.002 -15"><span class='ocrx_word' id='word_1_180' title='bbox 269 1901 311 1936; x_wconf 89' lang='lat' dir='ltr'>et</span> <span class='ocrx_word' id='word_1_181' title='bbox 352 1906 377 1935; x_wconf 86' lang='lat' dir='ltr'>a</span> <span class='ocrx_word' id='word_1_182' title='bbox 418 1908 484 1936; x_wconf 89' lang='lat' dir='ltr'>me</span> <span class='ocrx_word' id='word_1_183' title='bbox 522 1895 610 1948; x_wconf 91' lang='lat' dir='ltr'>peti</span> <span class='ocrx_word' id='word_1_184' title='bbox 640 1895 793 1950; x_wconf 81' lang='lat' dir='ltr'>possit,</span> <span class='ocrx_word' id='word_1_185' title='bbox 835 1896 915 1938; x_wconf 90' lang='lat' dir='ltr'>erit</span> <span class='ocrx_word' id='word_1_186' title='bbox 954 1896 1123 1938; x_wconf 50' lang='lat' dir='ltr'>RRffl-qm</span> <span class='ocrx_word' id='word_1_187' title='bbox 1153 1896 1238 1937; x_wconf 81' lang='lat' dir='ltr'>VV.</span> <span class='ocrx_word' id='word_1_188' title='bbox 1271 1896 1373 1938; x_wconf 88' lang='lat' dir='ltr'>haec</span> <span class='ocrx_word' id='word_1_189' title='bbox 1416 1908 1510 1938; x_wconf 87' lang='lat' dir='ltr'>cum</span> <span class='ocrx_word' id='word_1_190' title='bbox 1551 1896 1705 1938; x_wconf 88' lang='lat' dir='ltr'>litteris</span> <span class='ocrx_word' id='word_1_191' title='bbox 1742 1896 1845 1938; x_wconf 84' lang='lat' dir='ltr'>meis</span> <span class='ocrx_word' id='word_1_192' title='bbox 1887 1897 1993 1938; x_wconf 92' lang='lat' dir='ltr'>libro</span> 
     </span>
     <span class='ocr_line' id='line_1_23' title="bbox 271 1969 1994 2024; baseline 0.002 -14"><span class='ocrx_word' id='word_1_193' title='bbox 271 1969 514 2021; x_wconf 88' lang='lat' dir='ltr'>inscribere,</span> <span class='ocrx_word' id='word_1_194' title='bbox 547 1982 598 2012; x_wconf 90' lang='lat' dir='ltr'>ne</span> <span class='ocrx_word' id='word_1_195' title='bbox 631 1969 825 2023; x_wconf 89' lang='lat' dir='ltr'>deinceps</span> <span class='ocrx_word' id='word_1_196' title='bbox 858 1983 963 2024; x_wconf 90' lang='lat' dir='ltr'>opus</span> <span class='ocrx_word' id='word_1_197' title='bbox 995 1971 1051 2013; x_wconf 91' lang='lat' dir='ltr'>sit</span> <span class='ocrx_word' id='word_1_198' title='bbox 1082 1970 1257 2023; x_wconf 91' lang='lat' dir='ltr'>singulis</span> <span class='ocrx_word' id='word_1_199' title='bbox 1291 1971 1409 2013; x_wconf 87' lang='lat' dir='ltr'>annis</span> <span class='ocrx_word' id='word_1_200' title='bbox 1439 1971 1490 2013; x_wconf 87' lang='lat' dir='ltr'>ad</span> <span class='ocrx_word' id='word_1_201' title='bbox 1514 1971 1822 2014; x_wconf 88' lang='lat' dir='ltr'>Prouincialem</span> <span class='ocrx_word' id='word_1_202' title='bbox 1854 1984 1994 2014; x_wconf 89' lang='lat' dir='ltr'>recur-</span> 
     </span>
     <span class='ocr_line' id='line_1_24' title="bbox 270 2044 1991 2102; baseline 0.002 -17"><span class='ocrx_word' id='word_1_203' title='bbox 270 2057 383 2095; x_wconf 86' lang='lat' dir='ltr'>rere,</span> <span class='ocrx_word' id='word_1_204' title='bbox 425 2044 649 2097; x_wconf 84' lang='lat' dir='ltr'>omniaque</span> <span class='ocrx_word' id='word_1_205' title='bbox 689 2045 830 2087; x_wconf 85' lang='lat' dir='ltr'>debita</span> <span class='ocrx_word' id='word_1_206' title='bbox 868 2058 963 2088; x_wconf 90' lang='lat' dir='ltr'>cum</span> <span class='ocrx_word' id='word_1_207' title='bbox 996 2046 1214 2099; x_wconf 78' lang='lat' dir='ltr'>diligentia</span> <span class='ocrx_word' id='word_1_208' title='bbox 1245 2046 1494 2099; x_wconf 83' lang='lat' dir='ltr'>obseruare,</span> <span class='ocrx_word' id='word_1_209' title='bbox 1534 2060 1670 2100; x_wconf 91' lang='lat' dir='ltr'>neque</span> <span class='ocrx_word' id='word_1_210' title='bbox 1702 2060 1777 2101; x_wconf 88' lang='lat' dir='ltr'>per</span> <span class='ocrx_word' id='word_1_211' title='bbox 1808 2048 1991 2102; x_wconf 85' lang='lat' dir='ltr'>mittere,</span> 
     </span>
     <span class='ocr_line' id='line_1_25' title="bbox 272 2119 1991 2176; baseline 0.002 -16"><span class='ocrx_word' id='word_1_212' title='bbox 272 2123 321 2160; x_wconf 88' lang='lat' dir='ltr'>ut</span> <span class='ocrx_word' id='word_1_213' title='bbox 352 2122 439 2160; x_wconf 85' lang='lat' dir='ltr'>tam</span> <span class='ocrx_word' id='word_1_214' title='bbox 471 2119 522 2161; x_wconf 90' lang='lat' dir='ltr'>de</span> <span class='ocrx_word' id='word_1_215' title='bbox 546 2119 750 2173; x_wconf 86' lang='lat' dir='ltr'>Catalogo</span> <span class='ocrx_word' id='word_1_216' title='bbox 782 2120 998 2171; x_wconf 79' lang='lat' dir='ltr'>libroruin,</span> <span class='ocrx_word' id='word_1_217' title='bbox 1028 2134 1156 2174; x_wconf 88' lang='lat' dir='ltr'>quam</span> <span class='ocrx_word' id='word_1_218' title='bbox 1186 2121 1236 2163; x_wconf 92' lang='lat' dir='ltr'>de</span> <span class='ocrx_word' id='word_1_219' title='bbox 1259 2121 1422 2163; x_wconf 89' lang='lat' dir='ltr'>delectu</span> <span class='ocrx_word' id='word_1_220' title='bbox 1446 2126 1668 2164; x_wconf 89' lang='lat' dir='ltr'>auctorum</span> <span class='ocrx_word' id='word_1_221' title='bbox 1690 2123 1991 2176; x_wconf 90' lang='lat' dir='ltr'>Praeceptores</span> 
     </span>
     <span class='ocr_line' id='line_1_26' title="bbox 274 2194 1992 2253; baseline 0.002 -18"><span class='ocrx_word' id='word_1_222' title='bbox 274 2194 337 2236; x_wconf 92' lang='lat' dir='ltr'>vel</span> <span class='ocrx_word' id='word_1_223' title='bbox 375 2194 442 2247; x_wconf 91' lang='lat' dir='ltr'>alij</span> <span class='ocrx_word' id='word_1_224' title='bbox 483 2195 751 2247; x_wconf 91' lang='lat' dir='ltr'>quaestiones</span> <span class='ocrx_word' id='word_1_225' title='bbox 792 2196 937 2238; x_wconf 87' lang='lat' dir='ltr'>inanes</span> <span class='ocrx_word' id='word_1_226' title='bbox 980 2209 1027 2239; x_wconf 87' lang='lat' dir='ltr'>ac</span> <span class='ocrx_word' id='word_1_227' title='bbox 1067 2197 1401 2250; x_wconf 85' lang='lat' dir='ltr'>comparationes</span> <span class='ocrx_word' id='word_1_228' title='bbox 1442 2197 1611 2240; x_wconf 87' lang='lat' dir='ltr'>inutiles</span> <span class='ocrx_word' id='word_1_229' title='bbox 1652 2201 1871 2253; x_wconf 86' lang='lat' dir='ltr'>moueant,</span> <span class='ocrx_word' id='word_1_230' title='bbox 1919 2197 1992 2239; x_wconf 91' lang='lat' dir='ltr'>sed</span> 
     </span>
     <span class='ocr_line' id='line_1_27' title="bbox 274 2269 1994 2325; baseline 0.003 -16"><span class='ocrx_word' id='word_1_231' title='bbox 274 2269 414 2322; x_wconf 87' lang='lat' dir='ltr'>potius</span> <span class='ocrx_word' id='word_1_232' title='bbox 455 2269 707 2321; x_wconf 87' lang='lat' dir='ltr'>gratissimis</span> <span class='ocrx_word' id='word_1_233' title='bbox 746 2271 895 2313; x_wconf 89' lang='lat' dir='ltr'>animis</span> <span class='ocrx_word' id='word_1_234' title='bbox 938 2271 1249 2325; x_wconf 81' lang='lat' dir='ltr'>amplectantur</span> <span class='ocrx_word' id='word_1_235' title='bbox 1289 2284 1397 2325; x_wconf 84' lang='lat' dir='ltr'>quae</span> <span class='ocrx_word' id='word_1_236' title='bbox 1436 2272 1477 2313; x_wconf 91' lang='lat' dir='ltr'>in</span> <span class='ocrx_word' id='word_1_237' title='bbox 1509 2272 1665 2314; x_wconf 90' lang='lat' dir='ltr'>bonum</span> <span class='ocrx_word' id='word_1_238' title='bbox 1698 2273 1865 2314; x_wconf 87' lang='lat' dir='ltr'>illorum</span> <span class='ocrx_word' id='word_1_239' title='bbox 1899 2272 1994 2314; x_wconf 88' lang='lat' dir='ltr'>affe-</span> 
     </span>
     <span class='ocr_line' id='line_1_28' title="bbox 275 2344 1713 2400; baseline 0.003 -15"><span class='ocrx_word' id='word_1_240' title='bbox 275 2348 440 2385; x_wconf 88' lang='lat' dir='ltr'>runtur.</span> <span class='ocrx_word' id='word_1_241' title='bbox 501 2344 568 2386; x_wconf 92' lang='lat' dir='ltr'>Me</span> <span class='ocrx_word' id='word_1_242' title='bbox 599 2345 793 2398; x_wconf 88' lang='lat' dir='ltr'>precibus</span> <span class='ocrx_word' id='word_1_243' title='bbox 826 2350 902 2388; x_wconf 90' lang='lat' dir='ltr'>cet.</span> <span class='ocrx_word' id='word_1_244' title='bbox 937 2371 990 2376; x_wconf 85' lang='lat'>——</span> <span class='ocrx_word' id='word_1_245' title='bbox 1022 2346 1270 2399; x_wconf 88' lang='lat' dir='ltr'>Ingolstadii</span> <span class='ocrx_word' id='word_1_246' title='bbox 1304 2347 1370 2389; x_wconf 74' lang='lat'>25.</span> <span class='ocrx_word' id='word_1_247' title='bbox 1402 2347 1558 2400; x_wconf 89' lang='lat' dir='ltr'>Aprilis</span> <span class='ocrx_word' id='word_1_248' title='bbox 1594 2350 1713 2389; x_wconf 77' lang='lat'>1604.</span> 
     </span>
    </p>
   </div>
   <div class='ocr_carea' id='block_1_3' title="bbox 1373 2438 1852 2492">
    <p class='ocr_par' dir='ltr' id='par_1_5' title="bbox 1373 2438 1852 2492">
     <span class='ocr_line' id='line_1_29' title="bbox 1373 2438 1852 2492; baseline 0.002 -12"><span class='ocrx_word' id='word_1_249' title='bbox 1373 2438 1602 2492; x_wconf 86' lang='lat' dir='ltr'>Gregorius</span> <span class='ocrx_word' id='word_1_250' title='bbox 1634 2440 1852 2482; x_wconf 86' lang='lat' dir='ltr'>Roseffius.</span> 
     </span>
    </p>
   </div>
   <div class='ocr_carea' id='block_1_4' title="bbox 350 3143 554 3147">
    <p class='ocr_par' dir='ltr' id='par_1_6' title="bbox 350 3143 554 3147">
     <span class='ocr_line' id='line_1_30' title="bbox 350 3143 554 3147; baseline 0 0"><span class='ocrx_word' id='word_1_251' title='bbox 350 3143 554 3147; x_wconf 95' lang='lat' dir='ltr'> </span> 
     </span>
    </p>
   </div>
   <div class='ocr_carea' id='block_1_5' title="bbox 418 3186 841 3233">
    <p class='ocr_par' dir='ltr' id='par_1_7' title="bbox 418 3186 841 3233">
     <span class='ocr_line' id='line_1_31' title="bbox 418 3186 841 3233; baseline 0.005 -13"><span class='ocrx_word' id='word_1_252' title='bbox 418 3189 444 3230; x_wconf 90' lang='lat' dir='ltr'>l)</span> <span class='ocrx_word' id='word_1_253' title='bbox 468 3186 549 3221; x_wconf 83' lang='lat' dir='ltr'>Rat.</span> <span class='ocrx_word' id='word_1_254' title='bbox 576 3188 667 3222; x_wconf 82' lang='lat' dir='ltr'>stud.</span> <span class='ocrx_word' id='word_1_255' title='bbox 693 3188 738 3233; x_wconf 91' lang='lat'>11,</span> <span class='ocrx_word' id='word_1_256' title='bbox 763 3191 841 3224; x_wconf 83' lang='lat'>509.</span> 
     </span>
    </p>
   </div>
  </div>
 </body>
</html>
