2164 3535
187 203 270 244 298
524 201 686 236 Aelteste
714 201 881 236 Statuten
907 200 970 236 des
997 200 1133 236 Wirzb.
1159 200 1447 236 Pr.-Seminars.
1491 205 1587 239 1608.

730 408 996 451 Officium
1036 409 1375 463 organistae.

325 515 670 567 Quotiescunque
702 526 904 566 vesperae
933 514 1008 555 aut
1029 513 1183 556 missae
1206 513 1459 557 sacrificium
1483 517 1725 571 cantantur,
1758 527 1920 568 organa

186 591 356 645 pulsare
389 593 453 632 est
485 589 718 645 obligatus,
751 588 1111 642 quemadmodum
1144 602 1333 646 quoque,
1373 590 1407 633 si
1440 590 1678 632 matutinae
1710 590 1919 633 solemnes

186 666 477 721 celebrentur,
526 664 579 707 ad
619 664 940 707 Benedictus
987 668 1030 707 et
1077 665 1282 719 hymnum
1324 666 1388 708 Te
1429 666 1586 708 Deum
1634 666 1917 709 laudamus.

186 740 355 784 claudet
393 739 521 782 finitis
562 740 712 782 divinis
751 739 899 783 officiis
939 740 1116 794 ostium,
1158 753 1211 783 ne
1242 740 1336 794 quis
1370 753 1415 783 se
1448 741 1624 784 absente
1654 741 1921 795 ingrediatur

186 816 241 859 ad
273 828 433 869 organa
473 818 516 858 et
545 815 586 857 in
619 815 669 857 iis
704 815 806 869 quid
849 815 1055 858 destruat.
1105 818 1254 858 utetur
1296 817 1439 859 autem
1480 816 1769 873 cantionibus,
1811 829 1921 871 quae

186 892 239 934 ad
273 892 539 934 devotionem
563 892 762 947 excitant,
795 903 878 933 non
908 891 1074 934 lascivis
1098 895 1173 934 aut
1195 892 1459 947 vulgaribus,
1492 905 1602 946 quae
1624 892 1689 935 vel
1711 892 1765 934 ad
1788 892 1919 935 risum

185 968 249 1009 vel
293 967 348 1009 ad
390 980 533 1009 rerum
576 980 797 1009 sacrarum
839 970 1129 1020 contemptum
1170 968 1331 1009 animos
1382 968 1626 1010 auditorum
1674 981 1920 1023 permovere

186 1047 379 1098 possunt.
445 1042 657 1086 Salarium
690 1075 698 1084 .
724 1078 732 1086 .
758 1074 765 1083 .
793 1074 801 1083 .
834 1042 998 1097 (Lucke
1029 1042 1071 1084 in
1104 1042 1179 1085 der
1210 1042 1335 1096 Urk.)

740 1297 1004 1341 Officium
1045 1298 1368 1341 sacristani.

325 1403 431 1446 Cum
465 1403 654 1457 supellex
685 1403 973 1446 ecclesiastica
994 1415 1075 1445 non
1099 1403 1237 1456 exigui
1259 1402 1385 1457 pretii
1408 1402 1613 1445 committi
1636 1402 1771 1444 soleat
1792 1401 1920 1456 hujus

187 1479 350 1532 collegii
398 1479 658 1535 sacristano,
706 1479 808 1520 nulli
861 1478 1057 1532 deinceps
1104 1478 1182 1521 hoc
1229 1477 1410 1520 officium
1459 1477 1773 1533 committetur,
1819 1478 1920 1531 quin

184 1554 470 1597 fideiiussores
503 1553 686 1607 dederit,
727 1554 819 1609 qui,
860 1554 894 1596 si
939 1554 1051 1596 illius
1083 1554 1342 1607 negligentia
1376 1556 1452 1595 aut
1483 1553 1608 1607 culpa
1639 1552 1741 1607 quid
1774 1553 1921 1607 deper-

185 1630 320 1671 ditum
363 1630 616 1672 amissumve
659 1628 810 1684 fuerit,
858 1642 902 1671 se
952 1629 1248 1671 satisfacturos
1291 1628 1341 1671 de
1383 1628 1535 1671 damno
1579 1631 1751 1682 accepto
1802 1627 1921 1682 polli-

186 1709 375 1747 ceantur.
424 1717 547 1747 mane
587 1704 735 1746 diebus
778 1704 953 1757 singulis
988 1704 1123 1758 primo
1155 1707 1254 1757 post
1285 1704 1476 1757 quintam
1510 1703 1750 1758 quadrante
1782 1703 1920 1746 claves

186 1781 331 1835 templi
365 1794 390 1823 a
419 1784 592 1834 regente
624 1781 800 1834 accipiet
822 1782 864 1823 et
886 1781 1025 1823 omnia
1047 1780 1088 1822 in
1112 1780 1269 1834 templo
1293 1779 1346 1822 ad
1369 1792 1537 1823 sacrum
1560 1779 1715 1821 missae
1738 1778 1919 1821 officium

186 1857 369 1912 parabit,
401 1870 453 1898 ne
485 1856 624 1898 media
655 1860 789 1910 sexta,
823 1856 992 1910 quando
1025 1855 1191 1897 initium
1224 1856 1378 1898 missae
1405 1854 1659 1910 faciendum,
1692 1853 1919 1907 quicquam

185 1932 293 1974 desit
324 1936 367 1974 et
398 1931 713 1974 sacrificaturus
747 1935 992 1985 exspectare
1025 1934 1215 1984 cogatur.
1266 1931 1604 1984 quotiescunque
1630 1929 1776 1982 templi
1809 1928 1920 1970 ostia

184 2007 414 2061 patebunt,
457 2020 539 2049 non
582 2007 845 2060 egredietur,
886 2019 938 2048 ne
978 2007 1079 2059 quid
1122 2007 1213 2060 ipso
1255 2005 1430 2048 absente
1471 2018 1521 2047 ex
1560 2004 1766 2047 altaribus
1802 2003 1917 2045 furto

185 2082 417 2125 auferatur.
466 2086 515 2123 ut
536 2082 740 2136 templum
765 2084 1039 2124 conservetur
1060 2080 1280 2135 mundum,
1312 2080 1366 2121 ad
1389 2080 1502 2134 quod
1526 2080 1705 2122 studiosi
1730 2079 1920 2133 quotidie

185 2157 396 2199 confluere
437 2157 595 2212 solent,
645 2156 820 2210 singulis
864 2156 1111 2210 septimanis
1151 2155 1257 2197 illud
1298 2156 1519 2197 minimum
1559 2155 1621 2198 bis
1664 2158 1827 2211 verret,
1871 2158 1920 2197 ut

186 2244 329 2274 omnes
361 2231 457 2274 inde
486 2231 653 2287 sordes,
696 2244 805 2285 quae
838 2244 862 2273 a
895 2231 1019 2274 domo
1053 2231 1119 2274 dei
1151 2244 1280 2285 quam
1311 2231 1553 2284 longissime
1585 2230 1735 2273 abesse
1777 2230 1919 2273 solent

185 2310 227 2348 et
266 2306 440 2361 debent,
484 2307 747 2349 auferantur.
803 2319 855 2349 110
896 2319 1066 2360 quoque
1107 2306 1357 2350 excurrendi
1398 2319 1475 2360 per
1513 2305 1720 2359 templum
1753 2306 1917 2348 occasio

186 2382 388 2425 studiosis
421 2382 584 2435 collegii
616 2382 755 2438 detur,
788 2381 916 2425 finitis
949 2382 1081 2425 sacris
1101 2384 1155 2424 *et
1187 2381 1350 2425 cunctis
1374 2381 1492 2424 ostiis
1515 2380 1740 2437 obseratis,
1771 2381 1919 2435 templi

186 2458 345 2500 clavem
378 2457 431 2499 ad
464 2460 681 2511 regentem
714 2456 891 2513 referet,
934 2456 1112 2499 eandem
1143 2469 1219 2510 per
1251 2455 1363 2498 diem
1406 2455 1691 2511 repetiturus,
1734 2454 1919 2509 quoties-

187 2545 352 2586 cunque
386 2544 491 2586 opus
524 2532 663 2574 fuerit.
720 2532 921 2586 quicquid
952 2545 1000 2575 ex
1034 2531 1297 2585 supellectile
1329 2531 1627 2586 ecclesiastica,
1660 2530 1765 2573 albis
1797 2543 1918 2584 prae-

191 2608 311 2661 cipue
342 2607 632 2650 humeralibus
665 2620 738 2650 seu
771 2607 1023 2659 tobealibus,
1056 2619 1137 2649 usu
1166 2606 1362 2648 attritum
1395 2605 1537 2662 fuerit,
1571 2606 1604 2648 si
1636 2605 1814 2658 singulis
1846 2605 1918 2648 tri-

187 2682 414 2725 mestribus
457 2683 603 2736 templi
646 2685 820 2725 ornatus
861 2683 1012 2724 visitur
1052 2695 1076 2724 a
1118 2682 1217 2724 viris
1250 2681 1303 2723 ad
1335 2681 1377 2722 id
1410 2681 1649 2737 deputatis,
1691 2680 1917 2733 exhibebit,

187 2758 341 2811 quidve
382 2757 668 2811 reparandum
709 2757 774 2799 vel
819 2757 869 2799 de
907 2770 1015 2799 novo
1056 2756 1387 2811 comparandum
1401 2790 1411 2812 ,
1454 2756 1719 2809 significabit.
1776 2755 1918 2797 inven-

188 2833 343 2874 tarium
385 2832 560 2873 alterius
603 2833 730 2874 etiam
771 2832 1045 2886 supellectilis
1087 2844 1162 2874 seu
1204 2832 1314 2874 telae
1355 2831 1491 2873 lineae
1532 2830 1726 2886 habebit,
1770 2833 1918 2883 utpote

190 2907 494 2961 linteaminum,
525 2907 777 2962 mantilium,
811 2919 1061 2961 mapparum
1094 2907 1134 2948 in
1170 2906 1335 2948 mensis.
1395 2919 1444 2948 ex
1476 2906 1539 2947 his
1572 2905 1776 2959 similiter,
1809 2917 1918 2958 quae

188 2982 348 3024 fuerint
377 2982 536 3036 lacera,
577 2981 611 3023 si
644 2981 697 3022 ad
729 2981 938 3035 hospitale
970 2982 1183 3023 Iulianum
1216 2981 1382 3035 tulerit,
1425 2994 1535 3023 nova
1567 2981 1741 3034 recipiet
1773 2993 1797 3022 a
1829 2993 1917 3022 sar-

190 3060 282 3098 tore
315 3056 465 3109 aulico,
497 3056 621 3098 modo
654 3056 744 3109 ejus
778 3057 837 3098 rei
871 3056 1108 3098 exhibuerit
1139 3055 1426 3099 testimonium
1452 3056 1616 3110 abipso
1640 3054 1915 3108 hospitalario

191 3132 488 3184 conscriptum.
546 3131 769 3183 aliquoties
801 3144 877 3184 per
909 3145 1065 3174 annum
1099 3131 1264 3174 casulas
1298 3131 1512 3184 aliumque
1543 3130 1686 3185 templi
1720 3133 1917 3172 ornatum
