2164 3535
412 223 619 259 Beibericht
644 224 707 259 der
734 223 1158 260 Studien-Kommiss'are
1184 235 1248 259 zur
1274 223 1314 258 R.
1342 230 1382 258 st..
1413 235 1479 258 von
1510 228 1606 260 1832.
1788 230 1868 270 505

152 363 462 417 Theologorum
504 368 544 407 et
588 364 965 420 Philosophorum,
1006 377 1113 418 quas
1151 364 1233 406 huc
1276 365 1591 420 transtulimuS,
1639 369 1729 408 tum
1772 367 1872 420 quia

156 440 330 493 regulae
362 440 570 483 Praefecti
602 441 836 484 Rhetorum
869 444 911 483 et
942 441 1325 483 Grammaticorum
1358 453 1440 482 non
1473 443 1615 495 erant,
1648 444 1736 482 tum
1772 443 1871 494 quia

153 514 194 555 in
229 514 384 567 regulis
415 515 496 557 huc
532 517 751 558 translatis
784 518 876 559 erat
898 516 1012 569 quod
1041 515 1308 558 inferioribus
1330 515 1481 558 scholis
1505 516 1692 568 coaptari
1716 521 1870 569 posset.

290 606 339 648 N.
364 603 458 651 184.
510 608 583 649 Ad
617 621 721 660 reg.
746 609 784 650 5.
836 608 914 650 Hic
944 609 1104 651 inserta
1135 622 1182 651 ex
1215 609 1387 662 Regillis
1416 608 1550 651 Praef.
1575 608 1703 651 Acad.
1728 609 1868 651 Theol.

151 685 195 724 et
225 681 379 724 Philos.
412 686 588 736 propter
618 682 731 725 dicta
762 696 800 724 n.
838 695 975 736 praec.

305 1014 627 1081 Regulae
684 1015 1119 1065 Academiae
1174 1015 1713 1083 Theologorum

617 1115 679 1155 et
735 1108 1404 1174 Philosophorum.

288 1246 337 1287 N.
373 1243 465 1291 185.
530 1246 603 1287 Ad
636 1259 736 1299 reg.
777 1246 1090 1289 universim.
1165 1249 1213 1289 19
1248 1247 1581 1289 Exercitationes
1622 1248 1761 1290 varias
1802 1261 1872 1302 po-

151 1320 327 1371 suimus,
369 1324 460 1362 tum
492 1324 666 1374 propter
697 1321 960 1373 singularum
1001 1321 1251 1378 utilitatem,
1293 1324 1385 1364 tum
1426 1326 1473 1364 ut
1513 1322 1696 1365 varietas
1730 1323 1872 1376 aliqua

144 1395 334 1449 jucunda
376 1395 488 1437 adsit
526 1396 568 1437 in
609 1396 858 1438 Academiis.
922 1396 1027 1437 Dein
1066 1397 1332 1450 putavimus,
1372 1401 1491 1439 tanto
1532 1398 1740 1439 utiliorem
1783 1398 1872 1440 fore

150 1470 446 1526 Academiam,
479 1474 638 1523 quanto
670 1470 836 1524 lougius
870 1471 1002 1513 distat
1033 1484 1056 1513 a
1088 1470 1231 1514 schola
1263 1473 1499 1527 ordinaria,
1533 1477 1698 1515 retenta
1730 1476 1871 1516 tamen

150 1545 240 1598 ejus
272 1545 469 1586 utilitate.
524 1545 663 1596 Quare
696 1550 738 1588 et
760 1546 1031 1599 repetitiones
1053 1547 1337 1600 permittimus
1359 1547 1447 1589 fieri
1471 1549 1596 1601 paulo
1620 1549 1869 1591 ornatiores.

291 1640 342 1680 2¹?
382 1638 714 1680 Praescribimus
761 1641 979 1691 tamquam
1032 1639 1352 1682 exercitationes
1401 1641 1708 1683 communiores
1753 1654 1873 1694 prae-

150 1712 350 1755 lectiones
374 1725 448 1754 seu
481 1712 799 1755 dissertationes
832 1713 989 1766 scripto
1013 1717 1223 1769 exaratas,
1257 1727 1365 1767 quae
1388 1715 1530 1770 etiam,
1563 1728 1657 1757 cum
1692 1715 1869 1758 cautelis

152 1791 293 1830 tamen
326 1788 367 1829 in
399 1788 546 1841 regula
578 1788 787 1839 indicatis,
820 1789 964 1841 lingua
996 1789 1223 1831 vernacula
1254 1789 1343 1831 fieri
1376 1793 1566 1843 possunt.

290 1881 339 1922 N.
364 1877 458 1924 186.
519 1881 706 1933 Regulae
747 1881 883 1923 Praef.
925 1881 1052 1923 Acad.
1095 1881 1234 1924 Theol.
1278 1886 1320 1924 et
1361 1882 1710 1938 Philosophorum
1752 1884 1872 1926 omit—

152 1958 303 1997 tuntur
333 1959 508 2010 propter
539 1956 653 1999 dicta
685 1970 723 1998 n.
752 1958 830 1999 183
864 1958 945 2011 §2

187 2289 446 2356 Regulae
483 2289 839 2340 Academiae
877 2290 1197 2340 Rhetorum
1236 2301 1291 2340 et
1329 2291 1832 2340 Humanistarum.

292 2428 342 2470 N.
366 2425 458 2473 187.
509 2428 581 2470 Ad
613 2441 710 2481 reg.
746 2429 1035 2471 universim.
1094 2432 1142 2471 19
1176 2428 1424 2471 Putavimus
1457 2428 1665 2483 sufficere,
1699 2431 1746 2470 ut
1767 2428 1871 2471 Aca-

155 2502 303 2545 demici
343 2503 583 2556 hujusmodi
624 2503 895 2554 conveniant,
944 2506 992 2545 ut
1032 2503 1282 2558 plurimum,
1330 2504 1459 2546 semel
1498 2503 1539 2544 in
1587 2503 1870 2545 hebdomada:

156 2577 463 2631 frequentiores
496 2578 604 2619 enim
637 2578 844 2620 sessiones
876 2577 942 2619 vix
974 2578 1196 2631 patiuntur
1228 2578 1377 2631 reliqui
1418 2578 1582 2620 labores
1619 2578 1871 2621 scholastici.

294 2672 344 2712 29
378 2670 528 2712 Nullas
561 2669 717 2712 directe
739 2675 883 2723 partes
916 2669 1173 2712 moderatori
1205 2669 1485 2724 assignamus,
1518 2669 1597 2712 nisi
1622 2673 1669 2712 ut
1706 2670 1870 2712 »omnia

157 2744 354 2801 dirigat«,
386 2758 439 2786 ne
470 2744 638 2786 scholae
669 2745 847 2786 formam
879 2744 1029 2786 induat
1060 2744 1299 2786 Academia.

293 2839 345 2880 3⁶?
380 2838 726 2880 Academicorum
760 2836 1131 2879 exercitationibus
1163 2836 1431 2890 adjunximus
1466 2837 1629 2892 aliquas
1662 2838 1786 2893 alias,
1826 2841 1873 2880 ut

155 2913 250 2966 plus
282 2913 337 2955 sit
367 2913 599 2956 varietatis.
