<?xml version="1.0" encoding="UTF-8"?>
<!DOCTYPE html PUBLIC "-//W3C//DTD XHTML 1.0 Transitional//EN"
    "http://www.w3.org/TR/xhtml1/DTD/xhtml1-transitional.dtd">
<html xmlns="http://www.w3.org/1999/xhtml" xml:lang="en" lang="en">
 <head>
  <title>
</title>
<meta http-equiv="Content-Type" content="text/html;charset=utf-8" />
  <meta name='ocr-system' content='tesseract 3.04.00' />
  <meta name='ocr-capabilities' content='ocr_page ocr_carea ocr_par ocr_line ocrx_word'/>
</head>
<body>
  <div class='ocr_page' id='page_1' title='image "./ratiostudiorumet16jesu_0320.png"; bbox 0 0 2164 3535; ppageno 0'>
   <div class='ocr_carea' id='block_1_1' title="bbox 180 175 1581 221">
    <p class='ocr_par' dir='ltr' id='par_1_1' title="bbox 180 175 1581 221">
     <span class='ocr_line' id='line_1_1' title="bbox 180 175 1581 221; baseline 0.001 -9"><span class='ocrx_word' id='word_1_1' title='bbox 180 179 262 221; x_wconf 78' lang='grc'>296</span> <span class='ocrx_word' id='word_1_2' title='bbox 512 177 675 212; x_wconf 86' lang='lat' dir='ltr'>Aelteste</span> <span class='ocrx_word' id='word_1_3' title='bbox 703 177 871 212; x_wconf 83' lang='lat' dir='ltr'>Statuten</span> <span class='ocrx_word' id='word_1_4' title='bbox 898 176 961 211; x_wconf 88' lang='lat' dir='ltr'>des</span> <span class='ocrx_word' id='word_1_5' title='bbox 989 175 1125 211; x_wconf 88' lang='lat' dir='ltr'>Wirzb.</span> <span class='ocrx_word' id='word_1_6' title='bbox 1151 175 1441 212; x_wconf 87' lang='lat' dir='ltr'>Pr.-Seminars.</span> <span class='ocrx_word' id='word_1_7' title='bbox 1483 179 1581 213; x_wconf 88' lang='grc'>1608.</span> 
     </span>
    </p>
   </div>
   <div class='ocr_carea' id='block_1_2' title="bbox 559 250 1145 255">
    <p class='ocr_par' dir='ltr' id='par_1_2' title="bbox 559 250 1145 255">
     <span class='ocr_line' id='line_1_2' title="bbox 559 250 1145 255; baseline 0 0"><span class='ocrx_word' id='word_1_8' title='bbox 559 250 1145 255; x_wconf 95' lang='lat' dir='ltr'> </span> 
     </span>
    </p>
   </div>
   <div class='ocr_carea' id='block_1_3' title="bbox 180 316 1915 898">
    <p class='ocr_par' dir='ltr' id='par_1_3' title="bbox 180 316 1915 898">
     <span class='ocr_line' id='line_1_3' title="bbox 182 316 1912 373; baseline 0.001 -14"><span class='ocrx_word' id='word_1_9' title='bbox 182 317 313 373; x_wconf 89' lang='lat' dir='ltr'>bunt,</span> <span class='ocrx_word' id='word_1_10' title='bbox 361 330 470 371; x_wconf 91' lang='lat' dir='ltr'>quae</span> <span class='ocrx_word' id='word_1_11' title='bbox 516 317 646 360; x_wconf 91' lang='lat' dir='ltr'>divini</span> <span class='ocrx_word' id='word_1_12' title='bbox 694 316 818 359; x_wconf 87' lang='lat' dir='ltr'>officii</span> <span class='ocrx_word' id='word_1_13' title='bbox 857 316 1071 370; x_wconf 80' lang='lat' dir='ltr'>splendori</span> <span class='ocrx_word' id='word_1_14' title='bbox 1111 317 1368 359; x_wconf 90' lang='lat' dir='ltr'>conveniunt</span> <span class='ocrx_word' id='word_1_15' title='bbox 1409 329 1604 370; x_wconf 84' lang='lat' dir='ltr'>quaeque</span> <span class='ocrx_word' id='word_1_16' title='bbox 1651 317 1912 360; x_wconf 71' lang='lat' dir='ltr'><strong>adstantium</strong></span> 
     </span>
     <span class='ocr_line' id='line_1_4' title="bbox 188 391 1912 446; baseline 0.001 -12"><span class='ocrx_word' id='word_1_17' title='bbox 188 393 350 436; x_wconf 89' lang='lat' dir='ltr'>animos</span> <span class='ocrx_word' id='word_1_18' title='bbox 392 393 446 435; x_wconf 89' lang='lat' dir='ltr'>ad</span> <span class='ocrx_word' id='word_1_19' title='bbox 492 392 754 435; x_wconf 86' lang='lat' dir='ltr'>laudandum</span> <span class='ocrx_word' id='word_1_20' title='bbox 798 392 923 434; x_wconf 90' lang='lat' dir='ltr'>deum</span> <span class='ocrx_word' id='word_1_21' title='bbox 969 391 1184 434; x_wconf 89' lang='lat' dir='ltr'>inflectere</span> <span class='ocrx_word' id='word_1_22' title='bbox 1229 405 1277 435; x_wconf 90' lang='lat' dir='ltr'>ac</span> <span class='ocrx_word' id='word_1_23' title='bbox 1323 404 1571 446; x_wconf 81' lang='lat' dir='ltr'>permovere</span> <span class='ocrx_word' id='word_1_24' title='bbox 1618 396 1809 445; x_wconf 77' lang='lat' dir='ltr'>possunt.</span> <span class='ocrx_word' id='word_1_25' title='bbox 1870 393 1912 435; x_wconf 92' lang='lat' dir='ltr'>in</span> 
     </span>
     <span class='ocr_line' id='line_1_5' title="bbox 180 466 1910 521; baseline -0.001 -10"><span class='ocrx_word' id='word_1_26' title='bbox 180 468 503 511; x_wconf 82' lang='lat' dir='ltr'>solemnioribus</span> <span class='ocrx_word' id='word_1_27' title='bbox 536 467 723 521; x_wconf 80' lang='lat' dir='ltr'>vesperis</span> <span class='ocrx_word' id='word_1_28' title='bbox 755 467 956 510; x_wconf 80' lang='lat' dir='ltr'>sacerdos</span> <span class='ocrx_word' id='word_1_29' title='bbox 988 467 1163 521; x_wconf 88' lang='lat' dir='ltr'>pluviali</span> <span class='ocrx_word' id='word_1_30' title='bbox 1198 470 1357 519; x_wconf 77' lang='lat' dir='ltr'>utetur,</span> <span class='ocrx_word' id='word_1_31' title='bbox 1392 467 1579 521; x_wconf 89' lang='lat' dir='ltr'>dumque</span> <span class='ocrx_word' id='word_1_32' title='bbox 1610 467 1699 509; x_wconf 91' lang='lat' dir='ltr'>itur</span> <span class='ocrx_word' id='word_1_33' title='bbox 1722 466 1776 509; x_wconf 88' lang='lat' dir='ltr'>ad</span> <span class='ocrx_word' id='word_1_34' title='bbox 1799 480 1910 520; x_wconf 89' lang='lat' dir='ltr'>aras,</span> 
     </span>
     <span class='ocr_line' id='line_1_6' title="bbox 180 541 1912 597; baseline -0.001 -11"><span class='ocrx_word' id='word_1_35' title='bbox 180 546 229 586; x_wconf 91' lang='lat' dir='ltr'>ut</span> <span class='ocrx_word' id='word_1_36' title='bbox 257 543 356 585; x_wconf 91' lang='lat' dir='ltr'>thus</span> <span class='ocrx_word' id='word_1_37' title='bbox 387 543 436 585; x_wconf 91' lang='lat' dir='ltr'>iis</span> <span class='ocrx_word' id='word_1_38' title='bbox 459 542 729 597; x_wconf 78' lang='lat' dir='ltr'>adhibeatur,</span> <span class='ocrx_word' id='word_1_39' title='bbox 761 555 845 584; x_wconf 89' lang='lat' dir='ltr'>non</span> <span class='ocrx_word' id='word_1_40' title='bbox 869 542 1052 596; x_wconf 89' lang='lat' dir='ltr'>amplius</span> <span class='ocrx_word' id='word_1_41' title='bbox 1077 542 1267 596; x_wconf 82' lang='lat' dir='ltr'>oblongis</span> <span class='ocrx_word' id='word_1_42' title='bbox 1300 541 1465 585; x_wconf 81' lang='lat' dir='ltr'>facibus</span> <span class='ocrx_word' id='word_1_43' title='bbox 1496 543 1537 584; x_wconf 87' lang='lat' dir='ltr'>in</span> <span class='ocrx_word' id='word_1_44' title='bbox 1571 542 1752 584; x_wconf 89' lang='lat' dir='ltr'>formam</span> <span class='ocrx_word' id='word_1_45' title='bbox 1776 542 1912 585; x_wconf 89' lang='lat' dir='ltr'>crucis</span> 
     </span>
     <span class='ocr_line' id='line_1_7' title="bbox 181 616 1915 672; baseline -0.001 -12"><span class='ocrx_word' id='word_1_46' title='bbox 181 618 425 672; x_wconf 89' lang='lat' dir='ltr'>compositis</span> <span class='ocrx_word' id='word_1_47' title='bbox 458 617 684 669; x_wconf 82' lang='lat' dir='ltr'>utendum,</span> <span class='ocrx_word' id='word_1_48' title='bbox 717 616 792 660; x_wconf 91' lang='lat' dir='ltr'>sed</span> <span class='ocrx_word' id='word_1_49' title='bbox 824 617 955 660; x_wconf 89' lang='lat' dir='ltr'>cereis</span> <span class='ocrx_word' id='word_1_50' title='bbox 987 618 1138 671; x_wconf 90' lang='lat' dir='ltr'>positis</span> <span class='ocrx_word' id='word_1_51' title='bbox 1179 618 1221 659; x_wconf 92' lang='lat' dir='ltr'>in</span> <span class='ocrx_word' id='word_1_52' title='bbox 1255 617 1422 659; x_wconf 88' lang='lat' dir='ltr'>duobus</span> <span class='ocrx_word' id='word_1_53' title='bbox 1463 617 1677 670; x_wconf 80' lang='lat' dir='ltr'>argenteis</span> <span class='ocrx_word' id='word_1_54' title='bbox 1720 616 1915 659; x_wconf 88' lang='lat' dir='ltr'>candela-</span> 
     </span>
     <span class='ocr_line' id='line_1_8' title="bbox 184 692 1914 749; baseline -0.001 -14"><span class='ocrx_word' id='word_1_55' title='bbox 184 693 284 749; x_wconf 88' lang='lat' dir='ltr'>bris,</span> <span class='ocrx_word' id='word_1_56' title='bbox 315 692 427 735; x_wconf 91' lang='lat' dir='ltr'>idem</span> <span class='ocrx_word' id='word_1_57' title='bbox 460 705 630 747; x_wconf 90' lang='lat' dir='ltr'>quoque</span> <span class='ocrx_word' id='word_1_58' title='bbox 662 692 901 735; x_wconf 87' lang='lat' dir='ltr'>faciendum</span> <span class='ocrx_word' id='word_1_59' title='bbox 933 692 987 734; x_wconf 92' lang='lat' dir='ltr'>ad</span> <span class='ocrx_word' id='word_1_60' title='bbox 1019 693 1296 735; x_wconf 87' lang='lat' dir='ltr'>elevationem</span> <span class='ocrx_word' id='word_1_61' title='bbox 1328 693 1370 734; x_wconf 91' lang='lat' dir='ltr'>in</span> <span class='ocrx_word' id='word_1_62' title='bbox 1402 692 1542 735; x_wconf 88' lang='lat' dir='ltr'>missis</span> <span class='ocrx_word' id='word_1_63' title='bbox 1575 696 1617 735; x_wconf 89' lang='lat' dir='ltr'>et</span> <span class='ocrx_word' id='word_1_64' title='bbox 1649 692 1702 734; x_wconf 92' lang='lat' dir='ltr'>ad</span> <span class='ocrx_word' id='word_1_65' title='bbox 1735 705 1914 746; x_wconf 85' lang='lat' dir='ltr'>evange-</span> 
     </span>
     <span class='ocr_line' id='line_1_9' title="bbox 182 767 1913 821; baseline 0.001 -12"><span class='ocrx_word' id='word_1_66' title='bbox 182 768 297 809; x_wconf 89' lang='lat' dir='ltr'>lium.</span> <span class='ocrx_word' id='word_1_67' title='bbox 363 767 407 809; x_wconf 80' lang='lat' dir='ltr'>Si</span> <span class='ocrx_word' id='word_1_68' title='bbox 448 767 521 821; x_wconf 90' lang='lat' dir='ltr'>qui</span> <span class='ocrx_word' id='word_1_69' title='bbox 575 771 675 810; x_wconf 89' lang='lat' dir='ltr'>tunc</span> <span class='ocrx_word' id='word_1_70' title='bbox 721 768 864 810; x_wconf 90' lang='lat' dir='ltr'>adsint</span> <span class='ocrx_word' id='word_1_71' title='bbox 904 768 983 810; x_wconf 91' lang='lat' dir='ltr'>viri</span> <span class='ocrx_word' id='word_1_72' title='bbox 1024 768 1319 811; x_wconf 84' lang='lat' dir='ltr'>honoratiores</span> <span class='ocrx_word' id='word_1_73' title='bbox 1358 768 1400 810; x_wconf 94' lang='lat' dir='ltr'>in</span> <span class='ocrx_word' id='word_1_74' title='bbox 1439 768 1649 811; x_wconf 88' lang='lat' dir='ltr'>subselliis</span> <span class='ocrx_word' id='word_1_75' title='bbox 1692 767 1913 811; x_wconf 81' lang='lat' dir='ltr'>altioribus</span> 
     </span>
     <span class='ocr_line' id='line_1_10' title="bbox 182 843 1236 898; baseline 0.002 -14"><span class='ocrx_word' id='word_1_76' title='bbox 182 846 360 898; x_wconf 85' lang='lat' dir='ltr'>stantes,</span> <span class='ocrx_word' id='word_1_77' title='bbox 390 843 439 885; x_wconf 90' lang='lat' dir='ltr'>iis</span> <span class='ocrx_word' id='word_1_78' title='bbox 473 855 643 897; x_wconf 90' lang='lat' dir='ltr'>quoque</span> <span class='ocrx_word' id='word_1_79' title='bbox 673 843 893 887; x_wconf 89' lang='lat' dir='ltr'>incensum</span> <span class='ocrx_word' id='word_1_80' title='bbox 924 844 1005 887; x_wconf 89' lang='lat' dir='ltr'>erit</span> <span class='ocrx_word' id='word_1_81' title='bbox 1036 843 1236 886; x_wconf 88' lang='lat' dir='ltr'>dandum.</span> 
     </span>
    </p>
   </div>
   <div class='ocr_carea' id='block_1_4' title="bbox 240 1109 1857 1153">
    <p class='ocr_par' dir='ltr' id='par_1_4' title="bbox 240 1109 1857 1153">
     <span class='ocr_line' id='line_1_11' title="bbox 240 1109 1857 1153; baseline 0.001 -2"><span class='ocrx_word' id='word_1_82' title='bbox 240 1110 310 1152; x_wconf 92' lang='lat' dir='ltr'>De</span> <span class='ocrx_word' id='word_1_83' title='bbox 342 1110 512 1152; x_wconf 87' lang='lat' dir='ltr'>missis</span> <span class='ocrx_word' id='word_1_84' title='bbox 545 1109 874 1152; x_wconf 81' lang='lat' dir='ltr'>celebrandis</span> <span class='ocrx_word' id='word_1_85' title='bbox 907 1122 1017 1153; x_wconf 90' lang='lat' dir='ltr'>cum</span> <span class='ocrx_word' id='word_1_86' title='bbox 1049 1109 1198 1153; x_wconf 89' lang='lat' dir='ltr'>festis</span> <span class='ocrx_word' id='word_1_87' title='bbox 1230 1113 1334 1153; x_wconf 90' lang='lat' dir='ltr'>tum</span> <span class='ocrx_word' id='word_1_88' title='bbox 1365 1109 1634 1153; x_wconf 81' lang='lat' dir='ltr'>dominicis</span> <span class='ocrx_word' id='word_1_89' title='bbox 1667 1110 1857 1153; x_wconf 89' lang='lat' dir='ltr'>diebus.</span> 
     </span>
    </p>
   </div>
   <div class='ocr_carea' id='block_1_5' title="bbox 184 1225 1916 1811">
    <p class='ocr_par' dir='ltr' id='par_1_5' title="bbox 184 1225 1916 1811">
     <span class='ocr_line' id='line_1_12' title="bbox 321 1225 1915 1280; baseline 0.001 -13"><span class='ocrx_word' id='word_1_90' title='bbox 321 1226 399 1268; x_wconf 90' lang='lat' dir='ltr'>His</span> <span class='ocrx_word' id='word_1_91' title='bbox 438 1225 587 1268; x_wconf 90' lang='lat' dir='ltr'>diebus</span> <span class='ocrx_word' id='word_1_92' title='bbox 629 1238 797 1268; x_wconf 88' lang='lat' dir='ltr'>sacrum</span> <span class='ocrx_word' id='word_1_93' title='bbox 836 1225 992 1268; x_wconf 89' lang='lat' dir='ltr'>missae</span> <span class='ocrx_word' id='word_1_94' title='bbox 1033 1225 1238 1278; x_wconf 80' lang='lat' dir='ltr'>officium,</span> <span class='ocrx_word' id='word_1_95' title='bbox 1286 1226 1340 1268; x_wconf 90' lang='lat' dir='ltr'>ad</span> <span class='ocrx_word' id='word_1_96' title='bbox 1382 1226 1496 1280; x_wconf 93' lang='lat' dir='ltr'>quod</span> <span class='ocrx_word' id='word_1_97' title='bbox 1544 1239 1687 1269; x_wconf 91' lang='lat' dir='ltr'>omnes</span> <span class='ocrx_word' id='word_1_98' title='bbox 1734 1226 1915 1269; x_wconf 87' lang='lat' dir='ltr'>studiosi</span> 
     </span>
     <span class='ocr_line' id='line_1_13' title="bbox 184 1301 1916 1357; baseline 0.001 -15"><span class='ocrx_word' id='word_1_99' title='bbox 184 1301 407 1343; x_wconf 89' lang='lat' dir='ltr'>convenire</span> <span class='ocrx_word' id='word_1_100' title='bbox 438 1301 596 1357; x_wconf 78' lang='lat' dir='ltr'>solent,</span> <span class='ocrx_word' id='word_1_101' title='bbox 636 1301 811 1343; x_wconf 87' lang='lat' dir='ltr'>solemni</span> <span class='ocrx_word' id='word_1_102' title='bbox 845 1301 930 1343; x_wconf 88' lang='lat' dir='ltr'>ritu</span> <span class='ocrx_word' id='word_1_103' title='bbox 963 1302 1217 1344; x_wconf 88' lang='lat' dir='ltr'>cantabitur.</span> <span class='ocrx_word' id='word_1_104' title='bbox 1281 1301 1493 1344; x_wconf 90' lang='lat' dir='ltr'>sacerdoti</span> <span class='ocrx_word' id='word_1_105' title='bbox 1535 1301 1790 1344; x_wconf 89' lang='lat' dir='ltr'>sacrificanti</span> <span class='ocrx_word' id='word_1_106' title='bbox 1829 1302 1916 1345; x_wconf 90' lang='lat' dir='ltr'>dia-</span> 
     </span>
     <span class='ocr_line' id='line_1_14' title="bbox 185 1376 1913 1434; baseline 0 -15"><span class='ocrx_word' id='word_1_107' title='bbox 185 1390 315 1419; x_wconf 90' lang='lat' dir='ltr'>conus</span> <span class='ocrx_word' id='word_1_108' title='bbox 347 1380 389 1419; x_wconf 90' lang='lat' dir='ltr'>et</span> <span class='ocrx_word' id='word_1_109' title='bbox 420 1376 708 1419; x_wconf 83' lang='lat' dir='ltr'>subdiaconus</span> <span class='ocrx_word' id='word_1_110' title='bbox 748 1376 951 1419; x_wconf 86' lang='lat' dir='ltr'>assistent</span> <span class='ocrx_word' id='word_1_111' title='bbox 992 1378 1034 1419; x_wconf 93' lang='lat' dir='ltr'>et</span> <span class='ocrx_word' id='word_1_112' title='bbox 1074 1380 1260 1430; x_wconf 91' lang='lat' dir='ltr'>quatuor</span> <span class='ocrx_word' id='word_1_113' title='bbox 1299 1377 1371 1419; x_wconf 90' lang='lat' dir='ltr'>alii</span> <span class='ocrx_word' id='word_1_114' title='bbox 1413 1377 1719 1420; x_wconf 87' lang='lat' dir='ltr'>ministrabunt</span> <span class='ocrx_word' id='word_1_115' title='bbox 1759 1377 1913 1434; x_wconf 87' lang='lat' dir='ltr'>clerici,</span> 
     </span>
     <span class='ocr_line' id='line_1_15' title="bbox 184 1452 1912 1506; baseline 0 -12"><span class='ocrx_word' id='word_1_116' title='bbox 184 1466 367 1506; x_wconf 87' lang='lat' dir='ltr'>quorum</span> <span class='ocrx_word' id='word_1_117' title='bbox 414 1452 498 1494; x_wconf 91' lang='lat' dir='ltr'>duo</span> <span class='ocrx_word' id='word_1_118' title='bbox 545 1465 709 1505; x_wconf 84' lang='lat' dir='ltr'>cereos,</span> <span class='ocrx_word' id='word_1_119' title='bbox 761 1452 831 1494; x_wconf 91' lang='lat' dir='ltr'>alii</span> <span class='ocrx_word' id='word_1_120' title='bbox 877 1454 1019 1495; x_wconf 91' lang='lat' dir='ltr'>autem</span> <span class='ocrx_word' id='word_1_121' title='bbox 1067 1452 1333 1496; x_wconf 89' lang='lat' dir='ltr'>thuribulum</span> <span class='ocrx_word' id='word_1_122' title='bbox 1379 1455 1423 1495; x_wconf 92' lang='lat' dir='ltr'>et</span> <span class='ocrx_word' id='word_1_123' title='bbox 1467 1453 1715 1496; x_wconf 90' lang='lat' dir='ltr'>navicellam</span> <span class='ocrx_word' id='word_1_124' title='bbox 1760 1454 1912 1496; x_wconf 90' lang='lat' dir='ltr'>ferant.</span> 
     </span>
     <span class='ocr_line' id='line_1_16' title="bbox 184 1528 1915 1583; baseline 0.001 -14"><span class='ocrx_word' id='word_1_125' title='bbox 184 1528 325 1570; x_wconf 91' lang='lat' dir='ltr'>omnia</span> <span class='ocrx_word' id='word_1_126' title='bbox 349 1529 473 1582; x_wconf 76' lang='lat' dir='ltr'>Juxta</span> <span class='ocrx_word' id='word_1_127' title='bbox 504 1528 683 1570; x_wconf 88' lang='lat' dir='ltr'>Romani</span> <span class='ocrx_word' id='word_1_128' title='bbox 715 1529 895 1571; x_wconf 88' lang='lat' dir='ltr'>missalis</span> <span class='ocrx_word' id='word_1_129' title='bbox 927 1530 1238 1583; x_wconf 89' lang='lat' dir='ltr'>praescriptum</span> <span class='ocrx_word' id='word_1_130' title='bbox 1277 1529 1630 1572; x_wconf 87' lang='lat' dir='ltr'>observabuntur.</span> <span class='ocrx_word' id='word_1_131' title='bbox 1694 1542 1746 1572; x_wconf 88' lang='lat' dir='ltr'>ne</span> <span class='ocrx_word' id='word_1_132' title='bbox 1781 1529 1823 1572; x_wconf 91' lang='lat' dir='ltr'>in</span> <span class='ocrx_word' id='word_1_133' title='bbox 1863 1529 1915 1571; x_wconf 93' lang='lat' dir='ltr'>ri—</span> 
     </span>
     <span class='ocr_line' id='line_1_17' title="bbox 186 1603 1916 1661; baseline 0.001 -16"><span class='ocrx_word' id='word_1_134' title='bbox 186 1603 298 1645; x_wconf 91' lang='lat' dir='ltr'>tibus</span> <span class='ocrx_word' id='word_1_135' title='bbox 331 1606 374 1645; x_wconf 88' lang='lat' dir='ltr'>et</span> <span class='ocrx_word' id='word_1_136' title='bbox 404 1604 652 1646; x_wconf 86' lang='lat' dir='ltr'>ceremoniis</span> <span class='ocrx_word' id='word_1_137' title='bbox 676 1605 967 1647; x_wconf 88' lang='lat' dir='ltr'>committatur</span> <span class='ocrx_word' id='word_1_138' title='bbox 995 1617 1128 1661; x_wconf 89' lang='lat' dir='ltr'>error,</span> <span class='ocrx_word' id='word_1_139' title='bbox 1161 1605 1300 1647; x_wconf 87' lang='lat' dir='ltr'>aderit</span> <span class='ocrx_word' id='word_1_140' title='bbox 1329 1605 1442 1647; x_wconf 89' lang='lat' dir='ltr'>inter</span> <span class='ocrx_word' id='word_1_141' title='bbox 1463 1605 1689 1648; x_wconf 88' lang='lat' dir='ltr'>missarum</span> <span class='ocrx_word' id='word_1_142' title='bbox 1712 1605 1916 1648; x_wconf 89' lang='lat' dir='ltr'>solemnia</span> 
     </span>
     <span class='ocr_line' id='line_1_18' title="bbox 186 1678 1916 1736; baseline 0.001 -16"><span class='ocrx_word' id='word_1_143' title='bbox 186 1678 521 1721; x_wconf 88' lang='lat' dir='ltr'>ceremoniarum</span> <span class='ocrx_word' id='word_1_144' title='bbox 554 1679 776 1735; x_wconf 88' lang='lat' dir='ltr'>magister,</span> <span class='ocrx_word' id='word_1_145' title='bbox 815 1679 887 1733; x_wconf 89' lang='lat' dir='ltr'>qui</span> <span class='ocrx_word' id='word_1_146' title='bbox 919 1691 1064 1722; x_wconf 88' lang='lat' dir='ltr'>omnes</span> <span class='ocrx_word' id='word_1_147' title='bbox 1098 1679 1274 1736; x_wconf 86' lang='lat' dir='ltr'>dirigat,</span> <span class='ocrx_word' id='word_1_148' title='bbox 1318 1680 1384 1722; x_wconf 92' lang='lat' dir='ltr'>cui</span> <span class='ocrx_word' id='word_1_149' title='bbox 1416 1682 1458 1722; x_wconf 92' lang='lat' dir='ltr'>et</span> <span class='ocrx_word' id='word_1_150' title='bbox 1489 1680 1645 1734; x_wconf 83' lang='lat' dir='ltr'>singuli</span> <span class='ocrx_word' id='word_1_151' title='bbox 1677 1680 1731 1723; x_wconf 90' lang='lat' dir='ltr'>ad</span> <span class='ocrx_word' id='word_1_152' title='bbox 1763 1682 1916 1723; x_wconf 89' lang='lat' dir='ltr'>nutum</span> 
     </span>
     <span class='ocr_line' id='line_1_19' title="bbox 187 1755 1629 1811; baseline 0.001 -15"><span class='ocrx_word' id='word_1_153' title='bbox 187 1757 292 1807; x_wconf 75' lang='lat' dir='ltr'>tunc</span> <span class='ocrx_word' id='word_1_154' title='bbox 320 1755 546 1811; x_wconf 86' lang='lat' dir='ltr'>parebunt,</span> <span class='ocrx_word' id='word_1_155' title='bbox 578 1767 832 1809; x_wconf 91' lang='lat' dir='ltr'>quacunque</span> <span class='ocrx_word' id='word_1_156' title='bbox 864 1756 906 1798; x_wconf 92' lang='lat' dir='ltr'>in</span> <span class='ocrx_word' id='word_1_157' title='bbox 938 1768 984 1798; x_wconf 91' lang='lat' dir='ltr'>re</span> <span class='ocrx_word' id='word_1_158' title='bbox 1014 1755 1068 1799; x_wconf 89' lang='lat' dir='ltr'>ab</span> <span class='ocrx_word' id='word_1_159' title='bbox 1100 1756 1249 1799; x_wconf 90' lang='lat' dir='ltr'>eodem</span> <span class='ocrx_word' id='word_1_160' title='bbox 1280 1756 1429 1798; x_wconf 90' lang='lat' dir='ltr'>moniti</span> <span class='ocrx_word' id='word_1_161' title='bbox 1460 1755 1629 1799; x_wconf 86' lang='lat' dir='ltr'>fuerint.</span> 
     </span>
    </p>
   </div>
   <div class='ocr_carea' id='block_1_6' title="bbox 842 2021 1261 2064">
    <p class='ocr_par' dir='ltr' id='par_1_6' title="bbox 842 2021 1261 2064">
     <span class='ocr_line' id='line_1_20' title="bbox 842 2021 1261 2064; baseline -0.005 0"><span class='ocrx_word' id='word_1_162' title='bbox 842 2021 914 2064; x_wconf 88' lang='lat' dir='ltr'>De</span> <span class='ocrx_word' id='word_1_163' title='bbox 954 2021 1261 2064; x_wconf 86' lang='lat' dir='ltr'>matutinis.</span> 
     </span>
    </p>
   </div>
   <div class='ocr_carea' id='block_1_7' title="bbox 188 2123 1919 2631">
    <p class='ocr_par' dir='ltr' id='par_1_7' title="bbox 188 2123 1919 2631">
     <span class='ocr_line' id='line_1_21' title="bbox 328 2123 1915 2178; baseline 0.001 -12"><span class='ocrx_word' id='word_1_164' title='bbox 328 2123 471 2166; x_wconf 84' lang='lat' dir='ltr'>Sexies</span> <span class='ocrx_word' id='word_1_165' title='bbox 509 2137 585 2178; x_wconf 88' lang='lat' dir='ltr'>per</span> <span class='ocrx_word' id='word_1_166' title='bbox 623 2137 780 2166; x_wconf 89' lang='lat' dir='ltr'>annum</span> <span class='ocrx_word' id='word_1_167' title='bbox 820 2124 1056 2166; x_wconf 86' lang='lat' dir='ltr'>matutinae</span> <span class='ocrx_word' id='word_1_168' title='bbox 1089 2124 1389 2167; x_wconf 88' lang='lat' dir='ltr'>cantabuntur.</span> <span class='ocrx_word' id='word_1_169' title='bbox 1438 2126 1633 2168; x_wconf 89' lang='lat' dir='ltr'>noctibus</span> <span class='ocrx_word' id='word_1_170' title='bbox 1668 2126 1915 2168; x_wconf 90' lang='lat' dir='ltr'>Nativitatis</span> 
     </span>
     <span class='ocr_line' id='line_1_22' title="bbox 190 2198 1917 2257; baseline 0.001 -15"><span class='ocrx_word' id='word_1_171' title='bbox 190 2200 345 2242; x_wconf 91' lang='lat' dir='ltr'>Christi</span> <span class='ocrx_word' id='word_1_172' title='bbox 378 2203 421 2241; x_wconf 91' lang='lat' dir='ltr'>et</span> <span class='ocrx_word' id='word_1_173' title='bbox 451 2200 691 2250; x_wconf 79' lang='lat' dir='ltr'>Paschatis3</span> <span class='ocrx_word' id='word_1_174' title='bbox 724 2200 862 2242; x_wconf 90' lang='lat' dir='ltr'>tribus</span> <span class='ocrx_word' id='word_1_175' title='bbox 895 2200 996 2242; x_wconf 91' lang='lat' dir='ltr'>item</span> <span class='ocrx_word' id='word_1_176' title='bbox 1030 2198 1178 2241; x_wconf 88' lang='lat' dir='ltr'>diebus</span> <span class='ocrx_word' id='word_1_177' title='bbox 1212 2200 1382 2242; x_wconf 89' lang='lat' dir='ltr'>maioris</span> <span class='ocrx_word' id='word_1_178' title='bbox 1415 2200 1728 2257; x_wconf 88' lang='lat' dir='ltr'>hebdomadae,</span> <span class='ocrx_word' id='word_1_179' title='bbox 1761 2205 1917 2255; x_wconf 86' lang='lat' dir='ltr'>quarta</span> 
     </span>
     <span class='ocr_line' id='line_1_23' title="bbox 188 2274 1914 2330; baseline 0.001 -13"><span class='ocrx_word' id='word_1_180' title='bbox 188 2288 357 2329; x_wconf 75' lang='lat' dir='ltr'>nempe,</span> <span class='ocrx_word' id='word_1_181' title='bbox 399 2276 550 2329; x_wconf 86' lang='lat' dir='ltr'>quinta</span> <span class='ocrx_word' id='word_1_182' title='bbox 587 2278 629 2317; x_wconf 91' lang='lat' dir='ltr'>et</span> <span class='ocrx_word' id='word_1_183' title='bbox 666 2279 787 2318; x_wconf 80' lang='lat' dir='ltr'>sexta</span> <span class='ocrx_word' id='word_1_184' title='bbox 825 2275 961 2326; x_wconf 77' lang='lat' dir='ltr'>feriis3</span> <span class='ocrx_word' id='word_1_185' title='bbox 1005 2275 1072 2317; x_wconf 88' lang='lat' dir='ltr'>die</span> <span class='ocrx_word' id='word_1_186' title='bbox 1105 2274 1294 2330; x_wconf 87' lang='lat' dir='ltr'>demum,</span> <span class='ocrx_word' id='word_1_187' title='bbox 1337 2288 1421 2328; x_wconf 88' lang='lat' dir='ltr'>quo</span> <span class='ocrx_word' id='word_1_188' title='bbox 1454 2276 1642 2318; x_wconf 89' lang='lat' dir='ltr'>omnium</span> <span class='ocrx_word' id='word_1_189' title='bbox 1673 2277 1713 2318; x_wconf 91' lang='lat' dir='ltr'>in</span> <span class='ocrx_word' id='word_1_190' title='bbox 1747 2276 1914 2319; x_wconf 89' lang='lat' dir='ltr'>Christo</span> 
     </span>
     <span class='ocr_line' id='line_1_24' title="bbox 189 2350 1916 2404; baseline 0.001 -12"><span class='ocrx_word' id='word_1_191' title='bbox 189 2350 485 2393; x_wconf 86' lang='lat' dir='ltr'>defunctorum</span> <span class='ocrx_word' id='word_1_192' title='bbox 528 2350 872 2393; x_wconf 84' lang='lat' dir='ltr'>commemoratio</span> <span class='ocrx_word' id='word_1_193' title='bbox 916 2350 1068 2403; x_wconf 85' lang='lat' dir='ltr'>agitur.</span> <span class='ocrx_word' id='word_1_194' title='bbox 1117 2363 1201 2404; x_wconf 88' lang='lat' dir='ltr'>quo</span> <span class='ocrx_word' id='word_1_195' title='bbox 1242 2354 1431 2404; x_wconf 86' lang='lat' dir='ltr'>tempore</span> <span class='ocrx_word' id='word_1_196' title='bbox 1472 2363 1640 2404; x_wconf 91' lang='lat' dir='ltr'>quoque</span> <span class='ocrx_word' id='word_1_197' title='bbox 1678 2351 1758 2394; x_wconf 90' lang='lat' dir='ltr'>sub</span> <span class='ocrx_word' id='word_1_198' title='bbox 1796 2364 1916 2394; x_wconf 88' lang='lat' dir='ltr'>sacro</span> 
     </span>
     <span class='ocr_line' id='line_1_25' title="bbox 189 2425 1917 2481; baseline 0.001 -14"><span class='ocrx_word' id='word_1_199' title='bbox 189 2426 344 2468; x_wconf 90' lang='lat' dir='ltr'>missae</span> <span class='ocrx_word' id='word_1_200' title='bbox 378 2425 527 2481; x_wconf 88' lang='lat' dir='ltr'>officio,</span> <span class='ocrx_word' id='word_1_201' title='bbox 560 2426 625 2468; x_wconf 91' lang='lat' dir='ltr'>cui</span> <span class='ocrx_word' id='word_1_202' title='bbox 658 2439 802 2468; x_wconf 87' lang='lat' dir='ltr'>omnes</span> <span class='ocrx_word' id='word_1_203' title='bbox 835 2426 1096 2480; x_wconf 87' lang='lat' dir='ltr'>professores</span> <span class='ocrx_word' id='word_1_204' title='bbox 1130 2425 1292 2478; x_wconf 88' lang='lat' dir='ltr'>virique</span> <span class='ocrx_word' id='word_1_205' title='bbox 1326 2425 1554 2467; x_wconf 88' lang='lat' dir='ltr'>academici</span> <span class='ocrx_word' id='word_1_206' title='bbox 1586 2438 1680 2467; x_wconf 91' lang='lat' dir='ltr'>cum</span> <span class='ocrx_word' id='word_1_207' title='bbox 1713 2426 1917 2469; x_wconf 88' lang='lat' dir='ltr'>studiosis</span> 
     </span>
     <span class='ocr_line' id='line_1_26' title="bbox 189 2499 1919 2555; baseline 0.001 -13"><span class='ocrx_word' id='word_1_208' title='bbox 189 2501 394 2543; x_wconf 89' lang='lat' dir='ltr'>interesse</span> <span class='ocrx_word' id='word_1_209' title='bbox 432 2500 714 2555; x_wconf 89' lang='lat' dir='ltr'>tenebuntur,</span> <span class='ocrx_word' id='word_1_210' title='bbox 756 2500 926 2542; x_wconf 87' lang='lat' dir='ltr'>nomina</span> <span class='ocrx_word' id='word_1_211' title='bbox 957 2500 1142 2542; x_wconf 90' lang='lat' dir='ltr'>omnium</span> <span class='ocrx_word' id='word_1_212' title='bbox 1176 2499 1495 2542; x_wconf 87' lang='lat' dir='ltr'>benefactorum</span> <span class='ocrx_word' id='word_1_213' title='bbox 1527 2513 1548 2542; x_wconf 91' lang='grc'>0</span> <span class='ocrx_word' id='word_1_214' title='bbox 1582 2500 1785 2543; x_wconf 86' lang='lat' dir='ltr'>cathedra</span> <span class='ocrx_word' id='word_1_215' title='bbox 1815 2501 1919 2543; x_wconf 91' lang='lat' dir='ltr'>reci-</span> 
     </span>
     <span class='ocr_line' id='line_1_27' title="bbox 192 2575 1916 2631; baseline 0.001 -14"><span class='ocrx_word' id='word_1_216' title='bbox 192 2575 401 2617; x_wconf 88' lang='lat' dir='ltr'>tabuntur</span> <span class='ocrx_word' id='word_1_217' title='bbox 433 2588 527 2618; x_wconf 87' lang='lat' dir='ltr'>cum</span> <span class='ocrx_word' id='word_1_218' title='bbox 560 2575 676 2617; x_wconf 87' lang='lat' dir='ltr'>brevi</span> <span class='ocrx_word' id='word_1_219' title='bbox 708 2575 1082 2618; x_wconf 89' lang='lat' dir='ltr'>adhortatiuncula</span> <span class='ocrx_word' id='word_1_220' title='bbox 1114 2575 1168 2617; x_wconf 88' lang='lat' dir='ltr'>ad</span> <span class='ocrx_word' id='word_1_221' title='bbox 1192 2575 1423 2631; x_wconf 89' lang='lat' dir='ltr'>auditores,</span> <span class='ocrx_word' id='word_1_222' title='bbox 1455 2578 1503 2617; x_wconf 91' lang='lat' dir='ltr'>ut</span> <span class='ocrx_word' id='word_1_223' title='bbox 1523 2575 1711 2629; x_wconf 87' lang='lat' dir='ltr'>ipsorum</span> <span class='ocrx_word' id='word_1_224' title='bbox 1734 2576 1916 2618; x_wconf 90' lang='lat' dir='ltr'>salutem</span> 
     </span>
    </p>
   </div>
   <div class='ocr_carea' id='block_1_8' title="bbox 190 2649 1918 2777">
    <p class='ocr_par' dir='ltr' id='par_1_8' title="bbox 190 2649 1918 2777">
     <span class='ocr_line' id='line_1_28' title="bbox 190 2649 1918 2704; baseline 0.001 -13"><span class='ocrx_word' id='word_1_225' title='bbox 190 2662 267 2704; x_wconf 90' lang='lat' dir='ltr'>pro</span> <span class='ocrx_word' id='word_1_226' title='bbox 306 2649 515 2692; x_wconf 87' lang='lat' dir='ltr'>beneficiis</span> <span class='ocrx_word' id='word_1_227' title='bbox 556 2650 596 2691; x_wconf 89' lang='lat' dir='ltr'>in</span> <span class='ocrx_word' id='word_1_228' title='bbox 630 2649 891 2692; x_wconf 87' lang='lat' dir='ltr'>academiam</span> <span class='ocrx_word' id='word_1_229' title='bbox 923 2651 965 2692; x_wconf 87' lang='lat' dir='ltr'>et</span> <span class='ocrx_word' id='word_1_230' title='bbox 995 2663 1085 2692; x_wconf 91' lang='lat' dir='ltr'>rem</span> <span class='ocrx_word' id='word_1_231' title='bbox 1116 2650 1369 2693; x_wconf 89' lang='lat' dir='ltr'>litterariam</span> <span class='ocrx_word' id='word_1_232' title='bbox 1403 2650 1566 2694; x_wconf 83' lang='lat' dir='ltr'>collatis</span> <span class='ocrx_word' id='word_1_233' title='bbox 1599 2650 1676 2693; x_wconf 88' lang='lat' dir='ltr'>deo</span> <span class='ocrx_word' id='word_1_234' title='bbox 1711 2664 1918 2693; x_wconf 92' lang='lat' dir='ltr'>commen-</span> 
     </span>
     <span class='ocr_line' id='line_1_29' title="bbox 193 2724 563 2777; baseline -0.005 -10"><span class='ocrx_word' id='word_1_235' title='bbox 193 2725 294 2767; x_wconf 88' lang='lat' dir='ltr'>dare</span> <span class='ocrx_word' id='word_1_236' title='bbox 326 2724 563 2777; x_wconf 84' lang='lat' dir='ltr'>dignentur.</span> 
     </span>
    </p>
   </div>
   <div class='ocr_carea' id='block_1_9' title="bbox 753 2931 1363 2975">
    <p class='ocr_par' dir='ltr' id='par_1_9' title="bbox 753 2931 1363 2975">
     <span class='ocr_line' id='line_1_30' title="bbox 753 2931 1363 2975; baseline 0 -1"><span class='ocrx_word' id='word_1_237' title='bbox 753 2931 918 2975; x_wconf 84' lang='lat' dir='ltr'>Sacra</span> <span class='ocrx_word' id='word_1_238' title='bbox 958 2932 1363 2975; x_wconf 90' lang='lat' dir='ltr'>universitatis.</span> 
     </span>
    </p>
   </div>
   <div class='ocr_carea' id='block_1_10' title="bbox 195 3035 1920 3169">
    <p class='ocr_par' dir='ltr' id='par_1_10' title="bbox 195 3035 1920 3169">
     <span class='ocr_line' id='line_1_31' title="bbox 333 3035 1918 3092; baseline 0.003 -16"><span class='ocrx_word' id='word_1_239' title='bbox 333 3035 522 3077; x_wconf 87' lang='lat' dir='ltr'>Primum</span> <span class='ocrx_word' id='word_1_240' title='bbox 555 3035 794 3078; x_wconf 89' lang='lat' dir='ltr'>celebratur</span> <span class='ocrx_word' id='word_1_241' title='bbox 826 3037 892 3080; x_wconf 91' lang='lat' dir='ltr'>die</span> <span class='ocrx_word' id='word_1_242' title='bbox 924 3037 1019 3079; x_wconf 90' lang='lat' dir='ltr'>divo</span> <span class='ocrx_word' id='word_1_243' title='bbox 1052 3036 1310 3090; x_wconf 90' lang='lat' dir='ltr'>Hieronymo</span> <span class='ocrx_word' id='word_1_244' title='bbox 1342 3049 1464 3080; x_wconf 90' lang='lat' dir='ltr'>sacro</span> <span class='ocrx_word' id='word_1_245' title='bbox 1495 3051 1571 3092; x_wconf 89' lang='lat' dir='ltr'>pro</span> <span class='ocrx_word' id='word_1_246' title='bbox 1603 3038 1710 3080; x_wconf 91' lang='lat' dir='ltr'>felici</span> <span class='ocrx_word' id='word_1_247' title='bbox 1742 3038 1918 3081; x_wconf 90' lang='lat' dir='ltr'>rectoris</span> 
     </span>
     <span class='ocr_line' id='line_1_32' title="bbox 195 3109 1920 3169; baseline 0.002 -18"><span class='ocrx_word' id='word_1_248' title='bbox 195 3109 412 3165; x_wconf 88' lang='lat' dir='ltr'>electione,</span> <span class='ocrx_word' id='word_1_249' title='bbox 445 3111 676 3153; x_wconf 89' lang='lat' dir='ltr'>secundum</span> <span class='ocrx_word' id='word_1_250' title='bbox 708 3110 815 3153; x_wconf 89' lang='lat' dir='ltr'>festo</span> <span class='ocrx_word' id='word_1_251' title='bbox 849 3124 879 3153; x_wconf 90' lang='lat' dir='ltr'>s.</span> <span class='ocrx_word' id='word_1_252' title='bbox 906 3111 1099 3165; x_wconf 89' lang='lat' dir='ltr'>Gregorii</span> <span class='ocrx_word' id='word_1_253' title='bbox 1132 3124 1208 3166; x_wconf 88' lang='lat' dir='ltr'>pro</span> <span class='ocrx_word' id='word_1_254' title='bbox 1243 3112 1560 3156; x_wconf 88' lang='lat' dir='ltr'>confirmatione</span> <span class='ocrx_word' id='word_1_255' title='bbox 1592 3113 1671 3169; x_wconf 89' lang='lat' dir='ltr'>vel,</span> <span class='ocrx_word' id='word_1_256' title='bbox 1704 3113 1736 3156; x_wconf 92' lang='lat' dir='ltr'>si</span> <span class='ocrx_word' id='word_1_257' title='bbox 1770 3113 1829 3155; x_wconf 92' lang='lat' dir='ltr'>ita</span> <span class='ocrx_word' id='word_1_258' title='bbox 1862 3113 1920 3155; x_wconf 91' lang='lat' dir='ltr'>vi·</span> 
     </span>
    </p>
   </div>
  </div>
 </body>
</html>
