2164 3535
514 224 748 267 Verwaltung
774 225 872 260 eines
898 212 1030 269 papsss.
1058 223 1259 258 Alumnats.
1310 222 1414 258 Nach
1442 226 1539 259 1650.
1804 225 1885 266 273

164 377 238 406 seu
258 376 335 417 per
353 364 658 406 hebdomadem
682 365 706 405 2
721 363 758 404 fi.
784 366 837 407 48
851 378 906 407 cr.
931 368 974 406 et
997 367 1302 418 consequenter
1320 363 1538 405 annuatim
1560 376 1636 416 pro
1659 362 1764 416 cib0,
1785 374 1887 403 non-

163 439 279 480 nullo
311 440 414 491 potu
437 438 533 489 vini,
566 438 737 493 vestitu,
769 443 812 481 et
832 439 1025 481 omnibus
1049 440 1139 481 aliis
1161 439 1409 481 necessariis
1447 439 1525 479 145
1544 437 1582 478 fl.
1624 438 1677 479 36
1696 449 1751 478 cr.
1804 436 1885 477 Pro

164 513 329 555 duobus
352 513 564 566 prioribus
581 513 866 564 Praesidibus,
889 514 988 566 quia
1005 514 1131 555 etiam
1150 514 1240 555 aliis
1259 515 1476 566 praesunt,
1501 511 1736 565 deputatur
1752 523 1801 552 ex
1819 523 1889 563 pe-

165 588 287 630 cunia
324 587 542 629 Pontificia
580 589 620 629 in
661 588 770 630 diem
808 592 963 641 quarta
1003 592 1171 630 tantum
1209 600 1331 643 pars,
1374 600 1449 628 seu
1488 588 1512 627 6
1536 599 1591 628 cr.
1632 598 1707 639 pro
1746 585 1886 637 singu-

164 662 234 713 lis,
277 666 319 703 et
361 664 411 703 12
436 675 492 704 cr.
535 675 610 715 pro
652 666 856 716 utroque,
895 675 969 704 seu
1012 663 1051 704 in
1093 662 1401 704 hebdomadam
1438 661 1519 703 1fl.
1557 663 1607 703 12
1632 674 1686 702 cr.
1728 663 1771 701 et
1810 672 1887 712 per

163 749 319 778 annum
346 739 398 778 72
416 737 454 778 fl.
480 739 533 778 48
553 750 607 779 cr.
656 738 809 790 Itaque
831 737 1060 779 universim
1083 749 1159 790 pro
1177 737 1449 778 Praesidibus
1473 737 1646 778 veniunt
1668 734 1887 777 annuatim

163 812 244 853 218
267 811 306 852 fl.
341 812 395 853 24
418 824 472 854 cr.

304 887 340 928 3.
385 886 550 928 Famuli
582 890 682 927 sunt
714 886 940 928 universim
975 888 1047 941 13,
1086 898 1267 939 quorum
1310 898 1437 939 opera
1480 886 1521 926 in
1565 885 1775 927 communi
1812 885 1886 926 im-

164 961 364 1014 penditur
394 961 602 1013 Alumnis,
634 961 869 1015 Religiosis,
902 964 944 1003 et
976 962 1067 1003 aliis
1100 961 1440 1003 Convictoribus:
1473 974 1619 1002 eorum
1651 961 1786 1002 victus
1819 963 1884 1002 est

163 1036 350 1088 tenuior,
383 1040 426 1077 et
457 1037 557 1089 quia
589 1036 749 1091 nullus,
782 1039 830 1078 ut
862 1036 1020 1078 dictum
1052 1042 1137 1091 est,
1175 1037 1296 1089 plene
1328 1036 1381 1077 ab
1413 1036 1603 1077 Alumnis
1638 1038 1884 1088 occupatur,

162 1110 255 1151 ideo
293 1110 461 1152 illorum
501 1111 657 1166 victus,
706 1114 749 1153 et
790 1111 1047 1163 stipendium
1088 1111 1228 1164 quoad
1272 1114 1470 1164 quartam
1513 1113 1681 1152 tautum
1720 1113 1885 1164 partem

165 1186 326 1227 ratione
358 1186 614 1227 Alumnatus
647 1189 939 1240 computatur:
979 1190 1022 1228 et
1053 1185 1193 1239 quoad
1225 1186 1385 1227 victum
1422 1185 1593 1238 quidem
1627 1185 1885 1227 ordinarium

164 1260 414 1312 contingunt
446 1272 589 1302 omnes
622 1261 747 1302 simul
770 1261 823 1302 32
857 1260 996 1302 diurni
1029 1260 1248 1314 crucigeri,
1281 1273 1391 1313 quae
1422 1260 1765 1302 hebdomadatim
1798 1262 1822 1302 3
1845 1260 1883 1302 fl.

163 1337 218 1376 44
241 1347 313 1391 cr.,
346 1336 564 1377 annuatim
598 1348 696 1377 vero
730 1348 937 1377 summam
960 1334 1185 1377 conficiunt
1220 1336 1300 1376 194
1323 1334 1360 1376 fl.
1396 1336 1420 1377 8
1444 1347 1500 1376 cr.
1550 1335 1698 1385 Quoad
1730 1335 1886 1388 stipen-

163 1410 277 1451 dium
311 1414 452 1452 autem
485 1411 586 1464 ipsis
617 1423 693 1464 per
725 1411 913 1464 singulos
945 1423 1110 1452 menses
1149 1410 1380 1452 obveniunt
1419 1413 1443 1451 5
1476 1409 1514 1451 fl.
1550 1411 1603 1451 59
1639 1423 1694 1451 cr.
1739 1413 1781 1452 et
1811 1423 1887 1463 per

160 1485 372 1538 integrum
415 1498 570 1527 annum
612 1487 661 1527 71
700 1485 740 1526 fl.
784 1486 838 1527 48
869 1498 924 1527 cr.
987 1485 1190 1538 Adeoque
1229 1498 1305 1538 pro
1347 1484 1446 1527 solis
1486 1485 1656 1527 famulis
1700 1498 1748 1526 ex
1790 1497 1886 1526 aere

161 1559 379 1602 Pontificio
403 1564 713 1602 consumuntur
747 1561 828 1601 265
851 1560 890 1601 fl.
926 1562 979 1602 56
1003 1573 1058 1602 cr.
1113 1561 1173 1602 Ut
1193 1573 1292 1602 vero
1316 1560 1490 1611 sciatur,
1523 1561 1647 1614 quale
1680 1564 1722 1602 et
1753 1573 1886 1613 quan-

160 1639 251 1676 tum
283 1636 546 1688 singulorum
578 1636 633 1677 sit
664 1635 920 1689 stipendium
953 1638 1044 1677 tum
1076 1637 1356 1690 menstruum,
1400 1638 1491 1677 tum
1524 1648 1726 1690 annuum,
1760 1647 1886 1688 appo-

161 1711 300 1753 situs.
326 1746 331 1753 .
359 1745 367 1753 .
402 1711 613 1765 elenchus,
646 1715 688 1753 et
718 1711 831 1753 facta
862 1711 902 1752 in
935 1724 983 1753 eo
1016 1711 1190 1764 partitio
1224 1711 1417 1764 pluribus
1452 1710 1629 1753 docebit.

690 1838 1010 1882 Famulorum
1040 1839 1356 1894 stipendium.

364 1967 647 2000 menstruum.
846 1929 909 2047 'fl'
956 2007 1000 2024 CR
1281 1973 1477 1999 annuum.
1757 1999 1788 2023 ss.
1812 1976 1875 2034 (cr.

161 2081 307 2115 Scribae
333 2086 368 2116 et
394 2081 559 2126 Emptori
588 2108 826 2117 .....
877 2099 920 2104 -
958 2082 1002 2115 38
1774 2083 1794 2117 7
1831 2085 1877 2118 36

159 2161 412 2206 Dispensatori
439 2168 474 2197 et
501 2162 655 2197 Cellario
702 2190 708 2196 .
758 2191 765 2198 .
877 2180 920 2185 —-
946 2142 1014 2196 ff
1772 2165 1795 2196 4
1819 2144 1887 2191 ἶ

158 2242 351 2278 Braxatori
412 2271 709 2278 ......
727 2225 767 2277 ⁷.
818 2271 825 2277 .
864 2221 1014 2278 ἶ--ἷῡ-
1738 2223 1807 2279 ἶ)-
1822 2229 1886 2274 ἶ

159 2322 262 2358 Socio
289 2323 450 2359 eiusdem
471 2351 826 2360 .......
877 2343 919 2345 -
947 2304 1014 2359 3-2
1211 2304 1216 2306 μ
1277 2304 1308 2306 >⁷
1363 2305 1379 2306 ἶ
1414 2305 1427 2306 7
1516 2306 1519 2307 ⁷
1545 2306 1550 2307 ⁷
1602 2306 1663 2308 W*
1773 2331 1795 2364 6
1818 2310 1888 2365 {J

159 2403 281 2448 Coquo
297 2431 826 2439 ..........
876 2423 920 2427 —-
958 2407 1003 2439 50
1738 2390 1885 2445 Ῡὸἶ

161 2485 265 2520 Socio
290 2485 396 2529 coqui
414 2513 826 2520 ........
876 2504 920 2509 -
961 2488 1001 2520 15
1738 2472 1884 2527 ἶῖ

159 2566 276 2601 Puero
302 2567 408 2611 coqui

158 2627 851 2683 W*—

159 2808 361 2844 Hortulano

158 2889 309 2924 Ianitori
356 2918 824 2926 .........

160 2969 269 3005 Servo
295 2970 357 3004 uni
