2164 3535
240 216 321 257 170
814 214 1022 260 Gymnasial
1033 235 1046 241 -
1054 215 1267 260 Padagogik
1296 216 1394 252 1736.

236 355 371 398 cautis
395 355 590 407 elabitur,
619 368 779 409 perque
801 355 947 397 domos
971 368 1223 410 omnemque
1245 358 1464 411 spargitur
1486 358 1718 410 civitatem;
1754 362 1796 402 et
1818 373 1965 414 quam-

238 431 300 472 vis
333 444 357 473 a
388 431 509 473 nobis
542 431 729 485 alioquin
763 433 848 473 stet
880 443 1029 486 causa,
1071 431 1354 474 condemnant
1386 446 1460 476 nos
1493 437 1635 477 tamen
1669 435 1782 478 dicta
1822 435 1968 490 hujus-

235 507 362 557 modi,
396 520 489 549 cum
513 507 843 560 exprobrantur3
877 519 986 559 quae
1008 506 1101 561 ipsa
1124 520 1273 550 rursus
1296 521 1432 562 neque
1455 521 1612 562 negare
1633 511 1696 552 fas
1720 515 1798 565 est,
1831 523 1968 564 neque

234 584 446 636 integrum
489 596 514 625 a
555 583 707 635 linguis
749 583 987 636 animisque
1027 583 1246 626 hominum
1288 584 1466 626 amoliri.
1530 584 1739 638 (Sacchin.
1775 587 1888 628 c.12
1921 589 1964 629 et

234 659 323 700 Iuv.
360 671 390 700 c.
417 659 441 699 3
475 672 511 700 a.
539 660 594 710 1.)

372 737 443 777 IV.
493 736 555 777 Ne
588 737 786 789 cuiquam
820 739 983 778 certum
1016 736 1271 790 supplicium
1305 735 1514 778 affirmate
1545 749 1722 791 prorsus
1747 736 1970 779 minitetur

234 811 563 867 denuncietque,
613 815 687 853 aut
741 815 890 853 contra
933 816 1242 865 repugnantem
1286 812 1517 854 altercetur
1558 812 1816 866 insistatque
1857 813 1969 855 idem

235 887 489 940 supplicium
523 886 747 928 affirmare.
813 886 1103 929 Suboriuntur
1135 888 1245 929 enim
1278 900 1584 941 saepenumero
1619 900 1792 940 causae,
1836 901 1969 941 quare

240 962 476 1004 omittenda
508 962 563 1003 sit
595 975 746 1016 poena,
775 962 1095 1015 periculumque
1127 965 1205 1016 est,
1236 976 1288 1004 ne
1312 966 1482 1004 coactus
1507 962 1656 1004 cedere
1678 963 1883 1016 Magister
1905 964 1968 1006 vel

236 1037 524 1091 deprecationi
548 1042 776 1091 parentum
800 1042 842 1079 et
864 1038 1131 1087 authoritati,
1164 1038 1230 1079 vel
1253 1038 1463 1092 MaJorum
1486 1038 1678 1093 imperio,
1711 1051 1810 1081 suas
1833 1039 1968 1081 minas

233 1113 380 1154 inanes
413 1113 543 1155 fuisse
578 1114 732 1167 doleat,
766 1126 946 1166 reosque
978 1126 1026 1154 ex
1052 1113 1146 1166 ipsa
1168 1113 1424 1167 impunitate
1446 1114 1672 1156 adversum
1696 1127 1740 1156 se
1763 1115 1969 1167 maiorem

234 1202 401 1232 sumere
435 1190 669 1232 audaciam.
735 1189 942 1239 (Sacchin.
978 1193 1020 1231 et
1052 1190 1140 1231 Iuv.
1176 1190 1200 1231 l.
1227 1196 1280 1234 c.)

370 1266 420 1307 V.
453 1266 682 1319 Nunquam
704 1278 861 1319 poenas
884 1265 1071 1306 minetur
1093 1264 1311 1318 discipulis
1345 1265 1568 1316 universis„
1603 1278 1698 1308 cum
1720 1278 1796 1308 nec
1818 1266 1969 1320 punire

233 1353 376 1382 omnes
409 1354 596 1394 unquam
629 1340 836 1394 expediat.
901 1341 1008 1394 (Iuv.
1044 1352 1064 1382 c
1101 1340 1125 1381 3
1160 1353 1195 1382 a.
1222 1342 1282 1392 2.)

373 1417 441 1458 VI.
494 1417 541 1458 In
575 1416 723 1469 quovis
758 1416 938 1469 denique
971 1416 1263 1469 castigationis
1297 1429 1464 1470 genere,
1498 1430 1572 1459 seu
1605 1417 1744 1460 verbis
1777 1431 1852 1460 seu
1878 1431 1968 1460 ver-

232 1493 404 1535 beribus
437 1493 633 1535 multisve
665 1495 832 1545 agatur,
870 1493 929 1533 ita
963 1492 1217 1534 servandam
1251 1492 1330 1534 sibi
1364 1492 1585 1534 charitatis
1618 1493 1754 1545 legem
1786 1494 1967 1549 noverit,

234 1571 280 1609 ut
320 1581 589 1621 nequaquam
632 1567 786 1610 idcirco
829 1568 1097 1609 imminutam
1138 1580 1235 1609 reus
1277 1571 1400 1620 putet
1443 1568 1736 1621 Praeceptoris
1779 1581 1880 1622 erga
1923 1582 1966 1612 se

233 1643 581 1695 benevolentiam,
614 1645 688 1684 aut
720 1644 875 1685 bonam
910 1644 975 1685 sui
1007 1643 1377 1697 existimationem,
1411 1647 1486 1684 aut
1507 1642 1723 1697 profectus
1747 1644 1811 1685 sui
1835 1657 1962 1697 spem.

233 1719 337 1761 Cum
377 1719 485 1760 enim
529 1719 641 1760 videt
671 1731 797 1773 puer,
841 1718 1046 1760 excidisse
1079 1732 1123 1760 se
1156 1719 1314 1774 gratia,
1356 1719 1594 1772 perdidisse
1626 1719 1783 1761 famam
1816 1723 1859 1762 et
1888 1733 1966 1774 pro

233 1794 456 1848 desperato
490 1794 655 1845 haberi,
687 1795 849 1847 pariter
881 1794 972 1847 ipse
1005 1794 1225 1850 desperat,
1266 1795 1306 1836 in
1340 1796 1504 1848 partem
1539 1796 1678 1836 omnia
1712 1795 1965 1838 deteriorem

231 1871 553 1923 interpretatur,
587 1870 790 1923 perfricat
820 1870 1018 1919 frontem,
1053 1873 1251 1911 conatum
1286 1870 1339 1911 ad
1372 1870 1547 1912 meliora
1574 1883 1667 1912 cum
1690 1871 1852 1924 pudore
1872 1872 1965 1925 ipso

232 1959 406 1999 prorsus
447 1946 600 1999 abjicit.
675 1946 815 1996 Quare
858 1945 1038 1998 publicis
1082 1958 1216 1998 aeque
1257 1958 1305 1987 ac
1345 1945 1522 1997 privatis
1567 1945 1964 1999 reprehensionibus

231 2035 455 2075 aspergere
497 2021 704 2063 modicam
743 2021 919 2062 subinde
962 2020 1133 2062 laudem
1174 2024 1363 2073 oportet,
1412 2021 1578 2073 culpam
1623 2033 1742 2068 veroq
1798 2022 1832 2063 si
1873 2021 1965 2064 fieri

232 2098 386 2152 possit,
430 2098 614 2151 elevare,
657 2097 801 2150 reique
843 2097 993 2139 melius
1036 2097 1077 2137 in
1116 2101 1333 2150 posterum
1373 2095 1582 2148 gerendae
1614 2108 1732 2149 spem
1765 2109 1962 2150 magnam

231 2176 458 2215 ostentare.
522 2172 685 2225 (Sacch.
721 2185 752 2214 c.
779 2174 802 2214 6
836 2176 879 2214 et
913 2174 978 2227 12,
1011 2172 1087 2213 Iuv
1135 2184 1165 2213 c.
1193 2173 1216 2212 2
1249 2183 1284 2212 a.
1313 2174 1369 2222 1.)

371 2249 435 2289 Ad
469 2252 724 2304 extremum⁷
766 2252 899 2290 totam
933 2248 1059 2294 hanc,
1103 2260 1230 2300 quam
1264 2246 1586 2299 descripsimus,
1619 2246 1854 2299 castigandi
1890 2248 1963 2290 ob-

225 2326 513 2379 jurgandique
556 2326 763 2368 rationem
806 2338 853 2367 ac
894 2324 1227 2366 moderationem
1268 2323 1498 2377 impensius
1540 2327 1588 2364 ut
1637 2323 1832 2366 observet
1874 2324 1962 2366 Ma-

233 2402 384 2454 gister,
426 2402 530 2443 illud
573 2414 714 2444 secum
748 2404 954 2454 perpetuo
987 2401 1176 2454 reputet:
1221 2411 1401 2452 quorum
1435 2397 1644 2440 infirmam
1675 2411 1786 2441 nunc
1820 2398 1961 2442 videat

234 2481 433 2527 aetatem,
467 2483 509 2519 et
541 2477 824 2519 conditionem
858 2476 1040 2518 fortasse
1073 2475 1280 2529 abjectam
1315 2486 1362 2515 ac
1396 2473 1708 2526 despicabilem,
1741 2487 1812 2516 eos
1844 2474 1961 2517 brevi

227 2554 403 2607 juvenes
445 2554 642 2607 virosque
682 2552 770 2595 fore
813 2556 854 2594 et
895 2555 1030 2605 (quae
1072 2564 1213 2593 rerum
1254 2550 1536 2591 humanarum
1581 2562 1672 2591 sors
1705 2551 1793 2603 est)
1828 2550 1961 2603 digni-

234 2631 363 2670 tatem
403 2630 513 2670 forte
553 2642 736 2682 opesque
780 2640 827 2670 ac
868 2627 1102 2681 potentiam
1143 2625 1391 2679 adepturos,
1435 2638 1616 2678 quorum
1650 2625 1874 2667 ambienda
1905 2626 1961 2668 sit

233 2703 385 2756 gratia„
412 2716 592 2756 quorum
615 2717 663 2745 ex
687 2703 904 2744 voluntate
928 2703 1120 2754 nutuque
1142 2700 1432 2754 pendendum:
1467 2713 1515 2742 ac
1538 2701 1602 2742 vel
1623 2700 1720 2742 inde
1742 2701 1958 2751 metiatur,

235 2791 360 2831 quem
393 2792 548 2832 ponere
580 2779 750 2820 modum
785 2779 907 2821 dictis
940 2777 1148 2830 factisque
1181 2777 1413 2819 conveniat.
1478 2777 1640 2829 (Sacch.
1675 2778 1700 2818 l.
1736 2783 1787 2829 c.)
