2164 3535
221 234 303 274 266
502 231 753 267 Gemeinsame
781 232 1119 276 Convictsordnung
1143 232 1207 267 der
1232 236 1359 267 osterr.
1385 233 1539 268 Provinz
1569 237 1664 271 1654.

220 383 357 424 neque
398 371 637 426 plicabunt,
679 384 816 425 neque
857 372 969 414 notis
1008 372 1254 425 signabunt,
1299 372 1373 415 sed
1406 377 1604 416 accurate
1636 375 1948 418 conservabunt

221 445 485 500 reddentque
516 447 773 500 praestituto
805 450 1008 501 tempore.

359 523 424 563 15.
474 522 635 575 Singuli
667 521 875 564 Praefecti
909 521 1160 576 Catalogum
1199 522 1417 565 habebunt
1455 535 1629 565 suorum
1670 524 1840 566 nomina
1878 524 1947 566 de-

219 597 378 650 scripta
420 597 724 652 continentem,
767 600 811 639 et
851 596 1137 652 adnotabunt‚
1180 610 1290 651 quae
1328 598 1509 652 quisque
1551 611 1694 641 secum
1737 599 1945 655 attulerit,

220 684 413 724 quaeque
446 672 643 725 deinceps
675 672 833 713 mutari
867 672 1098 725 contingat.

361 747 424 787 16.
472 746 624 788 Nullus
657 758 756 788 vero
789 746 1023 799 quidquam
1047 746 1165 788 dabit
1187 749 1263 789 aut
1284 747 1460 801 accipiet
1489 761 1513 790 a
1535 748 1763 792 Iuvenibus
1786 749 1948 803 absque

219 821 419 873 Regentis
460 821 647 875 licentia,
690 822 779 863 sine
818 833 903 874 qua
943 833 1065 863 nemo
1109 822 1235 864 etiam
1264 825 1268 874 1
1297 822 1615 865 Praefectorum
1649 824 1772 866 domo
1805 824 1946 866 exibit.

220 895 379 946 Quodsi
410 896 463 937 ad
487 896 718 950 Collegium
742 897 965 939 Societatis
989 897 1053 939 vel
1077 897 1130 939 ad
1153 898 1357 951 templum
1381 898 1567 940 eundum
1589 899 1684 954 erit,
1716 899 1947 952 Regentem

219 970 570 1026 praemonebunt,
602 975 651 1014 ut
683 972 918 1015 absentiam
951 985 1097 1014 eorum
1129 973 1326 1026 supplere
1358 974 1503 1027 possit.

741 1378 1084 1423 Ordinationes
1113 1379 1117 1433 Ῑ
1146 1380 1431 1443 Communes

530 1462 625 1504 Pro
659 1460 883 1503 omnibus
914 1460 1225 1505 Convictibus
1259 1462 1307 1505 et
1338 1459 1643 1516 Seminarijs.

360 1587 393 1627 l.
445 1586 615 1628 Mensae
647 1585 687 1627 in
721 1585 913 1628 cubiculo
946 1587 1148 1640 Regentis
1181 1599 1263 1629 non
1295 1586 1548 1641 habeantur,
1580 1585 1655 1628 sed
1685 1586 1727 1627 in
1751 1585 1946 1628 Triclinio

218 1659 481 1713 excipiantur
512 1673 588 1713 pro
621 1660 798 1713 prandio
831 1664 907 1702 aut
939 1674 1069 1704 coena
1102 1661 1254 1715 quibus
1287 1661 1328 1702 id
1362 1660 1586 1703 videbitur.
1647 1659 1884 1712 Alberus1).

357 1736 392 1775 2.
443 1735 521 1785 Qui
552 1738 727 1789 propter
759 1735 966 1777 demerita
1005 1739 1048 1777 et
1079 1739 1254 1789 peccata
1296 1749 1344 1778 ex
1379 1735 1582 1778 Convictu
1616 1735 1680 1777 vel
1714 1734 1948 1778 Seminario

218 1809 384 1863 eijcitur
414 1809 634 1863 indignum
668 1822 836 1863 quoque
860 1810 1197 1864 Congregatione
1230 1811 1282 1864 (si
1315 1823 1424 1864 quae
1455 1811 1539 1852 illic
1566 1812 1648 1862 est)
1681 1823 1727 1853 se
1749 1809 1948 1865 reddidit,

216 1888 259 1926 et
290 1885 342 1927 ab
375 1898 423 1927 ea
455 1885 650 1927 exclusus
681 1885 919 1928 habebitur.
981 1886 1173 1928 Alberus.

354 1961 391 2001 3.
441 1960 656 2002 Tractatio
689 1961 982 2017 Alumnorum,
1016 1961 1116 2003 dum
1148 1960 1366 2002 Primitias
1399 1960 1635 2015 celebrant,
1668 1960 1724 2002 sit
1754 1959 1948 2015 frugaliS‚

217 2047 293 2077 nec
335 2048 523 2076 mensam
566 2035 845 2087 ordinariam,
889 2036 966 2077 nisi
1001 2036 1237 2078 adiectione
1269 2035 1452 2077 duorum
1484 2037 1558 2076 aut
1589 2035 1717 2077 trium
1751 2035 1805 2077 ad
1837 2048 1950 2077 sum-

216 2122 330 2150 mum
362 2110 634 2165 ferculorum,
663 2114 667 2162 1
696 2111 921 2162 excedens,
955 2114 997 2152 et
1028 2111 1062 2153 si
1096 2109 1186 2152 fieri
1220 2110 1373 2164 possit,
1404 2110 1548 2163 plures
1580 2122 1663 2152 uno
1697 2109 1763 2152 die
1796 2110 1947 2152 Missas

217 2196 316 2225 suas
349 2184 635 2227 celebrabunt.
700 2186 829 2229 Idem.

354 2261 390 2299 4.
427 2259 619 2302 Perinitti
643 2265 823 2314 possunt
840 2261 1162 2304 Convictoribus
1184 2261 1470 2303 instrumenta
1492 2261 1653 2303 musica
1672 2260 1948 2303 recreationis

218 2336 428 2387 tempore,
473 2347 565 2377 cum
608 2335 686 2378 hac
728 2336 965 2378 conditione
1009 2339 1170 2388 tamen,
1215 2338 1262 2377 ut
1301 2335 1431 2377 tubae
1463 2338 1505 2377 et
1536 2335 1619 2377 alia
1650 2335 1948 2389 instrumenta,

216 2420 325 2460 quae
367 2409 478 2451 viros
523 2410 841 2453 Ecclesiasticos
885 2424 1036 2464 parum
1085 2411 1256 2465 decent,
1304 2423 1386 2452 non
1433 2410 1643 2465 irrepant,
1689 2410 1802 2452 inter
1848 2410 1943 2452 alia.

218 2483 322 2525 Item
364 2497 414 2526 ne
454 2485 649 2527 obscaeni
692 2488 733 2528 et
777 2486 989 2528 seculares
1031 2486 1205 2527 nimium
1252 2488 1401 2528 cantus
1444 2485 1485 2527 in
1518 2484 1758 2527 huiusmodi
1790 2485 1947 2528 instru-

218 2558 368 2600 mentis
412 2563 685 2613 usurpentur.
751 2560 909 2611 Quodsi
953 2561 1156 2603 terminos
1196 2560 1483 2614 praescriptos
1515 2560 1645 2613 aliqui
1676 2559 1946 2613 transgrede-

218 2635 388 2685 rentur,
436 2634 601 2676 curabit
643 2635 808 2688 Regens
847 2635 889 2676 in
939 2647 1009 2677 eos
1055 2648 1200 2677 severe
1246 2634 1549 2690 animadverti,
1595 2638 1644 2676 ut
1685 2634 1752 2688 alij
1798 2647 1944 2676 eorum

218 2708 408 2760 exemplo
441 2709 685 2751 doceantur.

356 2784 393 2823 5.
443 2782 573 2825 Curet
605 2785 770 2837 Regens
803 2790 979 2839 propter
1011 2786 1173 2839 copiam
1208 2785 1394 2839 pulicum
1427 2788 1469 2827 et
1501 2784 1713 2839 sordium,
1753 2796 1863 2837 quae
1902 2784 1944 2825 in

216 2861 338 2899 tanta
370 2858 490 2910 copia
520 2871 749 2910 puerorum
778 2860 898 2902 facile
932 2861 1210 2915 contrahitur,
1245 2864 1293 2902 ut
1325 2860 1396 2901 det
1428 2859 1598 2913 nostris,
1631 2858 1702 2911 qui
1735 2871 1829 2900 cum
1851 2859 1942 2912 ipso

219 2932 398 2987 degunt,
440 2932 617 2985 singulis
650 2933 926 2977 hebdomadis
959 2935 1042 2977 duo
1075 2936 1243 2978 indusia
1276 2934 1499 2977 commoda
1530 2946 1577 2977 ac
1609 2935 1795 2989 integra,
1826 2934 1944 2975 mini-

223 3019 340 3048 mum
373 3010 550 3062 aestate,
583 3011 631 3049 ut
661 3008 799 3051 minus
831 3011 1062 3063 patiantur.
1126 3010 1255 3052 Idem.

357 3169 382 3212 ¹)
408 3167 449 3201 In
477 3167 607 3202 betreff
629 3168 692 3202 der
719 3168 858 3203 Namen
885 3180 911 3203 s.
938 3169 1020 3205 Rat.
1049 3168 1140 3204 stud.
1167 3168 1195 3213 1,
1220 3168 1339 3203 lef.
