<?xml version="1.0" encoding="UTF-8"?>
<!DOCTYPE html PUBLIC "-//W3C//DTD XHTML 1.0 Transitional//EN"
    "http://www.w3.org/TR/xhtml1/DTD/xhtml1-transitional.dtd">
<html xmlns="http://www.w3.org/1999/xhtml" xml:lang="en" lang="en">
 <head>
  <title>
</title>
<meta http-equiv="Content-Type" content="text/html;charset=utf-8" />
  <meta name='ocr-system' content='tesseract 3.04.00' />
  <meta name='ocr-capabilities' content='ocr_page ocr_carea ocr_par ocr_line ocrx_word'/>
</head>
<body>
  <div class='ocr_page' id='page_1' title='image "./ratiostudiorumet16jesu_0257.png"; bbox 0 0 2164 3535; ppageno 0'>
   <div class='ocr_carea' id='block_1_1' title="bbox 695 188 1874 235">
    <p class='ocr_par' dir='ltr' id='par_1_1' title="bbox 695 188 1874 235">
     <span class='ocr_line' id='line_1_1' title="bbox 695 188 1874 235; baseline 0 -11"><span class='ocrx_word' id='word_1_1' title='bbox 695 188 969 233; x_wconf 85' lang='lat' dir='ltr'>Heranbildung</span> <span class='ocrx_word' id='word_1_2' title='bbox 993 189 1056 224; x_wconf 86' lang='lat' dir='ltr'>der</span> <span class='ocrx_word' id='word_1_3' title='bbox 1081 190 1217 226; x_wconf 88' lang='lat' dir='ltr'>Lehrer</span> <span class='ocrx_word' id='word_1_4' title='bbox 1246 193 1342 226; x_wconf 82' lang='lat'>1622.</span> <span class='ocrx_word' id='word_1_5' title='bbox 1792 194 1874 235; x_wconf 84' lang='lat'>233</span> 
     </span>
    </p>
   </div>
   <div class='ocr_carea' id='block_1_2' title="bbox 557 260 1875 271">
    <p class='ocr_par' dir='ltr' id='par_1_2' title="bbox 557 260 1875 271">
     <span class='ocr_line' id='line_1_2' title="bbox 557 260 1875 271; baseline 0 0"><span class='ocrx_word' id='word_1_6' title='bbox 557 260 1875 271; x_wconf 95' lang='lat' dir='ltr'> </span> 
     </span>
    </p>
   </div>
   <div class='ocr_carea' id='block_1_3' title="bbox 1264 263 1875 270">
    <p class='ocr_par' dir='ltr' id='par_1_3' title="bbox 1264 263 1875 270">
     <span class='ocr_line' id='line_1_3' title="bbox 1264 263 1875 270; baseline 0 0"><span class='ocrx_word' id='word_1_7' title='bbox 1264 263 1875 270; x_wconf 95' lang='lat' dir='ltr'> </span> 
     </span>
    </p>
   </div>
   <div class='ocr_carea' id='block_1_4' title="bbox 162 329 1879 682">
    <p class='ocr_par' dir='ltr' id='par_1_4' title="bbox 162 329 1879 682">
     <span class='ocr_line' id='line_1_4' title="bbox 163 329 1875 384; baseline 0.001 -13"><span class='ocrx_word' id='word_1_8' title='bbox 163 333 338 384; x_wconf 91' lang='lat' dir='ltr'>propter</span> <span class='ocrx_word' id='word_1_9' title='bbox 375 332 587 372; x_wconf 88' lang='lat' dir='ltr'>mutatum</span> <span class='ocrx_word' id='word_1_10' title='bbox 630 329 831 372; x_wconf 90' lang='lat' dir='ltr'>orationis</span> <span class='ocrx_word' id='word_1_11' title='bbox 871 329 1060 372; x_wconf 89' lang='lat' dir='ltr'>habitum</span> <span class='ocrx_word' id='word_1_12' title='bbox 1102 329 1357 373; x_wconf 87' lang='lat' dir='ltr'>viderentur.</span> <span class='ocrx_word' id='word_1_13' title='bbox 1429 331 1522 373; x_wconf 91' lang='lat' dir='ltr'>Non</span> <span class='ocrx_word' id='word_1_14' title='bbox 1565 330 1778 374; x_wconf 90' lang='lat' dir='ltr'>dissimilis</span> <span class='ocrx_word' id='word_1_15' title='bbox 1816 331 1875 373; x_wconf 91' lang='lat' dir='ltr'>illi</span> 
     </span>
     <span class='ocr_line' id='line_1_5' title="bbox 162 403 1877 461; baseline 0 -14"><span class='ocrx_word' id='word_1_16' title='bbox 162 405 243 447; x_wconf 86' lang='lat' dir='ltr'>fuit</span> <span class='ocrx_word' id='word_1_17' title='bbox 274 405 569 447; x_wconf 90' lang='lat' dir='ltr'>commentatio</span> <span class='ocrx_word' id='word_1_18' title='bbox 601 405 642 446; x_wconf 92' lang='lat' dir='ltr'>in</span> <span class='ocrx_word' id='word_1_19' title='bbox 673 404 898 447; x_wconf 90' lang='lat' dir='ltr'>verborum</span> <span class='ocrx_word' id='word_1_20' title='bbox 928 403 1074 458; x_wconf 87' lang='lat' dir='ltr'>figuris</span> <span class='ocrx_word' id='word_1_21' title='bbox 1106 405 1422 461; x_wconf 81' lang='lat' dir='ltr'>illustrioribus,</span> <span class='ocrx_word' id='word_1_22' title='bbox 1455 418 1560 459; x_wconf 90' lang='lat' dir='ltr'>quas</span> <span class='ocrx_word' id='word_1_23' title='bbox 1584 406 1638 448; x_wconf 91' lang='lat' dir='ltr'>ad</span> <span class='ocrx_word' id='word_1_24' title='bbox 1659 406 1763 448; x_wconf 91' lang='lat' dir='ltr'>alias</span> <span class='ocrx_word' id='word_1_25' title='bbox 1785 418 1877 448; x_wconf 89' lang='lat' dir='ltr'>sen-</span> 
     </span>
     <span class='ocr_line' id='line_1_6' title="bbox 163 479 1877 536; baseline 0.001 -14"><span class='ocrx_word' id='word_1_26' title='bbox 163 480 317 522; x_wconf 91' lang='lat' dir='ltr'>tentias</span> <span class='ocrx_word' id='word_1_27' title='bbox 349 479 618 530; x_wconf 89' lang='lat' dir='ltr'>traducebat;</span> <span class='ocrx_word' id='word_1_28' title='bbox 653 492 788 533; x_wconf 90' lang='lat' dir='ltr'>neque</span> <span class='ocrx_word' id='word_1_29' title='bbox 820 479 929 521; x_wconf 88' lang='lat' dir='ltr'>enim</span> <span class='ocrx_word' id='word_1_30' title='bbox 958 479 1097 532; x_wconf 90' lang='lat' dir='ltr'>placet</span> <span class='ocrx_word' id='word_1_31' title='bbox 1118 480 1191 536; x_wconf 92' lang='lat' dir='ltr'>illi,</span> <span class='ocrx_word' id='word_1_32' title='bbox 1224 493 1312 523; x_wconf 90' lang='lat' dir='ltr'>rem</span> <span class='ocrx_word' id='word_1_33' title='bbox 1335 480 1612 533; x_wconf 85' lang='lat' dir='ltr'>significatam</span> <span class='ocrx_word' id='word_1_34' title='bbox 1635 480 1759 523; x_wconf 89' lang='lat' dir='ltr'>simul</span> <span class='ocrx_word' id='word_1_35' title='bbox 1783 493 1877 523; x_wconf 91' lang='lat' dir='ltr'>cum</span> 
     </span>
     <span class='ocr_line' id='line_1_7' title="bbox 163 554 1879 611; baseline 0 -14"><span class='ocrx_word' id='word_1_36' title='bbox 163 555 301 598; x_wconf 89' lang='lat' dir='ltr'>verbis</span> <span class='ocrx_word' id='word_1_37' title='bbox 334 554 667 608; x_wconf 86' lang='lat' dir='ltr'>significantibus</span> <span class='ocrx_word' id='word_1_38' title='bbox 700 567 722 596; x_wconf 92' lang='lat' dir='ltr'>e</span> <span class='ocrx_word' id='word_1_39' title='bbox 755 554 954 596; x_wconf 80' lang='lat' dir='ltr'>Cicerone</span> <span class='ocrx_word' id='word_1_40' title='bbox 986 555 1292 611; x_wconf 79' lang='lat' dir='ltr'>transcribere,</span> <span class='ocrx_word' id='word_1_41' title='bbox 1335 555 1447 610; x_wconf 92' lang='lat' dir='ltr'>quod</span> <span class='ocrx_word' id='word_1_42' title='bbox 1478 556 1518 598; x_wconf 91' lang='lat' dir='ltr'>in</span> <span class='ocrx_word' id='word_1_43' title='bbox 1559 555 1786 598; x_wconf 85' lang='lat' dir='ltr'>memoriae</span> <span class='ocrx_word' id='word_1_44' title='bbox 1823 555 1879 597; x_wconf 87' lang='lat' dir='ltr'>sit</span> 
     </span>
     <span class='ocr_line' id='line_1_8' title="bbox 162 628 1009 682; baseline -0.001 -10"><span class='ocrx_word' id='word_1_45' title='bbox 162 629 407 672; x_wconf 89' lang='lat' dir='ltr'>beneficium</span> <span class='ocrx_word' id='word_1_46' title='bbox 439 632 482 671; x_wconf 89' lang='lat' dir='ltr'>et</span> <span class='ocrx_word' id='word_1_47' title='bbox 512 642 537 670; x_wconf 90' lang='lat' dir='ltr'>a</span> <span class='ocrx_word' id='word_1_48' title='bbox 568 629 711 671; x_wconf 89' lang='lat' dir='ltr'>multis</span> <span class='ocrx_word' id='word_1_49' title='bbox 742 628 832 671; x_wconf 89' lang='lat' dir='ltr'>fieri</span> <span class='ocrx_word' id='word_1_50' title='bbox 864 629 1009 682; x_wconf 80' lang='lat' dir='ltr'>possit.</span> 
     </span>
    </p>
   </div>
   <div class='ocr_carea' id='block_1_5' title="bbox 160 721 1880 1302">
    <p class='ocr_par' dir='ltr' id='par_1_5' title="bbox 160 721 1880 1302">
     <span class='ocr_line' id='line_1_9' title="bbox 299 721 1879 778; baseline 0.002 -15"><span class='ocrx_word' id='word_1_51' title='bbox 299 721 525 763; x_wconf 90' lang='lat' dir='ltr'>Imitatio</span> <span class='ocrx_word' id='word_1_52' title='bbox 557 733 742 771; x_wconf 85' lang='lat' dir='ltr'>rerum,</span> <span class='ocrx_word' id='word_1_53' title='bbox 776 733 885 773; x_wconf 89' lang='lat' dir='ltr'>quae</span> <span class='ocrx_word' id='word_1_54' title='bbox 915 721 1046 762; x_wconf 86' lang='lat' dir='ltr'>virilis</span> <span class='ocrx_word' id='word_1_55' title='bbox 1078 724 1156 776; x_wconf 86' lang='lat' dir='ltr'>est,</span> <span class='ocrx_word' id='word_1_56' title='bbox 1188 722 1229 763; x_wconf 92' lang='lat' dir='ltr'>in</span> <span class='ocrx_word' id='word_1_57' title='bbox 1263 735 1310 764; x_wconf 93' lang='lat' dir='ltr'>eo</span> <span class='ocrx_word' id='word_1_58' title='bbox 1345 725 1435 765; x_wconf 85' lang='lat' dir='ltr'>tota</span> <span class='ocrx_word' id='word_1_59' title='bbox 1457 723 1626 766; x_wconf 90' lang='lat' dir='ltr'>videtur</span> <span class='ocrx_word' id='word_1_60' title='bbox 1647 724 1799 778; x_wconf 88' lang='lat' dir='ltr'>posita,</span> <span class='ocrx_word' id='word_1_61' title='bbox 1831 726 1879 765; x_wconf 88' lang='lat' dir='ltr'>ut</span> 
     </span>
     <span class='ocr_line' id='line_1_10' title="bbox 162 795 1879 851; baseline 0.001 -13"><span class='ocrx_word' id='word_1_62' title='bbox 162 797 203 838; x_wconf 91' lang='lat' dir='ltr'>in</span> <span class='ocrx_word' id='word_1_63' title='bbox 238 799 586 849; x_wconf 84' lang='lat' dir='ltr'>argumentorum</span> <span class='ocrx_word' id='word_1_64' title='bbox 618 795 877 845; x_wconf 85' lang='lat' dir='ltr'>inventione,</span> <span class='ocrx_word' id='word_1_65' title='bbox 917 795 1209 849; x_wconf 84' lang='lat' dir='ltr'>dispositione,</span> <span class='ocrx_word' id='word_1_66' title='bbox 1254 797 1489 840; x_wconf 85' lang='lat' dir='ltr'>elocutione</span> <span class='ocrx_word' id='word_1_67' title='bbox 1521 810 1647 851; x_wconf 91' lang='lat' dir='ltr'>quam</span> <span class='ocrx_word' id='word_1_68' title='bbox 1680 798 1879 841; x_wconf 88' lang='lat' dir='ltr'>simillimi</span> 
     </span>
     <span class='ocr_line' id='line_1_11' title="bbox 162 871 1880 927; baseline 0.001 -14"><span class='ocrx_word' id='word_1_69' title='bbox 162 871 351 914; x_wconf 87' lang='lat' dir='ltr'>Ciceroni</span> <span class='ocrx_word' id='word_1_70' title='bbox 383 871 534 926; x_wconf 89' lang='lat' dir='ltr'>simus,</span> <span class='ocrx_word' id='word_1_71' title='bbox 572 883 638 913; x_wconf 91' lang='lat' dir='ltr'>res</span> <span class='ocrx_word' id='word_1_72' title='bbox 670 871 840 924; x_wconf 90' lang='lat' dir='ltr'>quidem</span> <span class='ocrx_word' id='word_1_73' title='bbox 872 875 1039 913; x_wconf 89' lang='lat' dir='ltr'>nostras</span> <span class='ocrx_word' id='word_1_74' title='bbox 1071 874 1326 927; x_wconf 82' lang='lat' dir='ltr'>tractantes,</span> <span class='ocrx_word' id='word_1_75' title='bbox 1367 873 1441 915; x_wconf 91' lang='lat' dir='ltr'>sed</span> <span class='ocrx_word' id='word_1_76' title='bbox 1473 873 1617 915; x_wconf 89' lang='lat' dir='ltr'>eadem</span> <span class='ocrx_word' id='word_1_77' title='bbox 1650 873 1722 915; x_wconf 92' lang='lat' dir='ltr'>illa</span> <span class='ocrx_word' id='word_1_78' title='bbox 1754 874 1880 916; x_wconf 90' lang='lat' dir='ltr'>ratio-</span> 
     </span>
     <span class='ocr_line' id='line_1_12' title="bbox 161 945 1879 1002; baseline 0.001 -13"><span class='ocrx_word' id='word_1_79' title='bbox 161 959 260 989; x_wconf 89' lang='lat' dir='ltr'>num</span> <span class='ocrx_word' id='word_1_80' title='bbox 293 949 334 989; x_wconf 91' lang='lat' dir='ltr'>et</span> <span class='ocrx_word' id='word_1_81' title='bbox 365 949 713 1000; x_wconf 83' lang='lat' dir='ltr'>argumentorum</span> <span class='ocrx_word' id='word_1_82' title='bbox 746 946 960 1001; x_wconf 86' lang='lat' dir='ltr'>ubertate,</span> <span class='ocrx_word' id='word_1_83' title='bbox 993 945 1179 1000; x_wconf 88' lang='lat' dir='ltr'>partium</span> <span class='ocrx_word' id='word_1_84' title='bbox 1214 947 1416 988; x_wconf 85' lang='lat' dir='ltr'>orationis</span> <span class='ocrx_word' id='word_1_85' title='bbox 1449 951 1879 1002; x_wconf 83' lang='lat' dir='ltr'>argumentorumque</span> 
     </span>
     <span class='ocr_line' id='line_1_13' title="bbox 161 1020 1879 1077; baseline 0 -13"><span class='ocrx_word' id='word_1_86' title='bbox 161 1021 387 1064; x_wconf 88' lang='lat' dir='ltr'>artificiosa</span> <span class='ocrx_word' id='word_1_87' title='bbox 408 1021 694 1077; x_wconf 89' lang='lat' dir='ltr'>dispositione,</span> <span class='ocrx_word' id='word_1_88' title='bbox 714 1020 1052 1075; x_wconf 87' lang='lat' dir='ltr'>amplificatione,</span> <span class='ocrx_word' id='word_1_89' title='bbox 1073 1024 1311 1075; x_wconf 89' lang='lat' dir='ltr'>ornatuque</span> <span class='ocrx_word' id='word_1_90' title='bbox 1330 1021 1578 1077; x_wconf 83' lang='lat' dir='ltr'>figurarum,</span> <span class='ocrx_word' id='word_1_91' title='bbox 1596 1034 1679 1075; x_wconf 92' lang='lat' dir='ltr'>quo</span> <span class='ocrx_word' id='word_1_92' title='bbox 1698 1022 1879 1077; x_wconf 84' lang='lat' dir='ltr'>Tullius3</span> 
     </span>
     <span class='ocr_line' id='line_1_14' title="bbox 160 1096 1880 1151; baseline -0.001 -12"><span class='ocrx_word' id='word_1_93' title='bbox 160 1109 236 1139; x_wconf 92' lang='lat' dir='ltr'>nec</span> <span class='ocrx_word' id='word_1_94' title='bbox 274 1096 317 1138; x_wconf 92' lang='lat' dir='ltr'>id</span> <span class='ocrx_word' id='word_1_95' title='bbox 356 1097 444 1139; x_wconf 90' lang='lat' dir='ltr'>sine</span> <span class='ocrx_word' id='word_1_96' title='bbox 485 1097 624 1139; x_wconf 88' lang='lat' dir='ltr'>verbis</span> <span class='ocrx_word' id='word_1_97' title='bbox 663 1110 699 1138; x_wconf 88' lang='lat' dir='ltr'>v.</span> <span class='ocrx_word' id='word_1_98' title='bbox 734 1097 843 1150; x_wconf 89' lang='lat' dir='ltr'>stylo</span> <span class='ocrx_word' id='word_1_99' title='bbox 876 1096 1000 1138; x_wconf 89' lang='lat' dir='ltr'>Tullii</span> <span class='ocrx_word' id='word_1_100' title='bbox 1043 1099 1193 1149; x_wconf 90' lang='lat' dir='ltr'>sponte</span> <span class='ocrx_word' id='word_1_101' title='bbox 1234 1109 1312 1138; x_wconf 89' lang='lat' dir='ltr'>sua</span> <span class='ocrx_word' id='word_1_102' title='bbox 1346 1097 1436 1150; x_wconf 90' lang='lat' dir='ltr'>jam</span> <span class='ocrx_word' id='word_1_103' title='bbox 1477 1096 1637 1139; x_wconf 89' lang='lat' dir='ltr'>fluente</span> <span class='ocrx_word' id='word_1_104' title='bbox 1679 1099 1722 1139; x_wconf 91' lang='lat' dir='ltr'>et</span> <span class='ocrx_word' id='word_1_105' title='bbox 1761 1096 1880 1151; x_wconf 89' lang='lat' dir='ltr'>copia</span> 
     </span>
     <span class='ocr_line' id='line_1_15' title="bbox 160 1171 1879 1225; baseline -0.001 -10"><span class='ocrx_word' id='word_1_106' title='bbox 160 1173 365 1215; x_wconf 90' lang='lat' dir='ltr'>lectarum</span> <span class='ocrx_word' id='word_1_107' title='bbox 408 1171 589 1214; x_wconf 90' lang='lat' dir='ltr'>dictione</span> <span class='ocrx_word' id='word_1_108' title='bbox 630 1174 910 1225; x_wconf 81' lang='lat' dir='ltr'>exsuperante</span> <span class='ocrx_word' id='word_1_109' title='bbox 994 1171 1115 1222; x_wconf 86' lang='lat' dir='ltr'>Quod</span> <span class='ocrx_word' id='word_1_110' title='bbox 1155 1175 1203 1213; x_wconf 90' lang='lat' dir='ltr'>ut</span> <span class='ocrx_word' id='word_1_111' title='bbox 1242 1171 1332 1213; x_wconf 87' lang='lat' dir='ltr'>fieri</span> <span class='ocrx_word' id='word_1_112' title='bbox 1372 1171 1526 1225; x_wconf 84' lang='lat' dir='ltr'>possit,</span> <span class='ocrx_word' id='word_1_113' title='bbox 1570 1171 1796 1214; x_wconf 89' lang='lat' dir='ltr'>videndum</span> <span class='ocrx_word' id='word_1_114' title='bbox 1838 1172 1879 1213; x_wconf 94' lang='lat' dir='ltr'>in</span> 
     </span>
     <span class='ocr_line' id='line_1_16' title="bbox 162 1246 1249 1302; baseline -0.001 -12"><span class='ocrx_word' id='word_1_115' title='bbox 162 1247 373 1302; x_wconf 85' lang='lat' dir='ltr'>Cicerone,</span> <span class='ocrx_word' id='word_1_116' title='bbox 406 1247 507 1300; x_wconf 87' lang='lat' dir='ltr'>quid</span> <span class='ocrx_word' id='word_1_117' title='bbox 539 1250 581 1289; x_wconf 93' lang='lat' dir='ltr'>et</span> <span class='ocrx_word' id='word_1_118' title='bbox 612 1246 823 1300; x_wconf 90' lang='lat' dir='ltr'>quomodo</span> <span class='ocrx_word' id='word_1_119' title='bbox 856 1259 1050 1300; x_wconf 92' lang='lat' dir='ltr'>quaeque</span> <span class='ocrx_word' id='word_1_120' title='bbox 1082 1249 1249 1289; x_wconf 88' lang='lat' dir='ltr'>tractet.</span> 
     </span>
    </p>
   </div>
   <div class='ocr_carea' id='block_1_6' title="bbox 160 1333 1882 1761">
    <p class='ocr_par' dir='ltr' id='par_1_6' title="bbox 160 1333 1882 1761">
     <span class='ocr_line' id='line_1_17' title="bbox 298 1333 1880 1389; baseline 0 -12"><span class='ocrx_word' id='word_1_121' title='bbox 298 1334 483 1387; x_wconf 83' lang='lat' dir='ltr'>Legendi</span> <span class='ocrx_word' id='word_1_122' title='bbox 530 1346 606 1388; x_wconf 91' lang='lat' dir='ltr'>pro</span> <span class='ocrx_word' id='word_1_123' title='bbox 653 1333 842 1387; x_wconf 89' lang='lat' dir='ltr'>epistolis</span> <span class='ocrx_word' id='word_1_124' title='bbox 889 1334 960 1387; x_wconf 93' lang='lat' dir='ltr'>qui</span> <span class='ocrx_word' id='word_1_125' title='bbox 1008 1334 1059 1377; x_wconf 93' lang='lat' dir='ltr'>de</span> <span class='ocrx_word' id='word_1_126' title='bbox 1105 1334 1323 1387; x_wconf 91' lang='lat' dir='ltr'>epistolico</span> <span class='ocrx_word' id='word_1_127' title='bbox 1371 1333 1546 1376; x_wconf 91' lang='lat' dir='ltr'>artificio</span> <span class='ocrx_word' id='word_1_128' title='bbox 1598 1335 1880 1389; x_wconf 86' lang='lat' dir='ltr'>scripserunt:</span> 
     </span>
     <span class='ocr_line' id='line_1_18' title="bbox 161 1408 1882 1465; baseline 0.001 -13"><span class='ocrx_word' id='word_1_129' title='bbox 161 1410 387 1465; x_wconf 73' lang='lat' dir='ltr'>Voellus1),</span> <span class='ocrx_word' id='word_1_130' title='bbox 420 1409 603 1462; x_wconf 85' lang='lat' dir='ltr'>Lipsius,</span> <span class='ocrx_word' id='word_1_131' title='bbox 635 1408 824 1459; x_wconf 76' lang='lat' dir='ltr'>Rochus3</span> <span class='ocrx_word' id='word_1_132' title='bbox 857 1422 933 1462; x_wconf 91' lang='lat' dir='ltr'>pro</span> <span class='ocrx_word' id='word_1_133' title='bbox 957 1409 1061 1464; x_wconf 89' lang='lat' dir='ltr'>odis,</span> <span class='ocrx_word' id='word_1_134' title='bbox 1093 1409 1237 1461; x_wconf 85' lang='lat' dir='ltr'>elegiis</span> <span class='ocrx_word' id='word_1_135' title='bbox 1260 1413 1302 1452; x_wconf 88' lang='lat' dir='ltr'>et</span> <span class='ocrx_word' id='word_1_136' title='bbox 1324 1409 1442 1451; x_wconf 87' lang='lat' dir='ltr'>varia</span> <span class='ocrx_word' id='word_1_137' title='bbox 1464 1410 1697 1452; x_wconf 88' lang='lat' dir='ltr'>carminum</span> <span class='ocrx_word' id='word_1_138' title='bbox 1720 1410 1882 1453; x_wconf 88' lang='lat' dir='ltr'>ratione</span> 
     </span>
     <span class='ocr_line' id='line_1_19' title="bbox 160 1479 1882 1538; baseline 0 -10"><span class='ocrx_word' id='word_1_139' title='bbox 160 1479 201 1528; x_wconf 89' lang='lat' dir='ltr'>in</span> <span class='ocrx_word' id='word_1_140' title='bbox 240 1485 507 1528; x_wconf 90' lang='lat' dir='ltr'>institutione</span> <span class='ocrx_word' id='word_1_141' title='bbox 540 1484 741 1538; x_wconf 81' lang='lat' dir='ltr'>Scaligeri</span> <span class='ocrx_word' id='word_1_142' title='bbox 774 1487 873 1535; x_wconf 85' lang='lat' dir='ltr'>cet.;</span> <span class='ocrx_word' id='word_1_143' title='bbox 915 1484 1042 1527; x_wconf 91' lang='lat' dir='ltr'>etiam</span> <span class='ocrx_word' id='word_1_144' title='bbox 1084 1483 1262 1526; x_wconf 90' lang='lat' dir='ltr'>historia</span> <span class='ocrx_word' id='word_1_145' title='bbox 1301 1484 1514 1527; x_wconf 89' lang='lat' dir='ltr'>Ciceronis</span> <span class='ocrx_word' id='word_1_146' title='bbox 1557 1498 1580 1527; x_wconf 91' lang='lat' dir='ltr'>a</span> <span class='ocrx_word' id='word_1_147' title='bbox 1623 1486 1769 1528; x_wconf 88' lang='lat' dir='ltr'>Franc.</span> <span class='ocrx_word' id='word_1_148' title='bbox 1804 1487 1882 1528; x_wconf 88' lang='lat' dir='ltr'>Fa-</span> 
     </span>
     <span class='ocr_line' id='line_1_20' title="bbox 161 1558 1882 1617; baseline 0 -14"><span class='ocrx_word' id='word_1_149' title='bbox 161 1560 307 1617; x_wconf 89' lang='lat' dir='ltr'>britio,</span> <span class='ocrx_word' id='word_1_150' title='bbox 349 1560 636 1613; x_wconf 89' lang='lat' dir='ltr'>Antiquitates</span> <span class='ocrx_word' id='word_1_151' title='bbox 667 1560 812 1602; x_wconf 88' lang='lat' dir='ltr'>Rosini</span> <span class='ocrx_word' id='word_1_152' title='bbox 854 1573 879 1602; x_wconf 89' lang='lat' dir='ltr'>a</span> <span class='ocrx_word' id='word_1_153' title='bbox 909 1560 952 1601; x_wconf 89' lang='lat' dir='ltr'>P.</span> <span class='ocrx_word' id='word_1_154' title='bbox 978 1558 1122 1602; x_wconf 85' lang='lat' dir='ltr'>Scotto</span> <span class='ocrx_word' id='word_1_155' title='bbox 1136 1558 1168 1611; x_wconf 78' lang='lat'>²)</span> <span class='ocrx_word' id='word_1_156' title='bbox 1201 1562 1364 1614; x_wconf 89' lang='lat' dir='ltr'>auctae,</span> <span class='ocrx_word' id='word_1_157' title='bbox 1407 1562 1449 1601; x_wconf 93' lang='lat' dir='ltr'>et</span> <span class='ocrx_word' id='word_1_158' title='bbox 1489 1560 1594 1615; x_wconf 86' lang='lat' dir='ltr'>alia,</span> <span class='ocrx_word' id='word_1_159' title='bbox 1636 1560 1687 1602; x_wconf 91' lang='lat' dir='ltr'>de</span> <span class='ocrx_word' id='word_1_160' title='bbox 1729 1560 1882 1614; x_wconf 89' lang='lat' dir='ltr'>quibus</span> 
     </span>
     <span class='ocr_line' id='line_1_21' title="bbox 160 1634 1881 1689; baseline 0.001 -12"><span class='ocrx_word' id='word_1_161' title='bbox 160 1635 295 1678; x_wconf 90' lang='lat' dir='ltr'>fusius</span> <span class='ocrx_word' id='word_1_162' title='bbox 326 1636 368 1677; x_wconf 91' lang='lat' dir='ltr'>in</span> <span class='ocrx_word' id='word_1_163' title='bbox 401 1635 563 1678; x_wconf 87' lang='lat' dir='ltr'>ratione</span> <span class='ocrx_word' id='word_1_164' title='bbox 595 1635 855 1686; x_wconf 77' lang='lat' dir='ltr'>studiorum3</span> <span class='ocrx_word' id='word_1_165' title='bbox 893 1648 1001 1688; x_wconf 90' lang='lat' dir='ltr'>quae</span> <span class='ocrx_word' id='word_1_166' title='bbox 1033 1635 1192 1689; x_wconf 89' lang='lat' dir='ltr'>optima</span> <span class='ocrx_word' id='word_1_167' title='bbox 1214 1635 1270 1677; x_wconf 90' lang='lat' dir='ltr'>sit</span> <span class='ocrx_word' id='word_1_168' title='bbox 1290 1634 1524 1688; x_wconf 87' lang='lat' dir='ltr'>explicandi</span> <span class='ocrx_word' id='word_1_169' title='bbox 1550 1635 1673 1688; x_wconf 89' lang='lat' dir='ltr'>ratio,</span> <span class='ocrx_word' id='word_1_170' title='bbox 1710 1636 1881 1678; x_wconf 79' lang='lat' dir='ltr'>Scottus</span> 
     </span>
     <span class='ocr_line' id='line_1_22' title="bbox 161 1710 950 1761; baseline -0.003 -8"><span class='ocrx_word' id='word_1_171' title='bbox 161 1711 229 1754; x_wconf 93' lang='lat' dir='ltr'>lib.</span> <span class='ocrx_word' id='word_1_172' title='bbox 254 1713 280 1753; x_wconf 88' lang='lat'>4</span> <span class='ocrx_word' id='word_1_173' title='bbox 312 1710 599 1753; x_wconf 89' lang='lat' dir='ltr'>Tullianarum</span> <span class='ocrx_word' id='word_1_174' title='bbox 634 1710 950 1761; x_wconf 84' lang='lat' dir='ltr'>Quaestionum.</span> 
     </span>
    </p>
   </div>
   <div class='ocr_carea' id='block_1_7' title="bbox 166 1834 437 1840">
    <p class='ocr_par' dir='ltr' id='par_1_7' title="bbox 166 1834 437 1840">
     <span class='ocr_line' id='line_1_23' title="bbox 166 1834 437 1840; baseline 0 0"><span class='ocrx_word' id='word_1_175' title='bbox 166 1834 437 1840; x_wconf 95' lang='lat' dir='ltr'> </span> 
     </span>
    </p>
   </div>
   <div class='ocr_carea' id='block_1_8' title="bbox 160 1905 1882 2183">
    <p class='ocr_par' dir='ltr' id='par_1_8' title="bbox 160 1905 1882 2183">
     <span class='ocr_line' id='line_1_24' title="bbox 298 1905 1879 1952; baseline -0.001 -10"><span class='ocrx_word' id='word_1_176' title='bbox 298 1908 323 1952; x_wconf 89' lang='lat'>1)</span> <span class='ocrx_word' id='word_1_177' title='bbox 350 1907 388 1942; x_wconf 92' lang='lat' dir='ltr'>P.</span> <span class='ocrx_word' id='word_1_178' title='bbox 414 1907 472 1941; x_wconf 85' lang='lat' dir='ltr'>Jo.</span> <span class='ocrx_word' id='word_1_179' title='bbox 492 1906 639 1941; x_wconf 87' lang='lat' dir='ltr'>Vo&#39;ellus</span> <span class='ocrx_word' id='word_1_180' title='bbox 667 1905 700 1942; x_wconf 82' lang='lat' dir='ltr'>S.</span> <span class='ocrx_word' id='word_1_181' title='bbox 716 1905 750 1940; x_wconf 82' lang='lat' dir='ltr'>J.</span> <span class='ocrx_word' id='word_1_182' title='bbox 777 1905 955 1948; x_wconf 84' lang='lat' dir='ltr'>(Franche</span> <span class='ocrx_word' id='word_1_183' title='bbox 983 1905 1105 1939; x_wconf 85' lang='lat' dir='ltr'>Comte</span> <span class='ocrx_word' id='word_1_184' title='bbox 1134 1908 1232 1949; x_wconf 84' lang='lat'>1541,</span> <span class='ocrx_word' id='word_1_185' title='bbox 1262 1909 1359 1950; x_wconf 84' lang='lat'>1559,</span> <span class='ocrx_word' id='word_1_186' title='bbox 1390 1907 1499 1950; x_wconf 87' lang='grc'>1610).</span> <span class='ocrx_word' id='word_1_187' title='bbox 1554 1906 1604 1941; x_wconf 94' lang='lat' dir='ltr'>De</span> <span class='ocrx_word' id='word_1_188' title='bbox 1631 1907 1770 1941; x_wconf 84' lang='lat' dir='ltr'>ratione</span> <span class='ocrx_word' id='word_1_189' title='bbox 1798 1917 1879 1941; x_wconf 90' lang='lat' dir='ltr'>con-</span> 
     </span>
     <span class='ocr_line' id='line_1_25' title="bbox 161 1964 1882 2011; baseline -0.001 -10"><span class='ocrx_word' id='word_1_190' title='bbox 161 1965 341 2001; x_wconf 86' lang='lat' dir='ltr'>scribendi</span> <span class='ocrx_word' id='word_1_191' title='bbox 374 1965 546 2011; x_wconf 86' lang='lat' dir='ltr'>epistolas</span> <span class='ocrx_word' id='word_1_192' title='bbox 581 1964 795 1999; x_wconf 86' lang='lat' dir='ltr'>utilissimae</span> <span class='ocrx_word' id='word_1_193' title='bbox 831 1964 1126 2008; x_wconf 84' lang='lat' dir='ltr'>praeceptiones,</span> <span class='ocrx_word' id='word_1_194' title='bbox 1168 1964 1204 1998; x_wconf 89' lang='lat' dir='ltr'>in</span> <span class='ocrx_word' id='word_1_195' title='bbox 1231 1965 1434 2008; x_wconf 82' lang='lat' dir='ltr'>juventutis</span> <span class='ocrx_word' id='word_1_196' title='bbox 1469 1966 1622 2009; x_wconf 83' lang='lat' dir='ltr'>gratiam</span> <span class='ocrx_word' id='word_1_197' title='bbox 1656 1965 1882 2010; x_wconf 83' lang='lat' dir='ltr'>potissimum</span> 
     </span>
     <span class='ocr_line' id='line_1_26' title="bbox 161 2021 1881 2068; baseline -0.001 -9"><span class='ocrx_word' id='word_1_198' title='bbox 161 2023 402 2068; x_wconf 86' lang='lat' dir='ltr'>conscriptae,</span> <span class='ocrx_word' id='word_1_199' title='bbox 439 2023 502 2058; x_wconf 85' lang='lat' dir='ltr'>Jo.</span> <span class='ocrx_word' id='word_1_200' title='bbox 530 2022 704 2066; x_wconf 75' lang='lat' dir='ltr'>Voello,</span> <span class='ocrx_word' id='word_1_201' title='bbox 742 2021 956 2057; x_wconf 86' lang='lat' dir='ltr'>Rhetorices</span> <span class='ocrx_word' id='word_1_202' title='bbox 995 2026 1030 2056; x_wconf 88' lang='lat' dir='ltr'>et</span> <span class='ocrx_word' id='word_1_203' title='bbox 1063 2032 1273 2065; x_wconf 86' lang='lat' dir='ltr'>graecarum</span> <span class='ocrx_word' id='word_1_204' title='bbox 1313 2023 1515 2057; x_wconf 81' lang='lat' dir='ltr'>litterarum</span> <span class='ocrx_word' id='word_1_205' title='bbox 1550 2023 1753 2068; x_wconf 85' lang='lat' dir='ltr'>professore</span> <span class='ocrx_word' id='word_1_206' title='bbox 1787 2023 1819 2057; x_wconf 84' lang='lat' dir='ltr'>S.</span> <span class='ocrx_word' id='word_1_207' title='bbox 1847 2023 1881 2057; x_wconf 86' lang='lat' dir='ltr'>J.</span> 
     </span>
     <span class='ocr_line' id='line_1_27' title="bbox 160 2080 1882 2124; baseline -0.001 -8"><span class='ocrx_word' id='word_1_208' title='bbox 160 2082 196 2116; x_wconf 89' lang='lat' dir='ltr'>in</span> <span class='ocrx_word' id='word_1_209' title='bbox 230 2081 428 2117; x_wconf 88' lang='lat' dir='ltr'>Academia</span> <span class='ocrx_word' id='word_1_210' title='bbox 460 2081 693 2116; x_wconf 85' lang='lat' dir='ltr'>Turnoniana</span> <span class='ocrx_word' id='word_1_211' title='bbox 726 2081 873 2116; x_wconf 89' lang='lat' dir='ltr'>Autore.</span> <span class='ocrx_word' id='word_1_212' title='bbox 930 2080 1045 2124; x_wconf 84' lang='lat' dir='ltr'>Lugd.</span> <span class='ocrx_word' id='word_1_213' title='bbox 1077 2083 1180 2123; x_wconf 82' lang='lat'>1588,</span> <span class='ocrx_word' id='word_1_214' title='bbox 1219 2082 1294 2120; x_wconf 82' lang='lat'>80.;</span> <span class='ocrx_word' id='word_1_215' title='bbox 1333 2081 1385 2116; x_wconf 87' lang='lat' dir='ltr'>oft</span> <span class='ocrx_word' id='word_1_216' title='bbox 1422 2081 1493 2116; x_wconf 90' lang='lat' dir='ltr'>und</span> <span class='ocrx_word' id='word_1_217' title='bbox 1533 2091 1577 2115; x_wconf 89' lang='lat' dir='ltr'>an</span> <span class='ocrx_word' id='word_1_218' title='bbox 1617 2081 1732 2116; x_wconf 88' lang='lat' dir='ltr'>vielen</span> <span class='ocrx_word' id='word_1_219' title='bbox 1772 2081 1882 2115; x_wconf 92' lang='lat' dir='ltr'>Orten</span> 
     </span>
     <span class='ocr_line' id='line_1_28' title="bbox 162 2139 354 2183; baseline 0.005 -10"><span class='ocrx_word' id='word_1_220' title='bbox 162 2139 354 2183; x_wconf 82' lang='lat' dir='ltr'>ausgelegt.</span> 
     </span>
    </p>
   </div>
   <div class='ocr_carea' id='block_1_9' title="bbox 160 2207 1881 2543">
    <p class='ocr_par' dir='ltr' id='par_1_9' title="bbox 160 2207 1881 2543">
     <span class='ocr_line' id='line_1_29' title="bbox 296 2207 1881 2254; baseline 0 -11"><span class='ocrx_word' id='word_1_221' title='bbox 296 2209 324 2253; x_wconf 78' lang='lat'>2)</span> <span class='ocrx_word' id='word_1_222' title='bbox 352 2208 621 2252; x_wconf 82' lang='lat' dir='ltr'>Antiquitatum</span> <span class='ocrx_word' id='word_1_223' title='bbox 638 2207 881 2243; x_wconf 81' lang='lat' dir='ltr'>Romanarum</span> <span class='ocrx_word' id='word_1_224' title='bbox 899 2219 1029 2253; x_wconf 88' lang='lat' dir='ltr'>corpus</span> <span class='ocrx_word' id='word_1_225' title='bbox 1049 2209 1366 2254; x_wconf 88' lang='lat' dir='ltr'>absolutissimum,</span> <span class='ocrx_word' id='word_1_226' title='bbox 1393 2210 1430 2244; x_wconf 92' lang='lat' dir='ltr'>in</span> <span class='ocrx_word' id='word_1_227' title='bbox 1450 2221 1520 2254; x_wconf 92' lang='lat' dir='ltr'>quo</span> <span class='ocrx_word' id='word_1_228' title='bbox 1540 2215 1685 2254; x_wconf 89' lang='lat' dir='ltr'>praeter</span> <span class='ocrx_word' id='word_1_229' title='bbox 1708 2219 1761 2253; x_wconf 86' lang='lat' dir='ltr'>ea,</span> <span class='ocrx_word' id='word_1_230' title='bbox 1789 2220 1881 2253; x_wconf 90' lang='lat' dir='ltr'>quae</span> 
     </span>
     <span class='ocr_line' id='line_1_30' title="bbox 160 2266 1881 2312; baseline 0.001 -11"><span class='ocrx_word' id='word_1_231' title='bbox 160 2267 321 2302; x_wconf 68' lang='lat' dir='ltr'>«Joannes</span> <span class='ocrx_word' id='word_1_232' title='bbox 347 2266 503 2301; x_wconf 89' lang='lat' dir='ltr'>Rosinus</span> <span class='ocrx_word' id='word_1_233' title='bbox 530 2266 786 2311; x_wconf 84' lang='lat' dir='ltr'>delineaverat‚</span> <span class='ocrx_word' id='word_1_234' title='bbox 814 2266 955 2301; x_wconf 88' lang='lat' dir='ltr'>infinita</span> <span class='ocrx_word' id='word_1_235' title='bbox 980 2267 1213 2311; x_wconf 84' lang='lat' dir='ltr'>supplentur,</span> <span class='ocrx_word' id='word_1_236' title='bbox 1240 2272 1443 2312; x_wconf 89' lang='lat' dir='ltr'>mutantur,</span> <span class='ocrx_word' id='word_1_237' title='bbox 1471 2267 1668 2309; x_wconf 78' lang='lat' dir='ltr'>adduntur3</span> <span class='ocrx_word' id='word_1_238' title='bbox 1702 2268 1758 2302; x_wconf 88' lang='lat' dir='ltr'>Ex</span> <span class='ocrx_word' id='word_1_239' title='bbox 1784 2267 1881 2302; x_wconf 89' lang='lat' dir='ltr'>criti-</span> 
     </span>
     <span class='ocr_line' id='line_1_31' title="bbox 162 2323 1881 2370; baseline 0.001 -12"><span class='ocrx_word' id='word_1_240' title='bbox 162 2323 213 2358; x_wconf 89' lang='lat' dir='ltr'>cis</span> <span class='ocrx_word' id='word_1_241' title='bbox 240 2328 275 2358; x_wconf 84' lang='lat' dir='ltr'>et</span> <span class='ocrx_word' id='word_1_242' title='bbox 293 2324 457 2358; x_wconf 88' lang='lat' dir='ltr'>omnibus</span> <span class='ocrx_word' id='word_1_243' title='bbox 476 2323 664 2367; x_wconf 82' lang='lat' dir='ltr'>utriusque</span> <span class='ocrx_word' id='word_1_244' title='bbox 683 2323 828 2366; x_wconf 82' lang='lat' dir='ltr'>linguae</span> <span class='ocrx_word' id='word_1_245' title='bbox 848 2323 1057 2358; x_wconf 88' lang='lat' dir='ltr'>auctoribus</span> <span class='ocrx_word' id='word_1_246' title='bbox 1076 2324 1284 2360; x_wconf 90' lang='lat' dir='ltr'>collectum:</span> <span class='ocrx_word' id='word_1_247' title='bbox 1312 2325 1445 2369; x_wconf 79' lang='lat' dir='ltr'>Poetis,</span> <span class='ocrx_word' id='word_1_248' title='bbox 1474 2325 1699 2370; x_wconf 81' lang='lat' dir='ltr'>Oratoribus,</span> <span class='ocrx_word' id='word_1_249' title='bbox 1727 2325 1881 2360; x_wconf 88' lang='lat' dir='ltr'>Histori-</span> 
     </span>
     <span class='ocr_line' id='line_1_32' title="bbox 163 2381 1881 2428; baseline 0.001 -12"><span class='ocrx_word' id='word_1_250' title='bbox 163 2382 224 2426; x_wconf 91' lang='lat' dir='ltr'>cis,</span> <span class='ocrx_word' id='word_1_251' title='bbox 250 2381 531 2425; x_wconf 86' lang='lat' dir='ltr'>Iurisconsultis,</span> <span class='ocrx_word' id='word_1_252' title='bbox 560 2381 621 2426; x_wconf 90' lang='lat' dir='ltr'>qui</span> <span class='ocrx_word' id='word_1_253' title='bbox 646 2381 796 2426; x_wconf 85' lang='lat' dir='ltr'>laudati,</span> <span class='ocrx_word' id='word_1_254' title='bbox 823 2381 995 2426; x_wconf 83' lang='lat' dir='ltr'>explicati</span> <span class='ocrx_word' id='word_1_255' title='bbox 1023 2383 1259 2427; x_wconf 85' lang='lat' dir='ltr'>correctique,</span> <span class='ocrx_word' id='word_1_256' title='bbox 1286 2383 1424 2417; x_wconf 88' lang='lat' dir='ltr'>Thoma</span> <span class='ocrx_word' id='word_1_257' title='bbox 1443 2383 1656 2428; x_wconf 82' lang='lat' dir='ltr'>Dempstero</span> <span class='ocrx_word' id='word_1_258' title='bbox 1687 2395 1707 2418; x_wconf 85' lang='lat' dir='ltr'>a</span> <span class='ocrx_word' id='word_1_259' title='bbox 1731 2383 1881 2418; x_wconf 88' lang='lat' dir='ltr'>Muresk</span> 
     </span>
     <span class='ocr_line' id='line_1_33' title="bbox 162 2439 1881 2486; baseline 0.002 -13"><span class='ocrx_word' id='word_1_260' title='bbox 162 2439 196 2474; x_wconf 80' lang='lat' dir='ltr'>J.</span> <span class='ocrx_word' id='word_1_261' title='bbox 217 2439 253 2474; x_wconf 89' lang='lat' dir='ltr'>C.</span> <span class='ocrx_word' id='word_1_262' title='bbox 281 2440 386 2474; x_wconf 85' lang='lat' dir='ltr'>Scoto</span> <span class='ocrx_word' id='word_1_263' title='bbox 413 2439 570 2475; x_wconf 85' lang='lat' dir='ltr'>Auctore</span> <span class='ocrx_word' id='word_1_264' title='bbox 606 2469 611 2473; x_wconf 93' lang='lat'>.</span> <span class='ocrx_word' id='word_1_265' title='bbox 641 2468 647 2474; x_wconf 97' lang='lat'>.</span> <span class='ocrx_word' id='word_1_266' title='bbox 676 2468 682 2474; x_wconf 91' lang='lat'><em>.</em></span> <span class='ocrx_word' id='word_1_267' title='bbox 719 2439 845 2474; x_wconf 86' lang='lat' dir='ltr'>Studio</span> <span class='ocrx_word' id='word_1_268' title='bbox 873 2439 1077 2475; x_wconf 89' lang='lat' dir='ltr'>Andreae</span> <span class='ocrx_word' id='word_1_269' title='bbox 1106 2440 1279 2476; x_wconf 88' lang='lat' dir='ltr'>Schotti</span> <span class='ocrx_word' id='word_1_270' title='bbox 1308 2441 1384 2477; x_wconf 86' lang='lat' dir='ltr'>Soc.</span> <span class='ocrx_word' id='word_1_271' title='bbox 1412 2441 1447 2476; x_wconf 89' lang='lat' dir='ltr'>J.</span> <span class='ocrx_word' id='word_1_272' title='bbox 1481 2470 1486 2475; x_wconf 95' lang='lat'>.</span> <span class='ocrx_word' id='word_1_273' title='bbox 1515 2469 1521 2475; x_wconf 95' lang='lat'>.</span> <span class='ocrx_word' id='word_1_274' title='bbox 1557 2442 1744 2486; x_wconf 87' lang='lat' dir='ltr'>Coloniae,</span> <span class='ocrx_word' id='word_1_275' title='bbox 1778 2442 1881 2476; x_wconf 87' lang='lat' dir='ltr'>Anno</span> 
     </span>
     <span class='ocr_line' id='line_1_34' title="bbox 167 2497 1524 2543; baseline 0.001 -11"><span class='ocrx_word' id='word_1_276' title='bbox 167 2499 265 2541; x_wconf 86' lang='lat'>1620,</span> <span class='ocrx_word' id='word_1_277' title='bbox 290 2498 344 2532; x_wconf 88' lang='lat'>4⁰.</span> <span class='ocrx_word' id='word_1_278' title='bbox 371 2497 449 2532; x_wconf 90' lang='lat' dir='ltr'>coll.</span> <span class='ocrx_word' id='word_1_279' title='bbox 481 2498 576 2533; x_wconf 82' lang='lat'>1722.</span> <span class='ocrx_word' id='word_1_280' title='bbox 627 2498 688 2533; x_wconf 87' lang='lat' dir='ltr'>Oft</span> <span class='ocrx_word' id='word_1_281' title='bbox 713 2497 785 2533; x_wconf 89' lang='lat' dir='ltr'>und</span> <span class='ocrx_word' id='word_1_282' title='bbox 812 2508 858 2532; x_wconf 92' lang='lat' dir='ltr'>an</span> <span class='ocrx_word' id='word_1_283' title='bbox 884 2497 1167 2533; x_wconf 87' lang='lat' dir='ltr'>verschiedenen</span> <span class='ocrx_word' id='word_1_284' title='bbox 1194 2498 1304 2533; x_wconf 90' lang='lat' dir='ltr'>Orten</span> <span class='ocrx_word' id='word_1_285' title='bbox 1332 2499 1524 2543; x_wconf 81' lang='lat' dir='ltr'>aufgelegt.</span> 
     </span>
    </p>
   </div>
  </div>
 </body>
</html>
