2164 3535
261 312 342 353 174
834 308 1043 353 Gymnasial
1053 329 1065 334 -
1074 307 1286 352 Padagogik
1314 309 1413 343 1736.

710 599 779 642 10.
831 597 1105 641 Aufnahme
1137 598 1187 640 in
1222 598 1301 641 die
1334 596 1527 641 Schule.

535 714 607 755 De
648 713 1021 754 Admittendis
1064 712 1127 754 ad
1168 713 1397 754 Parvam
1440 713 1698 754 Scholam.

795 792 1000 837 (Wagner,
1027 792 1245 828 Instructio
1272 802 1311 837 p.
1331 792 1382 827 26
1393 792 1446 836 s.)

395 908 600 961 Reliquae
623 907 876 949 Germaniae
897 912 985 949 tam
1010 907 1264 962 Catholicae,
1300 920 1425 960 quam
1449 908 1757 961 Heterodoxae,
1791 912 1832 949 et
1853 908 1984 949 totius

258 984 408 1026 saltem
441 983 692 1037 Europaeae
725 983 950 1025 Societatis
984 983 1171 1025 moribus
1214 983 1439 1035 plurimum
1473 982 1693 1037 abhorret,
1734 986 1781 1024 ut
1819 982 1984 1036 pueruli

259 1060 424 1101 nonnisi
456 1059 586 1100 latine
628 1059 767 1111 legere
812 1062 853 1099 et
895 1058 1079 1099 scribere
1119 1058 1231 1099 docti
1275 1058 1328 1099 ad
1361 1057 1636 1111 (flrymnasium
1680 1057 1982 1101 admittantur:

261 1135 371 1177 omni
403 1135 534 1188 igitur
565 1147 643 1188 ope
675 1133 956 1185 efficiendum,
989 1137 1037 1174 ut
1069 1133 1183 1186 quod
1209 1133 1392 1174 Viennae
1426 1145 1473 1174 ac
1506 1132 1671 1175 Graecii
1698 1134 1787 1186 Jam
1821 1133 1892 1174 diu
1924 1132 1984 1185 fit,

260 1211 302 1252 in
334 1210 528 1252 omnibus
561 1210 728 1251 omnino
761 1208 1007 1250 Provinciae
1038 1207 1278 1262 Gymnasiis
1311 1208 1553 1259 inducatur,
1587 1220 1638 1249 ne
1671 1208 1867 1261 cuiquam
1899 1207 1985 1249 adi-

260 1290 330 1328 tus
371 1287 537 1339 pateat,
578 1285 656 1327 nisi
698 1284 770 1337 qui
812 1297 833 1325 e
876 1284 1012 1337 primo
1044 1283 1188 1325 Alvari
1229 1283 1357 1334 libro,
1401 1284 1628 1325 Nominum
1669 1283 1984 1339 declinationes,

260 1361 496 1403 Verborum
529 1363 615 1401 tam
639 1359 912 1411 regularium,
946 1371 1074 1411 quam
1097 1359 1398 1400 Anomalorum
1424 1358 1765 1412 Conjugationes,
1798 1370 1846 1400 ac
1878 1361 1982 1400 tem-

259 1448 410 1490 porum
442 1435 647 1488 imprimis
686 1447 707 1475 e
739 1434 867 1476 verbo
901 1433 1094 1474 auxiliari
1137 1433 1400 1483 discrimina,
1441 1433 1762 1486 quatuordecim
1803 1434 1984 1487 denique

260 1511 311 1552 de
344 1511 656 1552 constructione
687 1512 915 1563 praecepta
936 1509 1120 1562 perfecte
1143 1509 1346 1550 memoria
1379 1513 1533 1557 teneat„
1567 1522 1614 1551 ac
1647 1509 1736 1551 leve
1760 1521 1985 1562 argumen-

259 1586 396 1627 tulum
429 1598 678 1639 componere
711 1584 834 1626 norit.

396 1662 479 1702 Res
513 1664 577 1702 est
609 1660 661 1702 ad
694 1660 871 1702 solidam
904 1672 1137 1713 puerorum
1170 1660 1413 1711 utilitatem,
1446 1673 1493 1702 ac
1525 1660 1761 1713 profectum
1783 1660 1985 1701 momenti

260 1737 382 1789 longe
414 1736 674 1789 gravissimi,
708 1738 750 1777 et
781 1736 815 1776 si
849 1736 1034 1790 uspiam,
1073 1735 1139 1776 1110
1172 1739 1285 1777 certe
1327 1735 1630 1788 rigidissimum
1669 1748 1760 1777 esse
1793 1736 1985 1777 conveni-

260 1816 344 1863 ret,
384 1815 426 1853 et
456 1811 580 1864 plane
612 1810 914 1852 inexorabilem
947 1810 1235 1860 Praefectum3
1278 1810 1436 1863 quique
1479 1811 1592 1852 nullo
1630 1814 1753 1863 pacto
1787 1814 1862 1851 aut
1892 1823 1985 1863 pre-

260 1886 378 1928 cibus
425 1886 661 1939 permoveri
704 1898 748 1927 se
791 1886 1001 1940 patiatur,
1051 1887 1098 1926 ut
1138 1897 1395 1938 quemquam
1444 1885 1522 1927 hoc
1562 1885 1714 1927 viatico
1760 1897 1841 1926 non
1881 1886 1984 1926 satis

260 1962 513 2003 instructum
546 1961 599 2003 ad
632 1961 815 2003 scholam
850 1960 1060 2002 admittat.
1123 1960 1171 2001 Id
1203 1961 1245 2001 ni
1276 1959 1423 2015 faciat,
1463 1960 1717 2002 alterutrum
1751 1964 1862 2002 certe
1895 1973 1982 2002 eve-

261 2037 366 2085 niet,
400 2041 448 2078 ut
479 2036 531 2078 ob
563 2036 766 2089 pauculos
799 2035 841 2076 in
872 2035 935 2076 his
968 2035 1183 2088 principiis
1217 2034 1495 2077 adhaerentes
1529 2035 1659 2077 totius
1692 2035 1859 2077 scholae
1892 2048 1984 2077 cur-

261 2124 355 2154 sum
397 2111 601 2153 remorari
645 2111 798 2152 debeat
829 2110 1054 2162 Magister,
1098 2110 1163 2151 vel
1205 2110 1541 2152 claudicantibus
1584 2110 1664 2152 illis
1708 2110 1840 2152 altero
1874 2123 1982 2152 anno

259 2187 301 2227 in
334 2187 480 2228 eadem
512 2186 655 2228 schola
687 2185 962 2227 desidendum
992 2185 1056 2226 sit.
1108 2185 1286 2226 Tamdiu
1317 2186 1448 2238 igitur
1471 2184 1688 2226 differendi
1711 2189 1847 2237 erunt,
1882 2185 1982 2227 dum

261 2262 339 2303 1100
370 2262 693 2304 fundamentum
726 2261 805 2301 rite
832 2261 1023 2313 jecerint.
1088 2261 1192 2301 Cum
1224 2264 1366 2301 autem
1406 2260 1447 2301 in
1479 2260 1711 2302 minoribus
1744 2260 1982 2314 Gymnasiis

261 2337 467 2379 bonorum
499 2340 820 2390 praeceptorum
853 2348 1017 2377 summa
1049 2335 1105 2376 sit
1135 2336 1326 2391 penuria7
1360 2336 1591 2390 optandum
1623 2339 1699 2389 est,
1732 2340 1780 2377 ut
1801 2336 1981 2377 aliarum

260 2413 576 2454 Provinciarum
609 2411 812 2465 exemplo,
847 2411 1095 2452 Didascalus
1118 2410 1289 2463 quidam
1312 2411 1462 2452 horum
1494 2412 1787 2467 peritissimus,
1820 2415 1862 2453 et
1890 2424 1914 2453 a
1935 2411 1979 2452 P.

261 2489 480 2530 Praefecto
520 2488 707 2541 pendens
747 2487 1097 2541 constitueretur,
1145 2499 1166 2527 e
1207 2488 1326 2540 cujus
1369 2488 1539 2540 praevia
1576 2488 1868 2537 Institutione,
1908 2499 1982 2529 nec

262 2563 385 2605 aliter
422 2563 647 2616 quisquam
690 2562 731 2602 in
775 2561 960 2603 scholam
1003 2548 1269 2615 reciperetur
1336 2562 1640 2604 Praemittendi
1679 2562 1900 2615 examinis,
1939 2565 1982 2603 et

261 2638 536 2692 componendi
570 2638 853 2690 argumentuli
887 2642 1034 2690 typum
1067 2637 1183 2690 operi
1214 2638 1420 2678 insertum
1454 2637 1591 2679 habet.

400 2714 479 2764 Qui
517 2713 778 2755 Candidatus
822 2713 883 2753 vel
917 2712 1163 2753 Themation
1206 2712 1420 2753 erroribus
1463 2712 1642 2754 fortasse
1682 2713 1868 2766 quinque
1907 2716 1982 2754 aut

261 2803 333 2832 sex
364 2789 577 2843 impleret,
621 2789 777 2841 quique
820 2788 873 2829 ad
905 2788 1098 2840 quaesita
1138 2801 1219 2829 non
1261 2787 1452 2840 expedite
1493 2788 1777 2841 responderit,
1818 2787 1979 2828 tamdiu

261 2863 513 2918 rejiciendus
546 2863 647 2913 erit,
688 2863 786 2903 dum
820 2863 950 2913 probe
983 2863 1201 2903 subsistat.
1266 2862 1329 2902 Ad
1373 2866 1608 2904 extremum
1651 2862 1883 2903 monendus
1917 2864 1981 2903 est

261 2940 305 2980 P.
340 2938 606 2990 Praefectus,
640 2937 959 2990 rogandusque,
1000 2950 1050 2978 ne
1082 2937 1160 2978 hoc
1192 2939 1373 2989 primum
1407 2941 1714 2978 tentamentum
1743 2937 1865 2978 alteri
1897 2937 1981 2978 cui-

262 3027 388 3067 quam
421 3013 664 3065 demandet,
708 3013 780 3054 sed
823 3013 911 3065 ipse
944 3025 1042 3054 vera
1085 3025 1185 3065 erga
1224 3025 1378 3065 pueros
1421 3012 1626 3054 charitate
1659 3025 1754 3053 eum
1793 3012 1979 3053 laborem

261 3090 475 3143 suscipere
505 3101 555 3129 ne
590 3088 810 3139 detrectet,
843 3088 876 3128 si
912 3088 973 3129 vel
1006 3088 1177 3141 plurimi
1201 3088 1424 3129 Candidati
1446 3088 1690 3140 singillatim
1713 3087 1978 3128 examinandi

260 3165 411 3206 forent.
474 3164 601 3205 Nulla
634 3163 800 3204 omnino
834 3176 976 3214 opera,
1009 3176 1214 3215 curaque,
1248 3175 1375 3215 quam
1408 3163 1448 3204 in
1480 3163 1544 3205 his
1578 3162 1862 3204 fundamentis
1895 3174 1976 3202 1110-

262 3240 342 3280 lius
375 3239 616 3280 collocatur.
