2164 3535
505 244 687 279 Deutsche
714 243 1072 287 Reformvorschlage
1099 243 1157 277 fur
1181 243 1239 277 die
1266 243 1307 277 R.
1334 248 1377 278 st.
1408 245 1505 279 1829.
1785 246 1866 286 397

149 385 318 427 inutiles
358 388 400 427 et
441 397 549 438 quae
591 397 712 426 suam
755 383 962 425 rationem
1009 382 1285 425 sufficientem
1328 382 1368 424 in
1412 381 1596 424 tenebris
1639 382 1866 436 occultant,

148 459 384 514 cujusmodi
426 463 526 501 sunt
567 459 685 500 varia
731 462 969 500 commenta
1008 458 1059 500 de
1100 457 1378 510 magnetismo
1420 457 1610 510 animali,
1658 456 1710 498 de
1752 457 1871 509 virga

148 535 419 587 divinatoria,
460 534 511 575 de
543 537 756 575 astrorum
789 533 829 574 in
862 536 1198 586 temperamenta
1229 531 1410 585 influxu,
1453 531 1503 573 de
1536 531 1869 587 physiognomia,

147 610 198 652 de
230 609 486 661 craniologia
513 609 708 650 Doctoris
732 608 840 662 Gall,
872 608 922 649 de
955 608 1130 650 occultis
1163 608 1447 660 generationis
1481 607 1557 649 viis
1591 619 1639 648 ac
1672 606 1723 648 (16
1755 619 1871 648 111011-

146 688 332 726 strorum
360 683 645 738 generatione,
678 686 720 724 et
741 682 804 724 his
827 682 980 725 similia
1008 682 1048 723 in
1072 682 1225 724 scholis
1257 682 1413 724 nostris
1436 682 1577 724 doceri
1597 695 1679 724 11011
1703 681 1870 723 debent.

168 950 290 1003 514.
354 947 640 1002 Appendix
682 947 741 989 de
784 948 1000 1002 lingua,
1043 948 1091 989 111
1134 960 1236 1000 qua
1276 946 1425 988 tradi
1467 945 1667 987 debent
1710 958 1848 999 quae

537 1030 797 1082 spectant
839 1028 901 1069 ad
943 1027 1132 1070 studia
1173 1027 1481 1080 superiora.

289 1133 352 1175 De
386 1133 556 1187 Logica,
590 1133 881 1187 Metaphysica
914 1136 956 1175 et
987 1132 1216 1185 Theologia
1241 1132 1330 1185 jam
1372 1129 1663 1183 pronuntiavit
1694 1128 1876 1182 Congre-

150 1209 263 1262 gatio
287 1208 399 1250 XXI.
454 1209 511 1250 Et
542 1212 655 1251 certe
687 1221 768 1250 non
804 1208 971 1250 videtur
1003 1207 1163 1260 absque
1184 1205 1413 1259 Religionis
1446 1208 1489 1246 et
1520 1204 1652 1258 ipsius
1675 1204 1876 1246 scientiae

152 1283 407 1325 detrimento
452 1284 621 1337 linguae
653 1283 809 1325 latinae
841 1295 942 1325 usus
974 1282 1037 1324 1116
1070 1282 1225 1335 negligi
1258 1293 1394 1334 posse.
1456 1280 1685 1321 Praeterea
1716 1279 1878 1321 deside-

152 1359 261 1400 rium
285 1358 649 1411 Congregationis,
683 1362 730 1399 111
759 1358 887 1400 6116111
920 1358 960 1399 111
984 1358 1169 1399 scientiis
1204 1355 1469 1398 naturalibus
1493 1359 1534 1396 et
1566 1354 1876 1396 mathematicis

151 1434 220 1474 ille
246 1446 348 1474 usus
381 1434 628 1487 retineatur,
662 1446 882 1475 commune
905 1438 971 1474 est
1003 1433 1212 1483 omnibus,
1244 1431 1315 1485 qui
1340 1430 1403 1472 vel
1436 1429 1565 1471 semel
1588 1429 1877 1483 inspexerunt,

154 1510 314 1562 quanta
347 1508 444 1550 inde
476 1508 528 1550 ad
568 1508 772 1549 bonarum
817 1508 973 1549 artium
1016 1508 1146 1549 veluti
1185 1505 1479 1549 commercium
1514 1508 1556 1546 et
1587 1504 1710 1546 simul
1749 1504 1879 1545 incre—

153 1589 339 1626 mentum
374 1583 633 1626 redundaret
666 1584 840 1625 utilitas.
905 1583 986 1625 Sed
1020 1583 1131 1636 quod
1167 1582 1447 1625 desiderabile
1480 1585 1563 1631 est,
1597 1592 1677 1621 non
1711 1592 1878 1632 semper

153 1659 322 1712 expedit
364 1659 597 1701 executioni
640 1658 843 1700 mandare
886 1658 1011 1711 velle,
1054 1662 1097 1700 et
1136 1658 1175 1699 in
1220 1658 1364 1699 multis
1408 1655 1650 1709 regionibus
1692 1659 1779 1696 tam
1816 1654 1878 1695 in-

154 1738 369 1776 veteratus
405 1735 494 1787 ‚iam
535 1739 599 1776 est
637 1734 805 1787 linguae
837 1734 1089 1775 vernaculae
1129 1746 1251 1782 usus,
1296 1736 1343 1773 ut
1374 1731 1408 1773 si
1442 1731 1505 1772 vel
1538 1730 1668 1772 semel
1701 1729 1751 1770 de
1783 1728 1879 1770 suh-

153 1809 368 1850 stituendo
401 1809 531 1851 latino
564 1822 756 1850 sermone
789 1811 1009 1861 ageretur,
1042 1808 1209 1850 scholae
1242 1807 1358 1849 brevi
1390 1806 1706 1850 desererentur:
1747 1816 1879 1857 quare

154 1883 194 1924 in
238 1884 401 1926 ratione
443 1884 680 1926 studiorum
724 1884 825 1925 nihil
868 1884 971 1925 certi
1019 1896 1067 1924 ac
1113 1882 1336 1924 decretorii
1383 1881 1551 1922 videtur
1588 1879 1767 1921 ulterius
1808 1878 1880 1920 ad-

155 1959 472 2015 stipulandum,
524 1959 719 2000 omnibus
771 1959 876 2000 satis
923 1958 1108 2012 providit
1156 1957 1305 1998 ultima
1352 1955 1623 2008 congregatio
1671 1954 1879 2007 generalis

156 2033 324 2076 decreto
357 2047 434 2076 3110
466 2035 578 2076 XIX.

251 2303 275 2356 ξ
310 2302 373 2342 15.
435 2299 598 2342 Notae
637 2299 828 2355 variae,
867 2312 994 2353 quae
1032 2298 1321 2342 studiorum
1362 2297 1555 2339 rationi
1593 2296 1784 2338 nostris

158 2381 506 2436 temporibus
554 2380 1048 2423 accommodandae
1096 2380 1243 2421 forte
1290 2378 1559 2420 inservire
1606 2380 1880 2431 poterunt.

302 2500 334 2539 1.
384 2496 693 2539 Desiderantur
734 2496 906 2550 regulae
949 2495 1201 2549 professoris
1237 2493 1346 2547 Juris
1386 2492 1573 2535 canonici
1606 2496 1648 2533 et
1680 2491 1881 2533 historiae

160 2572 484 2619 ecclesiasticae:
517 2572 617 2625 quia
649 2572 776 2614 etiam
808 2571 873 2612 1116
902 2570 1084 2624 grandes
1117 2570 1275 2611 abusus
1309 2568 1494 2621 irrepere
1526 2570 1716 2620 possunt.

300 2649 337 2688 2.
386 2647 665 2689 Desideratur
710 2659 842 2689 novus
891 2645 993 2687 ordo
1035 2644 1311 2686 materiarum
1352 2645 1394 2684 et
1431 2641 1764 2695 praelectionum
1807 2653 1881 2694 pro

162 2721 451 2775 philosophiae
485 2734 532 2763 ac
564 2721 801 2773 theologiae
834 2733 973 2762 cursu.

260 2828 264 2832 >
300 2798 337 2838 3.
386 2797 434 2838 In
466 2796 676 2850 aliquibus
710 2795 936 2849 gymnasiis
961 2794 1195 2848 explicatur
1217 2793 1342 2835 etiam
1366 2791 1655 2846 philosophiae
1678 2789 1881 2833 auditori-

164 2872 243 2914 bus
285 2871 549 2925 philosophia
587 2871 817 2924 religionis:
862 2870 902 2912 in
937 2870 1028 2911 aliis
1063 2867 1354 2910 Catechismus
1386 2866 1675 2917 Tridentinus3
1718 2865 1758 2907 iu
1792 2865 1884 2906 aliis

163 2946 444 3000 explanantur
475 2946 718 2999 Evangelia.

303 3023 341 3063 4.
389 3021 669 3063 Desideratur
698 3020 875 3073 amplior
897 3019 1114 3071 catalogus
1137 3017 1472 3071 propositionum
1495 3014 1883 3070 philosophicarum

165 3098 208 3138 et
238 3095 585 3152 theologicarum,
618 3108 727 3149 quae
758 3095 799 3136 iu
831 3094 987 3136 nostris
1020 3093 1173 3135 scholis
1206 3091 1419 3135 docendae
1451 3094 1551 3133 sunt
1573 3091 1637 3133 vel
1665 3103 1747 3132 non
1770 3092 1881 3131 sunt.

305 3173 342 3213 5.
391 3171 484 3213 Non
516 3171 606 3213 sine
638 3170 862 3223 dedecore,
895 3169 994 3222 quin
1027 3168 1132 3223 imo,
1166 3171 1372 3221 quantum
1405 3165 1585 3220 experiri
1618 3164 1756 3218 potui,
1790 3176 1884 3205 cum
