2164 3535
415 240 623 276 Beibericht
648 241 711 276 der
737 241 1163 276 Studien-Kommissare
1189 252 1254 276 zur
1279 241 1320 276 R.
1348 246 1388 276 st.
1417 252 1483 276 von
1514 244 1610 277 1832.
1789 246 1862 286 501

291 381 340 422 N.
365 377 455 425 147.
523 380 593 422 Ad
640 393 740 434 reg.
776 384 812 422 6.
892 385 939 423 19
975 381 1080 424 Cum
1128 382 1181 424 ad
1227 382 1477 423 varietatem
1525 381 1870 423 exercitationum

153 454 255 496 utile
294 455 370 510 sit,
411 460 460 497 ut
490 468 571 497 non
614 456 749 497 solum
782 456 822 496 in
866 456 1076 508 epistolis,
1122 457 1196 499 sed
1238 457 1364 498 etiam
1397 456 1437 497 in
1482 456 1795 497 narrationibus
1830 460 1871 497 et

152 528 504 582 descriptionibus
527 535 815 581 exerceantur,
850 532 1167 584 praescribitur,
1201 536 1248 573 ut
1270 531 1511 585 hujusmodi
1544 531 1794 584 scriptiones
1818 530 1870 571 ad

153 607 301 646 aucto
316 616 422 645 rum
461 605 738 647 imitationem
772 605 1022 647 referantur.
1060 632 1109 636 —
1145 608 1196 649 ’29
1232 607 1589 649 Praescribuntur
1620 609 1872 659 argumenta

151 678 283 720 latina
325 680 549 722 vernacule
596 681 810 723 reddenda
853 681 905 723 ad
946 682 1287 723 exercitationem
1329 682 1553 735 utriusque
1593 681 1773 734 linguae.
1820 705 1868 710 -—

152 753 204 795 39
235 753 396 796 Eodem
437 754 561 797 modo
594 758 636 796 et
676 758 850 808 propter
882 755 1051 797 easdem
1098 757 1282 798 rationes
1326 756 1577 798 ordinantur
1620 758 1871 809 argumenta

150 828 321 882 proprio
353 832 489 872 marte
521 829 834 872 conscribenda.

289 926 338 967 N.
364 922 457 971 148.
525 927 596 968 Ad
638 939 734 979 reg.
760 930 796 967 9.
863 931 912 970 19
946 929 1173 979 Putamus,
1214 929 1309 981 plus
1350 930 1551 983 temporis
1595 929 1756 972 Graeco
1796 931 1872 971 im-

151 999 274 1053 pendi
308 1000 476 1055 debere,
508 1005 636 1054 prout
669 1005 917 1044 annotatum
951 1007 1016 1045 est
1054 1003 1094 1044 in
1130 1003 1331 1046 divisione
1362 1004 1579 1059 temporis,
1612 1005 1647 1046 si
1680 1005 1869 1060 velimus,

152 1077 198 1116 ut
220 1074 414 1128 discipuli
447 1076 580 1118 nostri
613 1077 791 1118 solidum
822 1082 982 1130 ponant
1012 1078 1050 1118 in
1077 1077 1250 1120 Graecis
1282 1077 1623 1124 fundamentum:
1657 1092 1737 1121 non
1762 1080 1869 1121 enim

155 1149 436 1192 dubitandum
469 1153 553 1201 est.
595 1151 702 1193 hanc
734 1153 935 1205 temporis
968 1153 1268 1205 parsimoniam
1301 1154 1341 1194 in
1375 1165 1502 1195 causa
1534 1154 1682 1209 fuisse,
1724 1166 1798 1195 cur
1830 1154 1869 1195 in

152 1224 362 1277 aliquibus
409 1225 640 1269 Provinciis
693 1227 881 1268 studium
935 1228 1104 1281 linguae
1146 1228 1335 1270 Graecae
1386 1228 1509 1282 plane
1559 1229 1765 1281 periisset.
1829 1254 1869 1258 —

153 1301 205 1342 29
242 1299 484 1355 Censemus‚
517 1302 711 1344 absolute
743 1303 980 1356 ponendam
1014 1317 1106 1346 esse
1137 1304 1462 1357 praelectionem
1496 1304 1681 1346 auctoris
1705 1305 1869 1353 Graeci,

152 1379 195 1416 et
225 1379 450 1429 propterea
481 1377 708 1419 tollendam
743 1390 834 1419 esse
866 1378 1149 1431 parenthesin.

289 1474 338 1515 N.
365 1471 457 1518 149.
528 1475 598 1516 Ad
638 1488 735 1528 reg.
776 1477 838 1517 10.
914 1479 963 1518 19
1000 1477 1269 1530 Expungitur
1309 1477 1471 1530 prima
1512 1477 1656 1532 hora,
1698 1482 1871 1531 propter

153 1548 422 1591 immutatam
446 1550 691 1592 divisionem
724 1551 937 1604 temporis.
996 1554 1046 1594 29
1081 1552 1258 1604 Legitur
1292 1555 1589 1595 »auctorum
1622 1553 1870 1595 imitatio-

151 1636 258 1666 nem
272 1636 314 1680 <<,
346 1625 445 1678 quia
477 1628 646 1678 praeter
679 1626 919 1668 Ciceronem
954 1627 1020 1668 alii
1055 1628 1181 1669 etiam
1214 1627 1529 1681 praeleguntur.

315 1958 539 2025 Regula
580 1960 947 2010 Professoris
986 1960 1219 2010 Mediae
1258 1962 1707 2011 Gramniatices.

288 2098 336 2139 N.
363 2094 455 2142 150.
526 2099 596 2140 Ad
636 2112 726 2152 reg.
765 2102 796 2140 l.
874 2103 921 2142 19
963 2100 1038 2141 Hic
1080 2099 1391 2152 quodammodo
1439 2099 1755 2142 intervertimus
1805 2112 1869 2141 or-

145 2164 289 2214 dinem
312 2177 649 2227 praeceptorum,
683 2178 744 2229 ut,
777 2187 886 2227 quae
910 2175 1007 2216 olim
1029 2174 1195 2216 infimae
1219 2174 1531 2217 Grammaticae
1553 2174 1869 2227 tribuebantur,

150 2246 440 2289 adscribamus
481 2249 656 2291 mediae.
719 2249 924 2292 Putamus
965 2250 1094 2299 enim,
1135 2250 1229 2303 plus
1272 2258 1399 2302 quam
1432 2249 1530 2291 olim
1563 2249 1868 2301 exercitationi,

149 2321 427 2375 scriptoribus
469 2323 627 2366 scilicet
669 2328 711 2365 et
748 2324 1087 2377 interpretationi
1129 2329 1373 2375 auctorum.
1417 2337 1508 2366 esse
1542 2323 1868 2373 concedendum,

150 2400 278 2450 atque
309 2397 387 2440 hoc
420 2398 508 2441 fieri
540 2412 621 2441 non
656 2402 816 2453 potest⁷
860 2400 939 2442 nisi
965 2401 1168 2454 juvenes,
1212 2404 1439 2454 postquam
1472 2411 1712 2441 communes
1747 2398 1868 2440 decli-

149 2472 339 2515 nationes
380 2477 422 2516 et
460 2474 777 2528 conjugationes
818 2474 1139 2530 addidiscerint‚
1184 2475 1328 2516 statim
1371 2474 1424 2515 ad
1467 2473 1869 2527 compendiosiorem

151 2547 369 2601 Syntaxim
410 2549 695 2603 applicentur;
743 2550 887 2604 proin,
935 2563 985 2591 ne
1032 2549 1207 2590 nimium
1250 2551 1499 2590 oneraretur
1539 2547 1681 2589 infima
1721 2548 1870 2590 Gram-

151 2624 318 2679 matica‚
352 2624 579 2678 rejicienda
610 2625 727 2666 fuere
753 2625 806 2666 ad
829 2625 1010 2667 mediam
1034 2637 1189 2677 genera
1210 2627 1253 2666 et
1274 2623 1515 2665 inflexiones
1539 2623 1753 2664 nominum
1776 2625 1870 2671 etc..

153 2698 307 2751 quibus
340 2700 526 2753 suppleri
549 2703 690 2754 potest
717 2712 819 2742 usus
843 2700 1106 2749 Lexicorum.
1140 2699 1239 2740 dum
1264 2699 1431 2751 regulas
1456 2697 1688 2751 Syntaxeos
1711 2698 1870 2739 lexicon

150 2774 313 2817 nullum
354 2775 628 2829 suppeditare
669 2775 815 2829 possit.
881 2799 929 2804 -—
995 2776 1046 2817 29
1083 2774 1267 2815 Additur
1311 2774 1496 2826 »aliquid
1535 2773 1710 2815 Graeci«
1748 2773 1872 2825 juxta

152 2849 263 2891 dicta
294 2863 333 2891 n.
362 2852 454 2892 104.
512 2876 559 2880 —
615 2851 666 2892 39
700 2850 792 2892 Non
825 2850 937 2891 solas
970 2849 1184 2903 Epistolas
1217 2848 1429 2891 Ciceronis
1461 2847 1557 2889 huic
1589 2847 1757 2889 scholae
1799 2847 1871 2888 tri-

152 2924 344 2975 buimus„
378 2925 477 2979 quia
508 2925 650 2979 pueris
683 2938 808 2978 saepe
840 2926 940 2966 sunt
971 2923 1208 2975 taediosae3
1252 2926 1297 2965 ut
1328 2923 1437 2965 enim
1470 2922 1563 2975 quis
1595 2922 1872 2976 epistolarum

153 2999 332 3042 lectione
364 2999 618 3055 delectetur,
651 3000 734 3042 imo
767 3012 1068 3052 nonnunquam
1101 3002 1149 3039 ut
1180 3010 1350 3040 sensum
1383 3000 1496 3039 recte
1528 2996 1687 3049 capiat,
1719 3008 1872 3049 magna

154 3073 356 3116 historiae
388 3077 430 3116 et
468 3075 771 3128 antiquitatum
811 3074 990 3127 cognitio
1025 3072 1270 3126 requiritur.
1305 3098 1353 3102 —-
1389 3074 1441 3114 49
1475 3071 1648 3114 Graecis
1681 3070 1872 3114 Auctori-

153 3148 231 3192 bus
264 3148 501 3192 addidimus
534 3150 749 3203 Aesopum
781 3154 823 3192 et
854 3149 1053 3201 Dialogos
1086 3147 1259 3190 Luciani
1286 3148 1410 3201 juxta
1443 3146 1555 3189 dicta
1587 3160 1625 3187 n.
1652 3147 1744 3188 104.
