2164 3535
621 224 857 260 Bohmischer
880 224 1144 269 Lektionsplan
1173 226 1273 260 1753.
1760 228 1814 268 49

87 364 499 418 Brief-Conceptern.
547 389 596 394 ——
640 364 728 406 Aus
761 364 836 406 der
866 363 1209 407 Rechen—Kunst
1247 364 1313 406 die
1346 364 1476 406 dritte
1504 364 1509 418 Ι
1538 363 1625 405 und
1657 366 1816 417 zweyte

89 438 276 493 Species:
310 439 495 492 Additio,
518 439 762 492 Zusetzung
786 441 791 491 Ι
813 442 855 482 et
876 438 1132 495 Subtractio,
1160 439 1410 492 Abziehung
1431 442 1652 492 genennet.
1679 464 1728 469 -
1754 439 1816 480 Ex

88 514 353 556 Rudimentis
385 513 608 555 Histoi-icis
641 513 840 568 Opuscul.
867 513 1002 555 [Imm
1025 514 1076 556 de
1108 514 1167 556 IV
1194 514 1437 568 Praecipuis
1470 514 1736 556 Monarchiis.

713 664 750 704 6.
800 663 842 703 ln
876 662 1198 705 Rudimentis.

230 753 515 795 Emmanuelis
548 752 692 794 Alvari
716 753 941 807 Principia.
1006 754 1165 796 Eadem
1193 755 1403 809 Principia
1435 768 1530 799 cum
1553 755 1816 806 Germanice,

87 831 179 870 tum
222 828 446 870 Boheniice
486 828 705 882 explicata.
757 853 814 858 ——
867 828 1157 871 Catechismus
1189 829 1328 871 Minor
1359 831 1557 887 Latinus,
1600 834 1643 874 et
1674 831 1814 874 Germ.

91 929 139 934 —
175 904 432 946 Rudimenta
454 904 617 946 Graeca
641 903 692 945 de
715 904 878 946 ratione
900 903 1079 959 legendi,
1112 907 1155 946 et
1177 904 1398 946 scribendi.
1428 930 1477 935 ——
1503 906 1566 947 Ex
1590 906 1816 960 Opuseulis

89 978 370 1021 Germanicis:
415 980 506 1021 Von
547 979 622 1021 (ler
660 977 896 1021 Teutschen
931 978 1190 1031 Ortographi
1219 978 1222 1034 Ι
1253 979 1354 1021 oder
1384 980 1813 1034 Reclit-Scln·eibung.

94 1079 138 1083 —
176 1055 266 1096 Von
301 1055 376 1097 der
406 1055 749 1097 Reehen-Ix⁷unst
778 1054 1031 1109 insgemein,
1072 1054 1158 1095 und
1191 1054 1231 1096 in
1266 1054 1411 1108 Specie
1445 1068 1522 1097 von
1556 1056 1631 1098 der
1662 1056 1817 1098 Nume-

91 1130 225 1171 ration
255 1129 259 1185 1
288 1130 391 1172 oder
421 1130 623 1182 Zehlung.
669 1155 719 1160 —
764 1130 856 1171 Von
896 1129 971 1171 dm·
1002 1129 1288 1183 Calligraphia
1315 1133 1319 1182 ἱ
1348 1131 1450 1172 oder
1482 1131 1817 1174 Schon-Schrei-

90 1205 214 1258 bung.
252 1228 300 1235 -—
336 1206 398 1246 Ex
430 1205 697 1247 Rudimentis
729 1204 953 1247 Historicis
987 1205 1185 1258 Opuscul.
1221 1205 1345 1247 Imm·
1374 1206 1426 1247 ab
1466 1206 1635 1259 Origine
1668 1205 1814 1247 Mundi

89 1293 224 1333 usque
255 1279 307 1321 ad
342 1280 557 1323 Christum
591 1283 749 1322 natum.

227 1476 273 1517 In
316 1475 474 1517 ultimis
513 1476 568 1518 IV
612 1476 826 1518 Classibus
868 1475 1074 1517 Themata
1114 1475 1155 1517 in
1198 1474 1393 1518 Scholam
1426 1476 1598 1525 Latina,
1641 1479 1684 1518 et
1715 1476 1818 1518 Ver-

88 1551 240 1593 nacula
273 1552 439 1603 Lingua
469 1552 628 1605 scripta
659 1551 863 1606 ferentur,
896 1551 936 1592 in
970 1550 1122 1592 infimis
1156 1551 1211 1593 Il.
1238 1551 1454 1593 Classihus
1487 1552 1814 1605 significationes

91 1640 114 1668 a
151 1627 395 1669 Professore
436 1626 728 1674 dictabuntur;
770 1628 811 1669 in
850 1627 1022 1680 reliquis
1063 1640 1159 1669 vero
1198 1628 1367 1680 ipsimet
1409 1628 1603 1682 discipuli
1644 1641 1815 1682 operam

91 1701 271 1751 dabunt,
312 1705 357 1742 ut
398 1699 724 1753 significationes
764 1701 991 1743 desumant
1022 1714 1070 1743 ex
1102 1702 1255 1744 Lexieo
1288 1702 1818 1746 Germanico-Bohemico-

90 1777 256 1826 Latino,
291 1779 480 1818 recenter
511 1775 621 1817 hunc
654 1776 694 1817 in
726 1776 850 1818 finem
880 1777 1005 1830 Typis
1039 1777 1162 1818 edito.
1234 1778 1291 1819 Ut
1323 1791 1422 1820 vero
1450 1778 1655 1821 Iuventus
1689 1779 1816 1821 etiam

89 1852 129 1892 in
161 1851 392 1892 formandis
425 1851 624 1893 docenter
655 1851 971 1893 characteribus
1005 1853 1265 1895 commodius
1298 1858 1565 1910 exerceatur,
1609 1854 1815 1897 formulae

91 1925 374 1979 Scriptionum
406 1939 483 1980 pro
516 1927 642 1968 variis
664 1927 817 1980 linguis
848 1928 934 1969 aeri
962 1928 1130 1978 incisae,
1164 1942 1212 1970 ex
1235 1929 1532 1983 Typographia
1554 1929 1816 1972 Clementina

90 2001 292 2053 Pragensi
324 2001 468 2043 haberi
501 2005 691 2055 possunt.

227 2087 308 2129 Pro
342 2088 506 2130 duabus
539 2088 757 2131 Classibus
789 2089 1015 2132 Rhetorica
1046 2091 1225 2139 scilicet,
1259 2094 1301 2133 et
1332 2092 1475 2148 Poesi7
1508 2092 1681 2135 dimidia
1713 2092 1814 2134 naa.

90 2163 378 2216 pomeridiana
408 2177 544 2217 usque
567 2165 621 2206 ad
653 2165 776 2206 IIdam
801 2166 1071 2219 praelegetur
1093 2166 1382 2209 Grammatica
1404 2168 1568 2210 Graeca
1599 2181 1691 2210 cuni
1717 2181 1815 2209 ana-

90 2238 167 2291 lysi
199 2239 466 2291 quorundam
499 2239 761 2282 Graecorum
792 2241 1045 2283 Authorum.

90 2605 637 2662 Klassenbiieher
681 2609 795 2662 der
838 2610 1500 2664 niederrheinisehen
1532 2607 1814 2664 Provinz

297 2706 347 2754 in
386 2706 474 2755 der
510 2709 722 2756 zweiten
764 2707 938 2756 Halfte
977 2708 1065 2757 des
1110 2712 1183 2758 18.
1217 2708 1607 2758 Jahrhunderts.

154 2914 208 2958 A.
253 2915 508 2972 Principia
539 2917 612 2961 vel
645 2918 941 2962 Rudimenta
974 2917 1068 2971 (mit
1099 2918 1450 2968 Voraussetzung
1481 2915 1556 2957 der
1586 2915 1756 2965 Parva).

228 3006 638 3051 *Praelectiones
673 3011 678 3060 Ι
717 3009 1102 3052 Grammaticae
1139 3013 1144 3062 l
1185 3009 1461 3052 Germanicae
1508 3012 1550 3050 et
1595 3008 1774 3050 Latinae
1809 3006 1811 3062 Ι

91 3079 172 3121 Pro
201 3082 207 3132 Ι
233 3079 384 3122 Infima
406 3081 560 3124 Classe.
591 3085 596 3135 Ι
624 3083 831 3125 Deutsch-
852 3083 939 3125 und
960 3083 1205 3126 lateinische
1234 3088 1238 3137 Ι
1268 3083 1562 3137 Sprachkunst
1589 3085 1594 3134 1
1623 3095 1717 3124 zum
1736 3081 1816 3124 Ge-

92 3153 278 3197 brauche
305 3158 311 3208 Ι
340 3156 414 3198 der
446 3160 664 3200 untersten
695 3157 839 3201 Classe
867 3159 871 3215 Ι
900 3158 974 3202 der
1001 3163 1006 3212 1
1035 3159 1216 3202 Schulen
1249 3173 1316 3201 am
1339 3158 1627 3201 Niederrhein.
1658 3161 1662 3210 l
1691 3157 1814 3206 Koln,

162 3232 352 3260 Monumenta
374 3233 547 3261 Germaniae
568 3235 775 3269 Paedagogica
794 3236 870 3263 XVI.
1542 3230 1562 3261 4
