2164 3535
353 246 584 290 Einfuhrung
608 246 672 280 der
696 256 811 280 neuen
839 245 880 281 R.
899 250 940 280 st.
967 244 1003 279 in
1029 245 1093 279 der
1119 241 1404 278 obex-deutschen
1430 241 1536 275 Prov.
1558 243 1658 276 1834.
1785 244 1865 284 5⁸27

961 439 998 492 8.
1016 439 1054 479 4.

606 530 781 573 Modus
822 529 1106 572 dimittendi
1148 541 1171 570 e
1209 528 1414 569 scholis.

289 648 323 687 1.
373 645 453 696 Qui
485 645 650 687 biennio
683 645 724 687 in
758 644 902 687 eadem
936 645 1070 686 classe
1102 646 1320 685 transacto
1343 642 1396 684 ad
1420 641 1600 695 gradum
1631 640 1869 683 faciendum

147 721 368 775 incapaces
401 724 501 763 sunt
533 721 813 762 dimittantur.
882 720 971 762 Imo
1013 719 1085 772 qui
1126 720 1167 760 in
1208 719 1365 761 nostris
1407 717 1560 760 scholis
1593 716 1771 758 maxime
1812 715 1872 756 in-

148 794 255 837 fimis
287 796 453 849 ingenio
486 795 680 838 destituti
712 795 992 849 reperiantur„
1024 806 1170 836 eorum
1204 796 1403 847 parentes
1437 793 1488 835 de
1520 792 1598 834 hoc
1619 792 1749 834 etiam
1773 792 1871 833 ante

148 870 363 912 biennium
397 870 717 912 admoneantur.

290 947 328 986 2.
380 945 460 996 Qui
492 945 664 998 gravius
697 947 845 987 contra
866 956 1004 986 mores
1038 943 1102 986 vel
1126 943 1391 997 disciplinam
1423 942 1688 997 delinquunt,
1714 940 1872 995 Judicio

151 1020 358 1076 Hectoris,
383 1021 665 1062 dimittantur.
700 1020 868 1073 Triplex
886 1024 1026 1062 autem
1046 1022 1110 1062 est
1128 1018 1336 1060 dimissio:
1371 1019 1411 1069 a)
1436 1017 1654 1059 consilium
1677 1015 1873 1067 abeundi,

148 1097 197 1137 ut
232 1095 401 1147 dicitur,
436 1096 545 1138 datis
578 1095 730 1138 litteris
763 1094 1140 1139 testimonialibus:
1189 1094 1233 1145 b)
1274 1092 1456 1134 exclusio
1498 1092 1673 1145 simplex
1715 1095 1757 1133 et
1788 1091 1871 1144 pri-

150 1173 269 1226 vata,
317 1170 471 1213 litteris
522 1170 875 1213 testimonialibus
924 1169 1109 1222 negatis:
1158 1171 1194 1220 c)
1242 1168 1425 1210 exclusio
1466 1166 1656 1220 publica,
1708 1166 1872 1218 negatis

150 1246 300 1288 litteris
334 1246 699 1288 testamonialibus
742 1248 784 1286 et
824 1245 1035 1287 sententia
1076 1245 1166 1286 loco
1207 1244 1374 1297 publico
1419 1241 1554 1284 affixa.
1620 1267 1669 1273 -—
1733 1241 1871 1282 Primo

150 1320 272 1362 modo
296 1321 652 1375 frequentissime,
674 1321 807 1362 altero
830 1321 967 1362 rarius
991 1320 1281 1362 dimittuntur:
1316 1318 1470 1360 tertius
1495 1318 1560 1359 vix
1585 1315 1871 1369 usurpandus‚

150 1395 229 1437 nisi
262 1396 463 1449 adjuncta
495 1396 664 1438 insolita
695 1395 738 1437 id
770 1397 991 1437 suadeant.

289 1473 326 1513 3.
378 1471 554 1521 Quando
594 1471 673 1524 ipsi
707 1471 899 1524 discipuli
941 1471 1053 1512 intra
1085 1482 1241 1511 annum
1274 1469 1439 1511 scholas
1479 1468 1683 1510 deserunt
1715 1466 1778 1508 vel
1812 1466 1871 1507 di-

152 1546 395 1599 mittuntur,
429 1546 537 1589 illico
561 1552 758 1600 parentes
791 1546 1113 1596 admoneantur„
1147 1545 1226 1586 nisi
1251 1544 1422 1586 aliunde
1455 1544 1601 1584 moniti
1623 1545 1865 1584 noscantur.

966 1767 1059 1820 §a

494 1859 772 1913 Cataloqus
813 1861 861 1900 et
902 1859 1103 1900 litterae
1144 1857 1535 1899 testimoniales

294 1976 328 2015 1.
379 1974 608 2027 Catalogus
642 1975 700 2016 ita
743 1977 1039 2027 componatur,
1086 1976 1132 2014 ut
1163 1973 1201 2014 in
1237 1972 1384 2025 quovis
1427 1971 1637 2013 curriculo
1681 1969 1875 2022 discipuli

152 2050 193 2091 in
226 2053 312 2092 tres
345 2051 499 2093 classes
543 2050 803 2092 dividantur:
845 2050 885 2091 in
922 2053 971 2092 l‘z*
1004 2050 1088 2091 sint
1120 2049 1191 2102 qui
1231 2048 1565 2090 mediocritatem
1598 2046 1639 2087 in
1680 2044 1873 2097 materia,

153 2125 204 2167 de
236 2137 320 2178 qua
352 2125 507 2179 agitur,
539 2129 759 2180 superant:
794 2126 834 2167 in
858 2127 909 2169 ‘2²3
942 2125 1013 2178 qui
1047 2123 1223 2167 eandem
1256 2123 1489 2176 attingunt:
1522 2122 1640 2163 11130ὶ
1673 2120 1744 2173 qui
1767 2119 1876 2161 infra

154 2199 488 2241 mediocritatem
521 2200 709 2242 haerent.

292 2274 396 2317 Illae
418 2275 574 2317 classes
607 2274 883 2327 designentur
914 2275 954 2316 in
987 2274 1278 2328 superioribus
1311 2273 1398 2316 suis
1421 2272 1679 2314 nominibus:
1715 2270 1877 2324 prima

156 2350 339 2391 classis
380 2353 478 2400 etc.;
519 2350 561 2391 in
603 2349 871 2392 inferioribus
913 2353 1053 2392 autem
1085 2350 1221 2402 prima
1264 2352 1435 2403 praeter
1478 2346 1732 2401 praemium,
1776 2356 1875 2386 voce

157 2428 502 2475 accesserunt3
536 2427 588 2468 22}
620 2437 719 2467 voce
750 2425 1014 2477 laudandi,
1058 2428 1109 2467 3?
1152 2436 1252 2466 voce
1288 2426 1599 2476 sequuntur.
1657 2420 1763 2461 Vide
1799 2418 1876 2460 Ca-

157 2500 283 2552 talog.
319 2500 421 2542 0011.
456 2501 568 2542 Frib.
602 2513 667 2542 an.
698 2501 819 2542 1834.

295 2574 471 2618 Scholae
508 2576 624 2629 ipsae
665 2575 714 2617 iis
757 2575 997 2616 nominibus
1040 2574 1331 2627 designentur,
1375 2572 1528 2626 quibus
1562 2572 1600 2612 in
1633 2571 1728 2612 Rat.
1763 2569 1875 2611 stud.

162 2653 370 2692 vocantur
401 2654 443 2693 et
474 2663 605 2704 supra
636 2651 857 2703 designata
888 2651 999 2691 sunt.
1062 2662 1150 2702 cap.
1177 2650 1200 2690 2
1234 2649 1304 2702 §2
1337 2661 1375 2689 u.
1406 2650 1437 2688 1.

296 2726 490 2768 Praemia
530 2725 675 2767 ordine
713 2725 868 2767 ibidem
911 2724 1125 2777 assignato
1169 2723 1208 2764 in
1251 2722 1454 2775 Catalogo
1497 2721 1574 2762 sibi
1628 2719 1875 2762 succedant:

160 2800 241 2842 vid.
279 2800 467 2854 Catalog.
501 2800 614 2843 Frib.
649 2800 746 2842 anni
781 2800 901 2842 1834.

298 2875 344 2917 In
368 2876 545 2928 singulis
569 2875 763 2929 Collegiis
786 2876 943 2917 Rector
960 2875 1022 2917 vel
1045 2874 1398 2917 Bibliothecarius
1417 2872 1668 2926 Catalogum
1691 2870 1876 2924 cujusvis

160 2949 257 2991 anni
299 2950 489 2993 studiose
530 2953 751 2993 conservet
791 2954 855 3005 et,
899 2950 999 2991 dum
1039 2949 1263 2992 sufficienti
1304 2949 1387 2990 sint
1424 2960 1619 2995 numero,
1663 2947 1877 2988 variorum

161 3036 367 3067 annorum
400 3025 615 3078 catalogos
646 3025 688 3067 in
721 3025 916 3067 volumen
950 3024 1157 3078 compingi
1189 3025 1317 3066 curet.

298 3101 334 3141 2.
389 3100 572 3153 Singulis
614 3100 839 3153 classibus,
880 3100 921 3142 in
966 3112 1072 3153 quas
1113 3111 1385 3153 progressum
1427 3096 1746 3151 distinguimus,
1789 3099 1876 3138 tres

162 3177 287 3217 notae
331 3178 583 3219 statuuntur
622 3176 880 3229 simplicibus
923 3174 1108 3217 numeris
1151 3172 1463 3228 exprimendae:
1508 3175 1551 3226 1,
1583 3173 1629 3224 2,
1660 3173 1696 3213 3.
1762 3172 1877 3223 Quae
