2164 3535
496 223 598 259 Neue
625 223 988 267 Studienvorschlage
1014 222 1078 257 der
1103 222 1301 258 deutschen
1326 221 1479 256 Provinz
1508 224 1606 257 1830.
1822 225 1904 265 419

195 365 361 407 devotio
394 377 495 418 erga
524 363 840 406 immaculatam
872 363 918 404 B.
943 363 993 404 V.
1017 362 1073 404 M.
1107 361 1444 418 Conceptionem,
1476 374 1604 416 quam
1636 361 1763 403 etiam
1794 361 1913 403 festis

193 441 452 483 solemnibus
495 440 701 482 institutis
743 443 786 481 et
823 439 1064 492 ingentibus
1104 438 1376 492 indulgentiis
1408 437 1639 489 concessis,
1680 437 1915 479 stimulavit

194 520 237 558 et
279 516 452 558 adauxit
483 515 692 571 Ecclesia,
733 527 815 556 non
857 514 1024 556 videtur
1056 514 1290 556 certissima
1322 513 1459 567 opinio
1492 512 1788 555 confundenda
1820 524 1916 554 cum

195 591 441 645 quaestione
474 590 524 632 de
556 590 823 631 solemnitate
856 592 1065 643 votorum,
1097 601 1228 642 quare
1261 591 1336 630 aut
1366 601 1415 630 ex
1446 588 1570 630 unica
1592 588 1740 641 regula
1762 587 1916 641 duplex

198 666 388 708 facienda
419 669 544 719 esset,
576 668 624 706 ut
655 665 710 707 sit
742 664 970 716 distinctio,
1004 668 1078 706 aut
1111 664 1390 706 omittendum
1424 664 1538 717 quod
1570 663 1622 705 de
1650 662 1918 706 solemnitate

198 744 394 783 votorum
426 740 627 793 (dicitur).

333 828 403 870 Ad
435 840 532 880 reg.
558 829 581 869 9
616 828 699 882 §2
764 826 870 869 Cum
899 826 941 867 in
974 826 1117 868 multis
1151 826 1335 879 collegiis
1363 839 1445 868 non
1468 826 1678 868 habeatur
1698 826 1919 868 Professor

195 904 391 958 proprius
423 902 831 951 controversiarum,
865 914 936 943 eas
968 905 1109 943 tamen
1144 902 1305 944 discere
1338 901 1520 944 debeant
1545 903 1742 956 juvenes,
1775 901 1847 954 qui
1878 901 1918 942 in

198 979 341 1021 multis
375 977 616 1031 regionibus
642 978 753 1019 inter
774 977 1009 1019 haereticos
1031 980 1270 1027 versantur,
1303 977 1472 1019 videtur
1494 977 1734 1030 hujusmodi
1757 980 1921 1018 contro-

198 1055 432 1097 versiarum
465 1053 741 1107 pertractatio
774 1056 973 1095 accurate
1004 1052 1211 1108 facienda,
1244 1064 1320 1094 nec
1351 1051 1556 1105 sufficere,
1589 1055 1639 1093 ut
1666 1051 1831 1093 duobus
1854 1051 1919 1093 vel

198 1131 334 1172 tribus
365 1129 652 1171 fundamentis
685 1129 838 1182 dogma
869 1131 1189 1170 controversum
1219 1128 1448 1169 muniatur.

339 1217 408 1260 Ad
441 1229 537 1269 reg.
574 1218 638 1259 14.
702 1215 808 1258 Cum
854 1227 1056 1257 numerus
1100 1214 1394 1258 Professorum
1435 1218 1478 1257 et
1518 1215 1638 1269 proin
1680 1214 1922 1269 lectionum,

199 1293 449 1347 praesertim
488 1293 529 1334 in
569 1291 799 1345 maj0ribus
833 1290 1049 1347 Collegiis,
1092 1291 1341 1347 accreverit,
1382 1291 1462 1346 ita,
1502 1294 1551 1332 ut
1589 1294 1760 1345 praeter
1791 1290 1922 1332 Theo-

200 1369 354 1422 logiam
397 1369 438 1410 et
477 1367 791 1421 Philosophiam
832 1367 980 1409 stricte
1018 1370 1232 1420 sumptam
1273 1367 1380 1408 aliae
1423 1366 1507 1408 sint
1544 1366 1772 1422 materiae,
1815 1378 1923 1419 quae

200 1443 427 1485 hodiedum
458 1442 712 1496 pertractari
745 1442 920 1498 debent,
963 1454 1142 1495 cumque
1175 1441 1226 1484 de
1258 1442 1434 1495 singulis
1466 1442 1654 1484 materiis
1686 1442 1751 1483 vel
1783 1441 1924 1495 dispu-

202 1519 307 1560 tatio
355 1518 517 1559 institui
559 1518 622 1559 vel
664 1517 874 1571 specimen
917 1516 1087 1570 aliquod
1128 1517 1295 1570 publice
1341 1517 1528 1559 exhiberi
1569 1517 1723 1569 soleat,
1770 1517 1923 1570 quibus

202 1593 504 1635 tentaminibus
547 1605 690 1634 omnes
732 1592 999 1645 superiorum
1042 1593 1296 1634 facultatum
1327 1593 1593 1635 Professores
1626 1595 1668 1634 et
1697 1592 1924 1634 Auditores

197 1669 322 1721 juxta
354 1680 438 1720 reg.
464 1668 516 1709 35
549 1667 685 1709 Praef.
721 1667 833 1711 stud.
867 1666 1014 1709 adesse
1048 1668 1289 1723 conveniat,
1322 1668 1489 1710 omnino
1523 1667 1705 1721 videtur,
1738 1681 1789 1710 ne
1821 1668 1927 1710 mul-

203 1747 295 1784 tum
326 1743 527 1796 temporis
559 1743 778 1796 perdatur,
812 1745 854 1785 et
880 1744 1043 1785 oriatur
1065 1743 1268 1795 confusio,
1302 1744 1636 1798 disputationum
1661 1744 1925 1796 aliarumque

205 1819 552 1861 exercitationum
596 1831 670 1871 pro
714 1831 969 1871 unaquaque
1001 1818 1207 1861 facultate
1238 1832 1440 1861 numerus
1472 1819 1726 1862 minuendus
1758 1823 1802 1861 et
1833 1832 1928 1861 con-

205 1893 411 1935 trahenda
443 1893 624 1936 duratio.

343 1980 414 2022 Ad
455 1981 754 2033 Catalogum
793 1980 1165 2033 quaestionum.
1228 1981 1268 2023 Is
1311 1982 1528 2035 catalogus
1560 1983 1729 2025 videtur
1771 1983 1928 2024 nostris

208 2056 468 2110 temporibus
515 2056 720 2109 supprimi
773 2069 920 2111 posse,
974 2056 1086 2109 quod
1134 2057 1436 2099 recentioribus
1484 2058 1660 2100 docendi
1706 2058 1928 2111 methodis,

209 2132 335 2173 etiam
376 2132 640 2185 approbatis,
683 2144 765 2173 non
792 2132 881 2185 Jam
911 2131 1133 2187 inserviat,
1174 2145 1250 2174 nec
1282 2133 1592 2186 professoribus
1625 2140 1824 2188 (quorum
1857 2134 1929 2175 ali-

210 2206 282 2259 qui
320 2207 387 2247 vix
429 2207 631 2248 terminos
674 2207 927 2259 intelligent)
970 2207 1150 2248 multum
1192 2208 1390 2250 utilitatis
1434 2208 1584 2251 afferre
1624 2222 1760 2262 posse.
1824 2209 1928 2251 Dein

209 2282 443 2335 periculum
486 2294 567 2323 non
610 2283 697 2337 est,
739 2294 792 2323 ne
831 2294 1021 2337 errores,
1063 2282 1135 2334 qui
1176 2282 1243 2324 hic
1273 2284 1620 2340 proscribuntur,
1661 2297 1772 2326 nunc
1803 2284 1931 2326 etiam

211 2357 362 2410 aliquis
395 2356 555 2399 doceat.

463 2714 688 2781 Regulae
729 2715 1030 2764 Professoris
1069 2714 1291 2763 Casuum
1329 2716 1679 2765 conscientiae.

354 2841 424 2883 Ad
457 2842 692 2884 Titulum.
753 2842 911 2885 Contra
935 2842 1140 2884 casuistas
1163 2841 1343 2884 multum
1366 2855 1476 2884 nunc
1499 2842 1719 2897 clamatur,
1750 2842 1933 2896 plerum—

218 2929 300 2969 que
342 2916 573 2971 immerito,
619 2917 851 2971 optandum
892 2920 1033 2959 tamen
1075 2919 1206 2972 esset,
1255 2920 1304 2957 ut
1343 2930 1420 2970 pro
1461 2917 1705 2959 Professor-e
1749 2917 1932 2959 Casuum

219 2990 509 3033 Conscientiae
539 2991 759 3034 Professor
790 2992 1041 3045 Theologiae
1072 2992 1245 3034 Moralis
1278 2992 1343 3033 vel
1374 2993 1585 3045 practicae
1616 2992 1856 3034 haberetur.

355 3076 428 3117 Ad
458 3088 559 3129 reg.
587 3079 622 3118 1.
685 3077 790 3119 Cum
823 3091 976 3120 munus
1008 3077 1263 3120 Professoris
1294 3078 1406 3120 illius
1439 3078 1494 3120 sit
1524 3078 1745 3120 instituere
1775 3077 1934 3131 peritos

220 3149 433 3192 Parochos
467 3154 510 3192 et
531 3151 902 3195 Sacramentorum
935 3153 1312 3204 administratores,
1346 3153 1413 3195 hic
1435 3153 1583 3207 quaeri
1604 3157 1758 3217 potest,
1791 3155 1935 3194 utrum

1662 3233 1730 3269 27*
