2164 3535
682 193 862 238 Speisung
887 203 1005 227 armer
1032 190 1231 226 Studenten
1260 193 1357 227 1635.
1795 193 1876 234 245

159 337 335 378 iuuenes
368 335 550 377 durabili
582 334 725 387 aliqua
756 338 798 375 et
829 333 968 375 stabili
1001 332 1110 385 stipe
1140 331 1308 378 iuuare,
1347 342 1473 383 quam
1516 329 1639 381 alios,
1680 330 1793 382 quod
1834 331 1879 372 li-

161 411 310 453 benter
341 410 562 461 fatebitur,
596 410 788 463 quisquis
821 422 870 451 ea
903 408 1145 450 accuratius
1178 405 1467 460 perpenderit,
1509 417 1618 458 quae
1650 404 1788 458 capite
1818 418 1880 448 se-

161 486 296 528 cundo
330 485 547 539 disputata
579 488 692 527 sunt.

299 578 422 620 Dicat
462 578 574 630 quis:
622 577 714 618 Non
757 588 921 624 omnes,
962 575 1032 627 qui
1074 575 1115 616 in
1157 574 1241 616 tale
1280 571 1560 615 Seminarium
1605 571 1880 625 recipiuntur,

160 652 342 694 officium
369 651 525 693 facere:
559 650 671 704 apud
705 650 859 691 multos
893 649 1029 690 oleum
1062 653 1104 690 et
1135 661 1306 702 operam
1338 650 1381 689 et
1411 647 1719 700 eleemosynam
1749 647 1878 700 perdi.

160 729 216 770 At
245 728 329 769 iam
361 739 492 780 supra
525 725 708 777 ostendi,
749 725 1057 777 eleemosynam
1091 725 1205 764 recto
1238 722 1376 764 animo
1410 721 1625 776 collatam,
1664 734 1881 775 nunquam

160 802 298 856 perdi,
341 801 414 843 sed
456 800 602 854 reponi
643 800 683 840 in
724 799 805 840 illis
847 797 1080 849 thesauris,
1120 808 1226 849 quos
1265 808 1339 837 nec
1371 795 1485 836 tinea
1515 807 1590 837 nec
1622 808 1779 849 aerugo
1811 797 1883 839 ab·

160 877 309 929 sumit,
350 880 392 918 et
422 888 504 928 quo
536 876 605 917 fur
636 887 719 915 non
751 871 986 926 appropiat.
1052 869 1232 921 Deinde,
1272 870 1373 922 quid
1405 870 1579 925 mirum,
1617 871 1652 913 si
1683 883 1733 912 ex
1765 871 1884 924 quin-

160 951 384 1004 quaginta,
427 950 668 1002 sexaginta,
715 951 790 989 aut
831 946 1102 1000 septuaginta
1144 944 1482 987 adolescentibus
1529 945 1659 998 aliqui
1701 945 1885 988 officium

161 1026 405 1078 negligant?
464 1024 528 1066 An
572 1037 653 1065 non
695 1022 819 1077 satis,
865 1021 899 1063 si
941 1034 990 1062 ex
1030 1023 1151 1062 tanto
1192 1032 1367 1062 numero
1408 1019 1584 1072 triginta
1625 1024 1700 1061 aut
1739 1021 1886 1074 viginti

162 1102 355 1154 optatum
377 1100 563 1142 fructum
584 1100 737 1145 ferant,
770 1097 922 1149 Deoq.;
956 1098 1105 1149 postea
1130 1097 1173 1137 et
1195 1094 1410 1137 Ecclesiae
1430 1094 1612 1137 fideliter
1633 1096 1885 1139 inser-uiant:

162 1175 274 1228 quod
315 1174 454 1227 quiuis
498 1174 682 1227 prudens
725 1172 974 1226 prudenter
999 1170 1078 1212 sibi
1118 1170 1305 1224 polliceri
1344 1172 1497 1223 potest.
1562 1169 1604 1212 Si
1637 1170 1709 1223 qui
1741 1170 1888 1212 discoli

162 1250 247 1292 sint
268 1253 310 1291 et
331 1248 651 1302 incorrigibiles,
675 1252 765 1289 tum
788 1247 994 1290 utendum
1016 1250 1082 1289 est
1104 1246 1303 1299 remedio,
1331 1245 1446 1299 quod
1468 1245 1760 1289 Tridentinum
1783 1247 1889 1290 Con-

162 1324 303 1367 cilium
334 1323 621 1377 praescripsit.

166 1833 455 1906 Speisung
486 1852 672 1886 armer
707 1831 1030 1887 Studenten
1061 1831 1155 1886 bei
1186 1831 1298 1885 den
1328 1830 1592 1885 Jesuiten
1624 1830 1683 1883 in
1704 1827 1890 1883 VVien.

930 1933 1122 1997 (1635)

166 2036 361 2081 (Gleichz.
389 2036 611 2072 Handschr.
638 2036 689 2071 im
716 2036 813 2072 Geh.
841 2035 1112 2072 Staatsarchiv
1138 2046 1185 2071 zu
1202 2035 1330 2079 wien,
1356 2033 1500 2070 Geistl.
1525 2033 1670 2069 Archiv
1696 2033 1766 2068 No.
1784 2031 1893 2076 442.)

304 2163 350 2204 A.
400 2164 469 2205 De
512 2163 764 2216 Reliquiis
813 2163 1040 2205 ciborum
1084 2162 1342 2216 pauperibus
1385 2161 1587 2204 studiosis
1631 2160 1683 2202 ad
1726 2162 1891 2213 portam

168 2239 328 2280 Domus
361 2238 582 2280 Professae
615 2237 839 2280 Societatis
872 2238 977 2280 Jesu
1010 2238 1197 2280 Viennae
1230 2235 1546 2278 distribuendis.

306 2330 425 2373 Unus
468 2343 490 2372 e
530 2331 629 2372 Rev.
663 2330 862 2372 Patribus
905 2329 1164 2383 Praepositis
1204 2330 1365 2370 Domus
1405 2329 1626 2371 Professae
1656 2326 1891 2379 Vienensis,

168 2406 264 2446 ante
296 2417 452 2457 paucos
486 2417 617 2446 annos
650 2405 816 2446 notavit
849 2405 931 2446 duo
964 2417 1047 2445 non
1080 2404 1186 2446 bene
1217 2403 1306 2444 fieri
1340 2403 1450 2444 circa
1479 2403 1680 2456 reliquias
1703 2402 1891 2443 ciborum

167 2492 277 2532 quae
310 2479 466 2521 dantur
497 2479 756 2533 pauperibus
789 2479 990 2521 studiosis
1024 2478 1076 2520 ad
1109 2481 1275 2531 portam
1308 2478 1444 2519 dictae
1477 2477 1638 2519 domus.

305 2572 518 2624 Pauperes
559 2572 773 2614 studiosos
816 2584 921 2624 quos
965 2574 1117 2613 vocant
1149 2569 1384 2611 ordinarios
1417 2569 1607 2611 adhiberi
1640 2568 1693 2610 ad
1723 2568 1890 2610 labores

167 2646 315 2688 domus
348 2646 459 2688 unde
491 2646 628 2688 cibum
662 2647 778 2688 illum
812 2659 936 2699 quem
969 2646 1195 2699 accipiunt,
1227 2657 1308 2686 non
1342 2649 1428 2686 tam
1457 2657 1549 2686 esse
1581 2644 1889 2696 eleemosynam

167 2733 293 2774 quam
327 2721 484 2763 laboris
517 2721 766 2763 mercedem.
822 2721 961 2771 Quare
994 2720 1046 2761 ab
1080 2719 1189 2761 omni
1223 2719 1367 2761 labore
1400 2718 1477 2760 hoc
1508 2718 1675 2760 nomine
1697 2717 1888 2760 faciendo

167 2799 382 2849 exemptos
414 2796 558 2837 voluit.
610 2796 671 2837 Ex
704 2795 946 2836 huiusmodi
980 2794 1180 2836 studiosis
1213 2794 1375 2836 nullum
1398 2793 1450 2835 ad
1473 2793 1636 2846 frugem
1659 2805 1887 2845 emergere,

167 2883 215 2912 eo
248 2870 361 2923 quod
393 2883 468 2912 nec
500 2871 605 2912 satis
637 2870 842 2913 hactenus
875 2870 996 2923 panis
1028 2869 1274 2922 habuerint,
1313 2882 1389 2911 nec
1421 2868 1522 2910 ordo
1557 2868 1690 2909 bonus
1722 2868 1763 2908 in
1797 2866 1886 2909 cibo

167 2945 459 2987 distribuendo
500 2949 694 2987 servatus
736 2946 875 2987 fuerit.
941 2944 1040 2986 Ideo
1082 2957 1190 2997 quae
1232 2947 1472 2997 sequuntur
1512 2942 1722 2985 ordinavit
1760 2943 1887 2994 (quae

167 3020 294 3061 etiam
327 3032 350 3061 a
382 3019 467 3061 Rd0
498 3019 540 3060 P.
567 3019 819 3062 Provinciali
857 3019 1061 3062 Michaele
1093 3018 1391 3061 Summereker
1428 3022 1594 3072 postea,
1634 3030 1742 3059 auno
1779 3017 1885 3058 1635

168 3094 403 3147 approbata
435 3098 480 3135 et
511 3094 754 3147 subscripta
787 3098 899 3143 sunt,
934 3098 980 3135 ut
1013 3094 1152 3135 videre
1185 3098 1249 3135 est
1279 3094 1318 3135 in
1350 3093 1460 3134 libro
1493 3093 1532 3133 in
1562 3104 1644 3145 quo
1677 3091 1885 3133 ordinatio
