2164 3535
465 234 568 269 Neue
596 233 958 277 Studienvorschlage
985 233 1050 268 der
1073 231 1271 267 deutschen
1296 230 1448 265 Provinz
1478 233 1573 266 1830.
1796 232 1876 273 427

164 375 309 431 detur,
350 378 560 429 quatenus
596 374 741 426 lingua
778 372 1007 415 vernacula
1055 371 1363 425 negligeretur,
1422 373 1498 411 aut
1533 370 1710 423 juvenes
1751 369 1880 411 latine

165 452 315 505 edocti,
346 451 460 505 quod
491 450 727 503 didicerint,
759 448 981 491 vernacule
1013 447 1190 489 reddere
1212 459 1294 488 non
1317 446 1499 501 valeant,
1537 444 1741 499 optimum
1765 444 1877 486 factu

164 527 351 581 videtur,
394 526 428 568 si
465 525 506 566 in
549 524 773 567 academiis
815 536 891 576 pro
925 522 1214 576 superioribus
1246 521 1521 564 facultatibus
1554 519 1878 563 dissertationes

164 606 206 645 et
237 601 492 655 quandoque
524 600 797 653 repetitiones
839 602 881 640 et
919 598 1226 650 disputationes
1258 596 1480 639 vernacule
1523 596 1780 638 habeantur:
1822 594 1883 635 ita

165 677 322 718 latinae
363 676 532 728 linguae
574 674 812 717 consultum
854 677 938 728 est,
981 677 1028 714 ut
1059 676 1199 714 tamen
1233 672 1458 714 vernacula
1489 671 1649 713 nullum
1683 670 1780 712 inde
1812 669 1880 711 de-

166 752 411 794 trimentum
442 750 642 804 patiatur.

439 1106 632 1172 Regula
671 1105 918 1154 Praefecti
956 1104 1249 1153 Studiorum
1287 1102 1603 1151 Inferiorum.

302 1233 371 1275 Ad
404 1246 501 1287 reg.
536 1235 573 1274 2.
636 1232 714 1274 Hic
745 1233 913 1274 videtur
947 1232 1188 1274 Praefectus
1222 1231 1461 1273 studiorum
1502 1229 1769 1283 inferiorum,
1813 1229 1884 1281 qui

166 1309 319 1351 nostris
351 1309 392 1350 in
426 1309 664 1361 regionibus
696 1307 940 1350 Praefectus
974 1307 1222 1349 Scholarum
1256 1320 1291 1347 v.
1318 1305 1492 1357 Collegii
1525 1318 1560 1345 v.
1592 1304 1763 1346 tandem
1796 1307 1884 1345 stu-

166 1384 381 1426 diosorum
422 1384 597 1439 dicitur,
638 1396 686 1425 ex
726 1382 987 1437 praescripto
1021 1381 1229 1423 Praefecti
1273 1380 1479 1433 generalis
1513 1379 1656 1421 studia
1686 1379 1885 1421 inferiora

165 1459 376 1502 moderari
407 1459 573 1502 debere.

303 1552 375 1594 Ad
406 1565 503 1605 reg.
528 1553 552 1594 8
587 1552 670 1606 §2
734 1551 816 1594 Ubi
849 1549 1136 1592 Emmanuelis
1169 1549 1276 1591 liber
1310 1549 1447 1590 adhuc
1479 1548 1520 1589 in
1553 1560 1633 1590 usu
1666 1550 1751 1601 est,
1795 1559 1889 1588 con-

167 1627 389 1685 sulendum
423 1626 614 1682 videtur,
657 1630 705 1668 ut
745 1626 905 1680 primus
946 1626 1034 1678 ejus
1076 1625 1183 1666 liber
1219 1624 1259 1665 in
1294 1623 1584 1677 compendium
1616 1622 1814 1665 redactus
1847 1624 1890 1663 et

164 1702 387 1745 vernacule
429 1702 620 1744 redditus
661 1701 868 1743 tironibus
916 1700 1133 1754 tradatur,
1183 1713 1278 1742 cum
1327 1699 1513 1741 omnium
1563 1697 1649 1739 fere
1700 1698 1889 1739 locorum

166 1777 427 1820 consuetudo
459 1777 596 1830 prima
627 1776 850 1818 latinitatis
883 1779 1110 1829 praecepta
1132 1775 1271 1828 patrio
1295 1786 1488 1816 sermone
1516 1773 1754 1827 conscripta
1775 1773 1886 1814 velit.

302 1869 374 1911 Ad
406 1882 504 1922 reg.
529 1871 553 1911 8
587 1870 669 1923 §3
734 1869 999 1923 Optandum,
1042 1872 1090 1910 ut
1132 1867 1325 1921 magistri
1367 1867 1501 1920 primo
1543 1866 1738 1908 semestri
1771 1878 1890 1919 prae-

167 1949 289 1998 cepta
320 1945 361 1986 in
394 1957 649 1998 unaquaque
681 1944 825 1986 schola
857 1943 1097 1997 absolvant,
1130 1944 1201 1996 qui
1235 1955 1337 1985 usus
1371 1943 1413 1983 in
1445 1941 1637 1995 plurimis
1670 1941 1771 1983 locis
1805 1953 1887 1982 non

166 2021 256 2062 sine
297 2020 549 2062 detrimento
592 2019 842 2075 negligitur,
886 2019 1076 2072 adeoque
1109 2019 1262 2072 ubique
1295 2017 1584 2060 restituendus
1617 2017 1797 2059 videtur.
1837 2041 1883 2046 —

167 2094 275 2137 Sunt
315 2095 405 2151 alii,
447 2095 520 2148 qui
560 2098 734 2148 putant,
777 2095 970 2137 semestri
1011 2095 1075 2135 vix
1118 2106 1242 2147 posse
1281 2094 1358 2135 hoc
1397 2092 1511 2143 fieri,
1550 2096 1723 2145 propter
1754 2092 1890 2134 multa

170 2171 416 2225 accessoria,
447 2183 557 2223 quae
589 2183 699 2212 nunc
730 2171 973 2221 traduntur,
1008 2171 1108 2211 dum
1141 2170 1238 2211 olim
1272 2170 1336 2210 vix
1370 2168 1484 2210 aliud
1507 2169 1548 2209 in
1572 2167 1723 2210 scholis
1747 2166 1888 2221 fiebat,

167 2258 293 2298 quam
326 2247 374 2286 ut
402 2245 606 2298 Magister
638 2246 727 2287 sola
758 2246 970 2287 latinitate
1004 2249 1231 2299 occuparet
1264 2244 1503 2297 discipulos.

305 2338 375 2379 Ad
408 2350 505 2390 reg.
531 2339 555 2379 8
588 2339 670 2391 54,
734 2338 913 2379 Videtur
944 2349 1025 2378 non
1066 2337 1127 2378 ita
1167 2337 1289 2378 facile
1330 2335 1639 2389 permittendus
1683 2335 1889 2377 transitus

168 2412 219 2454 de
260 2426 344 2454 una
383 2413 525 2455 schola
565 2413 617 2454 ad
656 2413 797 2454 aliam:
849 2415 899 2454 19
933 2412 1209 2466 Plerumque,
1252 2411 1323 2464 qui
1357 2411 1448 2453 aliis
1481 2423 1633 2463 magno
1664 2410 1886 2452 intervallo

168 2492 470 2543 praecurrunt,
509 2488 735 2530 admodum
770 2489 947 2542 juvenes
989 2489 1089 2528 sunt
1129 2486 1407 2538 (suffragante
1451 2486 1559 2527 enim
1600 2485 1762 2527 ratione
1794 2497 1890 2538 pro-

168 2563 362 2604 vectioris
410 2564 562 2604 aetatis
603 2563 692 2616 jam
739 2563 950 2605 ordinarie
996 2577 1078 2605 non
1127 2563 1338 2605 succurrit
1383 2563 1491 2604 ratio
1540 2560 1796 2614 praestantis
1849 2562 1891 2600 et

168 2637 340 2679 exerciti
371 2638 557 2691 ingenii),
591 2638 702 2680 unde
733 2639 975 2692 hujusmodi
1004 2640 1181 2692 jiivenes
1214 2639 1254 2679 in
1289 2637 1441 2679 studiis
1472 2637 1565 2678 ideo
1588 2636 1768 2677 maxime
1792 2635 1889 2677 reti-

168 2712 290 2754 nendi
334 2717 452 2765 sunt,
495 2725 546 2755 ne
582 2714 758 2766 juventa
797 2714 933 2755 adhuc
976 2719 1121 2756 tenera
1162 2716 1204 2755 et
1245 2713 1431 2754 omnium
1464 2713 1683 2765 inexperta
1715 2711 1754 2752 in
1789 2710 1889 2752 Uni-

169 2787 392 2829 versitates
440 2800 565 2842 saepe
611 2792 855 2842 corruptas,
909 2790 1073 2831 scholas
1121 2789 1345 2841 militares,
1403 2789 1466 2830 vel
1512 2788 1647 2841 ipsam
1696 2786 1888 2828 militiam

169 2863 407 2916 mittantur,
441 2863 540 2904 dum
570 2864 747 2906 necdum
770 2864 979 2906 solidioris
1002 2864 1172 2917 pietatis
1196 2876 1243 2906 ac
1266 2864 1435 2905 virtutis
1459 2863 1632 2916 spiritus
1657 2861 1887 2904 hauserint.

171 2963 219 2967 —
269 2940 320 2979 29
359 2939 451 2980 Non
498 2939 705 2981 inutiliter
751 2944 1013 2993 occupantur
1063 2938 1362 2980 exercitatione
1412 2938 1570 2987 multa,
1626 2949 1710 2989 qua
1762 2936 1887 2977 altius

169 3012 361 3055 doctrina
391 3014 432 3054 in
465 3026 610 3055 eorum
642 3015 852 3057 mentibus
885 3014 1165 3068 imprimatur.
1228 3037 1276 3043 -
1342 3014 1394 3056 39
1428 3013 1558 3054 Plura
1588 3016 1688 3053 sunt
1720 3012 1887 3063 linguae

168 3088 324 3130 latinae
356 3089 603 3144 accessoria,
636 3102 744 3143 quae
776 3090 841 3131 vix
873 3089 1135 3143 permittant,
1168 3091 1216 3129 ut
1246 3088 1360 3130 intra
1392 3087 1571 3130 eundem
1600 3099 1756 3128 annum
1778 3085 1887 3126 duae

167 3162 336 3206 scholae
362 3168 683 3219 percurrantur,
715 3165 793 3207 nisi
825 3164 932 3206 forte
964 3164 1003 3205 in
1036 3164 1173 3217 prima
1205 3163 1470 3217 promotione
1502 3174 1621 3205 error
1653 3160 1883 3214 irrepserit.
