2164 3535
411 235 576 270 Oeffentl.
605 235 802 279 Uebungen
830 244 859 268 a.
887 234 918 268 d.
946 233 1072 278 Gymn.
1098 232 1130 267 d.
1157 233 1324 267 Jesuiten
1350 232 1386 266 in
1412 232 1521 267 Coeln
1550 234 1647 268 1753.
1807 236 1886 276 145

168 387 262 416 rum
306 374 514 417 Classium
564 374 750 428 singulis.
825 373 1013 415 Invitant
1059 374 1201 413 autem
1250 384 1295 413 se
1342 375 1490 413 mutuo
1533 371 1654 413 binae
1695 384 1889 424 quaeque

168 449 334 491 Classes
375 451 563 503 proximo
605 450 716 491 inter
756 462 800 491 se
841 448 986 489 ordine
1026 459 1073 488 ac
1115 447 1282 499 gemina
1324 446 1508 500 quadam
1557 447 1685 488 studii
1725 447 1889 488 ratione

167 525 408 579 copulatae:
443 526 634 567 videlicet
666 525 847 578 primum
872 522 1028 565 Classis
1050 521 1218 563 infimae
1247 522 1413 564 ordines
1437 522 1534 575 duo,
1567 521 1717 564 deinde
1740 521 1889 563 Gram-

168 600 322 642 matica
352 600 492 641 Media
523 603 566 640 et
598 599 805 652 Suprema
837 598 1004 639 deinum
1037 597 1325 639 Humanitatis
1359 596 1511 638 Schola
1550 600 1592 638 et
1622 596 1885 638 Rhetoricae.

166 675 328 725 (Ordin.
353 687 444 715 nov.
472 673 639 726 Super.)
692 674 823 714 Porro
856 672 934 725 his,
968 672 1039 724 qui
1072 672 1123 714 de
1154 672 1332 714 historia
1354 672 1586 723 decertant,
1619 671 1887 713 inferioribus

164 749 205 790 in
230 749 446 791 Classibus
472 750 714 802 junguntur
745 748 814 789 alii
847 747 1035 788 nonnulli
1068 747 1133 788 vel
1166 748 1413 799 succedunt,
1447 747 1518 800 qui
1551 746 1603 788 ad
1632 747 1887 800 responden—

165 823 265 865 dum
306 823 356 866 de
395 823 724 865 nomenclaturis
766 823 807 863 in
842 835 1013 863 arenam
1047 821 1305 863 descendant
1336 827 1464 875 atque
1496 822 1537 863 in
1568 821 1688 875 copia
1720 825 1763 863 et
1793 834 1888 875 pro-

164 898 345 952 prietate
377 898 601 940 verborum
626 897 889 942 Latinorum.
923 909 1050 949 quain
1080 909 1127 937 ex
1152 896 1374 938 Amalthea
1397 897 1648 938 Germanica
1670 901 1713 938 et
1735 897 1886 939 Latina

163 973 395 1029 hauserint,
428 974 660 1027 periculum
692 972 859 1014 faciant.
918 972 999 1025 <Ex
1030 972 1190 1013 observ.
1217 972 1269 1013 ad
1294 971 1426 1013 Catal.
1451 972 1519 1013 lib.
1553 985 1591 1012 n.
1619 973 1707 1025 VI.)
1760 973 1887 1015 Utra-

163 1062 245 1102 que
277 1053 417 1091 tamen
450 1048 692 1091 exercitatio
725 1048 783 1089 sic
815 1047 1089 1099 transigenda
1120 1050 1203 1101 est⁷
1247 1051 1295 1088 ut
1326 1048 1440 1088 ultra
1471 1048 1762 1100 sesquihoram
1795 1049 1885 1090 uni-

164 1137 285 1166 versa
317 1125 547 1178 disputatio
579 1137 631 1165 ne
662 1122 924 1164 extrahatur.

214 1579 595 1634 Oeffentliche
642 1577 962 1651 Uebungen
1009 1597 1080 1630 an
1127 1577 1257 1631 dem
1303 1575 1687 1650 Gymnasium
1734 1579 1833 1632 der

616 1682 878 1736 -Jesuiten
925 1682 983 1734 in
1029 1679 1210 1736 Coeln
1259 1683 1425 1735 1753.

298 1830 374 1871 Die
405 1828 734 1881 nachfolgenden
768 1828 969 1880 Angaben
1002 1828 1167 1882 zeigen,
1207 1827 1360 1870 welche
1393 1828 1691 1881 Gegenstande
1733 1829 1881 1872 beson-

161 1905 256 1947 ders
289 1904 396 1947 auch
429 1917 505 1945 aus
539 1903 616 1944 den
640 1903 810 1944 Realien
843 1916 913 1943 uin
946 1902 1011 1944 die
1034 1903 1155 1945 Mitte
1188 1902 1261 1944 des
1295 1904 1466 1956 vorigen
1489 1903 1805 1947 Jahrhunderts
1837 1906 1879 1947 in

161 1981 235 2025 der
265 1979 674 2022 niederrheinischen
700 1979 877 2020 Provinz
903 1978 1117 2019 betrieben
1142 1977 1324 2019 wurden.
1374 1978 1460 2019 Der
1480 1978 1572 2020 hier
1594 1979 1881 2032 abgedruckte

160 2056 368 2108 Prospekt
396 2055 451 2096 ist
473 2054 715 2106 angehangt
737 2053 852 2095 einer
873 2053 1279 2106 Thesensammlung
1304 2053 1582 2105 »Theologiae
1604 2054 1881 2107 Dogmaticae

163 2132 391 2173 Universae
414 2130 553 2172 theses
577 2129 828 2182 praecipuae
850 2141 958 2181 quae
982 2128 1123 2170 Seren.
1150 2129 1354 2170 Dominus
1379 2129 1426 2169 I).
1448 2128 1624 2170 Carolus
1642 2130 1883 2172 Alexander

160 2208 265 2249 Lud.
308 2208 412 2259 Aug.
459 2205 499 2247 S.
532 2206 567 2246 R
609 2205 648 2246 J.
688 2205 887 2257 Princeps
928 2204 990 2245 De
1033 2203 1147 2245 Sahn
1189 2203 1326 2252 Salm,
1369 2204 1719 2257 Metropolitanus
1763 2205 1882 2248 Colo-

159 2283 335 2333 niensis,
376 2281 691 2323 Cathedralium
722 2279 1042 2332 Argentinensis
1081 2283 1123 2321 et
1160 2278 1376 2320 Hildensis
1411 2278 1645 2322 Canonicus
1686 2284 1880 2333 exponet,

160 2357 467 2399 demonstrabit
519 2358 647 2408 atque
689 2387 696 2394 .
733 2388 739 2395 .
776 2388 782 2394 .
827 2354 1066 2396 vindicabit.
1148 2353 1195 2395 In
1242 2353 1352 2394 Aula
1402 2354 1561 2407 Majore
1610 2354 1879 2398 Celeberrimi

160 2433 303 2474 Trium
331 2432 591 2474 Coronarum
615 2429 830 2484 Gymnasii
863 2429 943 2470 Soc
979 2429 1084 2470 Jesu
1117 2427 1202 2470 Col.
1238 2428 1409 2481 Agripp.
1447 2430 1596 2470 1753«
1638 2431 1700 2470 40.
1736 2432 1791 2472 80
1812 2444 1880 2484 pp.

161 2508 325 2561 (Dieses
349 2505 771 2548 Thesenverzeiclmis
803 2504 934 2545 bildet
966 2504 1034 2545 fiir
1066 2503 1153 2545 sich
1186 2503 1307 2544 allein
1339 2504 1403 2544 ein
1427 2504 1727 2558 vollstandiges
1751 2511 1882 2559 syste-

160 2583 338 2625 matisch
371 2582 621 2634 geordnetes
655 2579 958 2634 Compendium
990 2579 1064 2620 der
1095 2578 1411 2632 dogmatischen
1447 2579 1703 2633 Theologie.)

298 2870 628 2913 Exercitationes
676 2869 868 2923 publicae
917 2868 958 2909 in
1002 2867 1139 2909 varias
1181 2867 1421 2920 disciplinas
1464 2867 1632 2910 habitae
1674 2869 1721 2910 In
1764 2868 1879 2910 Cele-

161 2946 341 2988 berrimo
374 2947 516 2988 Trium
551 2946 812 2987 Coronarum
845 2942 1072 2997 Gymnasio
1106 2941 1327 2985 Societatis
1360 2943 1463 2985 Jesu
1503 2956 1528 2984 a
1570 2943 1880 2985 convictoribus

160 3021 410 3064 Xaverianis
441 3022 559 3062 Anno
592 3019 849 3062 MDCCLIII
882 3018 958 3059 Die
991 3018 1028 3057 6.
1064 3018 1106 3058 et
1139 3018 1203 3058 18.
1229 3016 1504 3071 Septembris.

300 3096 514 3146 Coloniae„
558 3095 683 3149 Typis
715 3093 885 3136 Ioannis
919 3092 1101 3134 Conradi
1132 3092 1318 3143 Gussen,
1361 3092 1439 3134 sub
1478 3091 1706 3133 Semilunio
1748 3103 1878 3144 prope

162 3172 240 3213 ΡΡ.
274 3171 605 3213 Praedicatores.

231 3249 421 3275 Monumenta
442 3247 616 3274 Germaniae
639 3246 842 3278 Paedagogica
861 3243 940 3270 XVI.
1615 3236 1656 3268 10
