2164 3535
492 246 594 281 Neue
622 246 983 289 Studienvorschlage
1010 245 1072 279 der
1098 244 1295 279 deutschen
1322 244 1475 279 Provinz
1504 248 1601 280 1830.
1825 248 1907 288 413

798 483 1022 549 Regulae
1062 482 1302 530 Rectoris.

329 611 396 652 Ad
429 622 523 663 reg.
560 612 595 651 2.
659 610 789 651 Moris
831 613 896 651 est
933 609 1122 651 hodierni
1164 609 1340 663 ubique,
1380 611 1428 650 ut
1471 611 1597 663 puto,
1639 608 1820 662 recepti,
1862 610 1911 648 ut

190 698 309 728 nemo
351 685 403 726 ad
436 684 750 738 Philosophiam
791 684 1063 735 admittatur,
1104 684 1181 725 nisi
1222 684 1293 737 qui
1325 683 1658 725 mediocritatem
1695 682 1905 736 attigerit;

191 761 302 814 quod
346 759 512 802 omnino
556 759 823 800 retinendum
862 758 1050 810 videtur,
1094 772 1145 800 ne
1190 758 1350 801 facilior
1395 761 1541 811 pateat
1588 758 1641 800 ad
1688 758 1909 811 superiora

190 836 334 877 studia
369 846 562 876 accessus
595 833 902 876 confluentibus
936 833 1122 886 undique
1154 833 1366 876 studiosis.

329 910 398 951 Ad
430 922 527 962 reg.
565 910 629 951 13.
694 909 788 950 Duo
829 921 905 961 pro
949 908 1112 949 ratione
1151 909 1351 961 temporis
1394 908 1458 950 hic
1500 909 1687 950 notanda
1724 908 1910 950 veniunt.

194 987 244 1027 1‘?
279 985 433 1026 Utrum
468 983 605 1026 adhuc
637 996 661 1026 a
693 983 885 1034 studiosa
910 984 1135 1036 juventute
1165 983 1206 1023 in
1238 983 1394 1024 nostris
1428 983 1622 1036 Collegiis
1654 983 1911 1036 Tragoedias

192 1072 239 1100 ac
273 1059 520 1101 Comoedias
553 1059 863 1112 repraesentari
895 1058 1100 1112 expediat
1164 1057 1344 1099 Videtur
1375 1058 1559 1113 quidem,
1589 1058 1705 1099 illum
1739 1070 1911 1114 morem,

191 1134 261 1175 ubi
294 1147 374 1175 non
407 1135 541 1187 viget,
585 1135 753 1176 minime
784 1133 1138 1175 introducendum
1172 1146 1282 1186 esse,
1322 1133 1382 1174 ita
1413 1136 1575 1187 tamen,
1617 1136 1666 1174 ut
1696 1132 1798 1174 nihil
1839 1133 1913 1174 im-

192 1208 348 1262 pediat,
382 1210 605 1262 quominus
638 1209 879 1263 hujusmodi
912 1209 1011 1262 quid
1042 1210 1084 1250 in
1118 1209 1453 1250 extraordinario
1486 1208 1670 1261 quodam
1700 1221 1800 1251 casu
1823 1222 1915 1262 pcr-

193 1284 301 1325 mitti
335 1285 486 1337 possit:
519 1284 634 1337 haec,
667 1288 875 1337 quantum
908 1287 1086 1333 constat,
1121 1284 1354 1327 communis
1388 1286 1452 1325 est
1474 1283 1625 1336 opinio.
1679 1283 1915 1325 Observan-

193 1359 293 1399 dum
325 1363 465 1400 tamen
499 1363 575 1409 est,
608 1359 786 1401 eundem
818 1373 977 1402 morem
1009 1360 1050 1401 in
1084 1373 1164 1401 usu
1185 1360 1275 1413 jam
1298 1360 1482 1413 positum
1506 1359 1665 1412 passim
1686 1372 1768 1400 non
1790 1359 1914 1401 modo

193 1433 281 1474 sine
314 1433 529 1489 dedecore,
562 1447 707 1476 verum
740 1435 867 1476 etiam
901 1448 993 1477 cum
1026 1434 1168 1477 fructu
1196 1437 1238 1477 et
1259 1435 1444 1476 utilitate
1467 1434 1718 1476 multimoda
1740 1434 1913 1476 retineri

193 1520 335 1562 posse,
375 1512 417 1550 et
456 1511 543 1551 tam
586 1510 731 1562 procul
774 1509 920 1552 abesse
960 1510 1193 1564 periculum
1236 1510 1415 1565 abusus,
1456 1522 1583 1563 quam
1616 1509 1772 1565 abfuit,
1814 1509 1914 1551 dum

194 1583 302 1625 ratio
334 1584 570 1626 studiorum
603 1585 783 1637 primum
817 1585 1079 1627 conderetur.
1143 1587 1194 1627 29
1229 1585 1484 1638 Temporum
1517 1584 1670 1626 rationi
1702 1585 1914 1626 conforme

194 1671 275 1699 non
298 1658 478 1714 videtur,
510 1663 558 1701 ut
580 1660 838 1713 Tragoediae
869 1664 944 1702 aut
967 1660 1217 1703 Comoediae
1239 1661 1367 1702 latine
1390 1662 1696 1714 proponantur,
1729 1663 1914 1702 ceterum

198 1734 338 1775 decori
379 1734 493 1786 leges
532 1735 571 1775 in
612 1735 758 1788 regula
796 1736 983 1777 sancitae
1014 1736 1055 1777 in
1086 1736 1230 1789 lingua
1261 1736 1488 1777 vernacula
1518 1735 1648 1788 probe
1680 1738 1913 1777 serventur.

335 1809 402 1850 Ad
443 1822 540 1862 reg.
576 1812 640 1852 14.
704 1810 930 1853 Videretur
972 1811 1150 1852 delenda
1190 1811 1400 1864 particula
1443 1811 1617 1866 semel,
1664 1811 1698 1852 si
1745 1809 1915 1863 quidem

190 1896 290 1925 cum
313 1883 453 1925 fructu
476 1885 687 1927 uberrimo
714 1885 953 1927 studiorum
975 1885 1064 1928 fieri
1087 1886 1341 1939 quandoque
1364 1889 1508 1939 posset
1531 1885 1772 1927 distributio
1795 1897 1915 1939 prae-

196 1959 376 2000 miorum
399 1959 536 2001 minus
559 1960 757 2002 solemnis
781 1961 891 2003 circa
919 1961 1102 2003 medium
1133 1974 1289 2003 annum
1320 1961 1631 2003 scholasticum.
1672 1961 1721 2002 V.
1755 1972 1841 2013 reg.
1861 1961 1914 2001 35

198 2045 343 2075 comm.
376 2034 488 2075 Prof.
523 2034 629 2076 Clas.
663 2035 733 2077 inf.

334 2108 404 2149 Ad
437 2122 537 2162 reg.
566 2111 629 2151 19.
692 2109 801 2151 Sunt
823 2110 1022 2165 Collegia,
1054 2111 1096 2152 in
1126 2111 1278 2164 quibus
1302 2114 1480 2153 vacatur
1501 2125 1577 2165 per
1597 2114 1735 2153 totum
1759 2123 1915 2152 annum

199 2183 325 2224 etiam
357 2184 398 2224 in
430 2184 582 2226 scholis
614 2185 881 2227 inferioribus
914 2185 1144 2239 sesquidie;
1184 2186 1258 2228 sed
1291 2199 1385 2228 cum
1417 2187 1458 2228 in
1491 2187 1540 2229 iis
1573 2186 1816 2240 regionibus
1850 2186 1917 2227 vix

198 2257 437 2299 habeantur
475 2259 584 2300 festa
624 2260 734 2302 inter
764 2260 1092 2312 hebdomadam,
1136 2265 1178 2302 et
1209 2274 1318 2314 quae
1351 2262 1488 2303 adhuc
1520 2261 1731 2304 habentur
1762 2273 1917 2313 magna

200 2346 248 2374 ex
286 2337 407 2386 parte
451 2334 645 2376 dicantur
682 2335 1003 2389 supprimenda,
1045 2335 1214 2377 videtur
1245 2337 1466 2378 retinenda
1497 2337 1779 2391 consuetudo,
1822 2349 1917 2379 cum

200 2408 288 2450 dies
322 2409 587 2450 vacationum
620 2410 686 2451 vix
718 2411 990 2461 accreverint,
1022 2411 1223 2463 utrinque
1256 2412 1538 2466 compensatis
1571 2411 1848 2454 detrimentis.

638 2743 861 2812 Regulae
904 2746 1147 2796 Praefecti
1186 2746 1481 2797 studiorum.

337 2870 408 2912 Ad
440 2884 535 2924 reg.
570 2873 608 2913 4.
672 2872 792 2915 Circa
830 2887 861 2916 s.
896 2874 1097 2916 Thomam
1136 2875 1246 2917 idem
1286 2875 1595 2917 observandum
1628 2873 1740 2928 quod
1772 2886 1913 2927 supra.

337 2946 408 2987 Ad
440 2960 538 3000 reg.
564 2948 627 3003 13.
692 2948 870 2990 Videtur
902 2950 1135 2992 omittenda
1166 2963 1243 2991 vox
1276 2950 1437 3003 ambo,
1471 2962 1600 3003 quum
1622 2949 1764 3002 plures
1789 2960 1916 3000 quam

200 3019 282 3061 duo
314 3021 472 3073 passim
503 3021 741 3064 habeantur
772 3024 1049 3066 Professores.

336 3095 407 3136 Ad
439 3108 535 3149 reg.
562 3100 626 3139 19.
690 3098 869 3140 Videtur
899 3099 1162 3142 immutanda
1194 3100 1340 3153 regula
1371 3100 1411 3141 in
1445 3112 1506 3152 eo,
1539 3099 1651 3152 quod
1674 3101 1839 3152 spectat
1863 3097 1917 3138 ad

199 3169 457 3225 Triennium,
484 3172 608 3224 Juxta
640 3172 828 3225 regulam
864 3176 914 3214 17
948 3174 1136 3216 Provinc.
