2164 3535
482 235 691 270 Beibericht
717 236 780 270 der
806 233 1232 270 Studien-Kommissare
1257 244 1322 267 zur
1346 232 1388 267 R.
1415 237 1458 267 st.
1484 243 1552 267 von
1582 235 1679 268 1832.
1863 237 1945 277 477

231 377 344 430 quod
386 376 652 429 quarundam
695 376 882 429 gentium
925 388 1048 417 aures
1091 374 1301 416 offendere
1343 376 1505 427 posset3
1548 373 1709 426 petitur
1740 373 1859 426 dein,
1902 378 1949 416 ut

230 453 366 505 prima
398 464 517 506 pars,
559 464 668 504 quae
700 455 765 493 est
797 451 963 492 infimae
996 450 1309 492 Grammaticae
1339 448 1534 502 propria,
1567 448 1608 489 in
1640 447 1826 500 linguam
1858 461 1948 490 ver-

227 527 422 569 naculam
443 529 651 580 vertatur,
683 526 796 579 quod
819 530 1005 568 ceterum
1031 527 1120 579 J'am
1148 525 1275 567 habet
1308 525 1493 566 omnium
1515 525 1602 566 fere
1634 524 1947 576 provinciarum

227 615 342 644 usus.
419 601 606 643 Tandem
655 601 943 643 Grammatica
992 602 1082 655 ipse
1132 600 1375 652 recognosci
1426 600 1618 655 deberet,
1670 602 1770 641 sunt
1824 599 1946 654 enim,

227 677 419 719 omnibus
452 676 704 731 fatentibus,
747 676 937 730 exempla
970 675 1179 729 quaedam
1211 675 1379 726 mutila,
1412 674 1583 727 regulae
1615 674 1783 726 aliquae
1816 673 1948 714 minu-

226 753 368 794 tiores.
432 754 501 807 §2
536 752 624 804 agit
656 751 707 793 de
738 752 881 804 lingua
919 751 1164 793 vernacula:
1215 754 1266 793 19
1300 751 1470 801 Quanta
1501 763 1604 792 cura
1634 748 1861 790 fovendum
1893 748 1948 789 sit

225 828 413 870 studium
435 827 560 881 hujus
592 827 775 881 linguae,
806 828 926 880 patet
957 826 1092 881 exiis,
1124 838 1233 878 quae
1262 825 1382 867 nobis
1415 825 1672 878 exprobrant
1704 836 1786 865 non
1809 823 1946 865 solum

223 903 393 958 inimici,
425 902 500 944 sed
531 905 573 943 et
603 902 725 943 amici
747 899 983 951 Societatis,
1015 900 1185 953 prodire
1218 900 1377 942 scilicet
1408 912 1430 941 e
1462 899 1615 941 scholis
1647 898 1803 941 nostris
1828 899 1947 952 juve-

223 990 296 1019 nes
318 977 486 1030 probos,
519 977 775 1018 latinitatem
797 977 915 1031 satis,
948 977 1134 1030 edoctos,
1167 975 1240 1017 sed
1265 975 1391 1016 rudes
1424 974 1545 1016 valde
1577 975 1746 1026 linguae
1768 974 1943 1027 patriae.

224 1054 275 1094 29
309 1053 400 1095 Nisi
431 1065 533 1094 cura
564 1065 730 1094 summa
761 1051 969 1094 habeatur
1000 1052 1169 1103 linguae
1202 1050 1467 1103 vernaculae,
1496 1050 1673 1102 juvenes
1708 1050 1829 1090 multi
1862 1063 1943 1091 non

223 1128 423 1170 accedent
454 1128 507 1170 ad
545 1131 713 1169 nostras
757 1127 943 1183 scholas,
985 1131 1079 1178 aut,
1123 1130 1349 1180 postquam
1392 1125 1668 1179 accesserint,
1709 1124 1943 1166 discedent:

222 1203 334 1256 quod
377 1206 489 1245 certe
531 1203 698 1245 omnino
739 1203 997 1245 contrarium
1031 1205 1096 1244 est
1132 1214 1258 1255 scopo
1292 1214 1316 1243 a
1349 1201 1561 1243 Societate
1604 1200 1788 1254 intento,
1832 1199 1945 1241 hisce

220 1279 446 1332 praecipue
479 1279 754 1334 temporibus,
786 1278 827 1319 in
860 1278 1012 1331 quibus
1046 1282 1134 1319 tam
1166 1290 1289 1319 rarae
1321 1280 1421 1318 sunt
1452 1275 1634 1329 scholae,
1666 1288 1776 1328 quae
1808 1275 1941 1317 scien-

220 1354 322 1396 tiam
345 1354 470 1396 simul
502 1367 597 1396 cum
629 1367 729 1396 vera
759 1355 918 1408 pietate
950 1367 997 1395 ac
1030 1354 1188 1395 virtute
1218 1353 1446 1394 insinuant.
1500 1351 1570 1405 §3
1605 1353 1768 1392 tractat
1800 1350 1851 1391 de
1880 1350 1943 1402 iis,

221 1442 329 1482 quae
351 1430 577 1472 facultates
611 1429 869 1472 accessoriae
902 1432 1108 1471 vocantur
1130 1441 1155 1470 a
1185 1427 1318 1469 nobis.
1372 1427 1626 1479 Temporum
1659 1426 1766 1467 ratio
1798 1429 1945 1480 postu-

220 1505 304 1557 lat,
336 1509 385 1546 ut
416 1505 575 1558 aliquid
607 1517 657 1546 ex
688 1505 891 1560 Historia,
925 1503 1195 1557 Geographia
1226 1506 1268 1544 et
1299 1502 1479 1543 Mathesi
1511 1501 1572 1542 ita
1603 1501 1849 1556 explicetur,
1882 1505 1942 1557 ut,

221 1581 256 1622 si
287 1581 397 1622 forte
443 1580 686 1622 studiorum
719 1593 888 1622 cursum
930 1579 1190 1632 abrumpunt
1231 1577 1444 1631 discipuli,
1487 1580 1652 1630 tenipus
1695 1589 1819 1618 suum
1860 1589 1942 1617 non

219 1655 426 1698 inutiliter
456 1655 751 1711 impenderint,
784 1655 858 1697 sed
881 1668 902 1697 e
934 1654 1086 1697 scholis
1109 1655 1328 1707 reportent
1360 1651 1567 1706 quasdam
1589 1651 1796 1707 notiones,
1830 1664 1940 1705 quae

220 1731 275 1772 ad
316 1743 580 1773 communem
613 1731 723 1773 vitae
766 1730 896 1772 civilis
935 1742 1058 1772 usum
1102 1728 1261 1782 aliquid
1304 1727 1502 1769 utilitatis
1543 1727 1774 1769 conferant.
1836 1727 1940 1768 Dein

220 1818 272 1848 ne
303 1806 341 1847 in
376 1806 466 1848 sola
497 1806 641 1859 lingua
672 1806 805 1848 latina
836 1805 1080 1847 sexennium
1112 1803 1395 1846 consumsisse
1426 1802 1663 1844 videantur.

357 1899 406 1940 N.
431 1896 505 1943 26.
558 1899 798 1953 Quaeritur,
832 1903 974 1940 utrum
996 1910 1078 1939 non
1101 1896 1258 1950 gradus
1289 1895 1566 1938 intermedius
1589 1895 1939 1937 scholasticorum

218 1977 520 2027 perpetuorum
542 1975 757 2027 innuatur,
780 1975 851 2028 qui
870 1977 1025 2028 tamen,
1047 1976 1145 2027 post
1166 1972 1447 2015 conditionem
1470 1975 1699 2024 acceptam,
1721 1974 1941 2024 possunt

218 2049 487 2091 nihilominus
522 2050 682 2103 aliquid
715 2063 761 2092 ex
796 2049 1008 2102 theologia
1039 2048 1189 2090 morali
1222 2047 1453 2101 addiscere,
1484 2047 1567 2088 imo
1599 2050 1778 2100 possunt
1804 2058 1941 2088 sacer-

218 2124 338 2166 dotes
370 2123 489 2167 fieri?

354 2216 404 2258 N.
428 2218 495 2260 27.
554 2217 736 2258 Mutatio
768 2219 942 2270 propter
974 2217 1158 2258 rationes
1192 2229 1229 2258 n.
1258 2218 1309 2258 10
1340 2216 1559 2257 indicatas.

355 2309 405 2351 N.
430 2311 500 2354 28.
561 2310 631 2351 Ad
664 2323 760 2363 reg.
786 2312 837 2352 27
872 2314 920 2352 et
953 2312 1018 2352 28.
1065 2335 1113 2340 ——
1163 2313 1210 2352 19
1243 2310 1503 2351 Immutatur
1534 2308 1656 2363 ordo,
1697 2311 1744 2349 ut
1775 2320 1859 2360 reg.
1884 2308 1936 2348 28

217 2389 507 2438 praeponatur
538 2398 623 2438 reg.
650 2387 715 2427 27.
769 2387 816 2427 In
850 2399 934 2438 reg.
970 2387 1081 2427 enim
1111 2387 1163 2427 26
1196 2385 1514 2439 praescribitur,
1548 2396 1690 2425 omnes
1723 2382 1935 2424 ordinario

220 2459 370 2501 docere
393 2460 563 2516 debere,
595 2461 669 2503 sed
692 2462 892 2514 quinam?
925 2461 1084 2503 scilicet
1114 2461 1187 2514 qui
1208 2459 1521 2512 Philosophiam
1551 2459 1790 2513 audierunt,
1823 2457 1937 2511 quod

215 2534 316 2576 dicit
348 2548 433 2589 reg.
458 2537 524 2578 28.
588 2537 714 2578 Venit
745 2537 839 2578 dein
872 2549 956 2589 reg.
982 2538 1033 2577 27
1047 2569 1057 2591 ,
1090 2548 1199 2589 quae
1230 2536 1382 2577 statuit
1413 2534 1698 2588 exceptionem
1730 2546 1807 2586 pro
1839 2533 1935 2587 illis,

216 2609 287 2662 qui
319 2610 413 2663 plus
449 2611 600 2653 ceteris
631 2611 863 2665 profecturi
896 2611 1103 2653 videntur.
1167 2614 1217 2653 29
1251 2610 1433 2652 Additur
1474 2609 1680 2651 »statim
1713 2608 1935 2663 applicet«,

215 2688 263 2726 ut
295 2685 453 2726 vitetur
485 2686 736 2741 obscuritas,
769 2700 864 2728 curn
894 2687 978 2728 ΡΡ.
1013 2687 1218 2740 Deputati
1250 2686 1480 2739 Hispaniae
1513 2688 1555 2726 et
1586 2684 1734 2726 Italiae
1767 2686 1934 2737 putent,

214 2760 392 2813 intelligi
424 2773 546 2814 posse
580 2762 631 2803 de
664 2762 999 2804 diuturnioribus
1032 2762 1203 2815 studiis,
1247 2774 1330 2802 non
1361 2773 1460 2803 vero
1493 2760 1614 2814 quasi
1648 2759 1770 2801 citius
1803 2759 1934 2812 appli-

215 2835 302 2876 cari
333 2835 548 2877 deberent.

350 2928 400 2969 N.
425 2930 499 2972 29.
561 2929 632 2970 Ad
673 2941 770 2982 reg.
797 2930 862 2970 33.
925 2929 1163 2970 Additionis
1206 2928 1314 2970 ratio
1356 2931 1491 2982 patet:
1531 2929 1565 2970 si
1608 2928 1717 2969 enim
1755 2926 1933 2980 Physica

216 3002 326 3043 tradi
367 3002 512 3058 debet,
560 3003 715 3046 debent
757 3003 904 3045 adesse
946 3004 1247 3055 instrumenta,
1295 3016 1404 3056 quae
1445 3003 1682 3045 necessaria
1724 3006 1842 3056 sunt,
1885 3005 1932 3043 ut

214 3088 308 3117 cum
330 3077 470 3129 aliqua
503 3078 708 3131 (lignitate
740 3078 949 3120 tradatur.
1004 3078 1162 3119 Mentio
1195 3078 1386 3131 specialis
1417 3077 1465 3119 fit
1496 3078 1547 3120 de
1580 3076 1932 3130 Ephemeridi-

214 3150 303 3193 bus
345 3151 641 3209 litterariis,
689 3166 869 3207 quarum
909 3153 1071 3195 utilitas
1103 3157 1347 3208 perspecta,
1387 3153 1499 3206 quod
1533 3153 1654 3194 citius
1697 3151 1928 3207 sciendum,
