2164 3535
495 216 552 249 An
577 215 634 249 die
662 214 977 249 Provinzialobern
1004 215 1092 250 iiber
1117 215 1174 250 die
1200 216 1252 258 3j.
1279 215 1414 252 Philos.
1446 219 1544 251 1858.
1804 222 1885 261 579

305 352 527 410 Superest,
570 358 619 396 ut
658 355 816 409 aliquid
857 356 1010 398 addam
1054 356 1104 398 de
1145 355 1413 409 difficultate,
1456 370 1583 410 quam
1619 358 1812 411 Magistri
1844 359 1885 401 in

166 428 390 470 tractanda
422 429 601 470 materia
633 442 656 471 a
687 430 807 472 nobis
840 431 1104 484 praescripta
1134 431 1324 473 invenire
1355 435 1547 485 possunt.

305 503 424 545 816111
465 504 574 545 6111111
616 505 839 561 nonnulla,
886 519 994 559 quae
1036 507 1133 548 olim
1175 507 1216 548 in
1260 507 1525 561 philosophia
1571 508 1886 563 tractabantur,

166 579 288 620 hodie
321 579 385 620 vel
426 579 609 620 breviter
649 580 809 621 absolvi
842 580 906 621 vel
939 581 1066 622 etiam
1098 581 1235 622 omitti
1277 585 1476 637 possunt,
1519 582 1579 624 ita
1610 595 1693 624 non
1735 595 1885 638 pauca,

165 666 273 706 quae
316 656 462 695 nostra
505 657 645 696 aetate
677 655 741 696 vel
783 656 1005 707 praeteriri
1046 656 1214 697 omnino
1248 657 1311 698 vel
1354 657 1490 699 obiter
1521 661 1689 700 tantum
1735 658 1887 711 attingi

164 728 321 783 solent,
368 742 414 770 ex
458 734 629 770 nostrae
670 729 957 771 Ordinationis
1004 731 1266 784 praescripto
1314 732 1442 773 latius
1489 732 1700 774 tradenda
1746 737 1883 775 erunt.

164 803 310 857 Neque
333 804 442 845 enim
474 815 556 845 non
589 803 729 856 potuit
760 804 862 845 haec
885 817 1001 846 mens
1035 817 1127 847 esse
1151 805 1516 862 Congregationis,
1550 820 1646 849 cum
1679 808 1886 850 triennale

163 878 452 931 philosophiae
475 878 663 919 studium
696 878 863 920 restitui
887 883 929 920 et
959 880 1181 921 materiam
1204 894 1279 933 per
1310 881 1414 922 illud
1437 882 1491 923 ad
1515 895 1706 925 normam
1730 884 1884 926 veteris

162 953 338 995 rationis
371 953 611 995 studiorum
643 953 839 995 distribui
871 954 1009 996 vellet,

300 1028 358 1070 Ac
390 1032 517 1082 certe,
550 1028 585 1069 si
616 1028 905 1082 philosophica
937 1029 1148 1072 institutio
1182 1031 1427 1087 quaeritur,
1473 1045 1582 1086 quae
1615 1046 1779 1076 errores
1812 1035 1888 1076 110-

162 1103 329 1145 diernos
362 1103 615 1156 multiplices
649 1103 853 1146 radicitus
886 1105 1058 1160 evellat,
1092 1108 1135 1147 et
1167 1106 1276 1147 viam
1310 1107 1363 1147 ad
1396 1107 1694 1151 scholasticam
1726 1110 1886 1152 theolo-

162 1179 272 1230 giam
315 1179 570 1232 complanet&
614 1180 800 1221 contenti
833 1193 924 1222 esse
957 1193 1038 1222 non
1080 1193 1305 1234 possumus
1338 1183 1410 1237 1iS,
1454 1196 1562 1236 quae
1594 1185 1635 1226 in
1668 1185 1883 1239 plerisque

160 1253 278 1295 libris
325 1259 472 1296 nostra
511 1258 653 1297 aetate
691 1256 730 1296 in
781 1256 1021 1298 scholarum
1064 1269 1189 1298 usum
1236 1257 1359 1299 editis
1407 1259 1690 1312 reperiuntur.
1765 1260 1885 1311 Quod

162 1331 304 1370 autem
336 1329 415 1370 hae
448 1329 498 1372 de
532 1342 660 1371 causa
690 1331 729 1371 in
765 1331 1041 1374 Ordinatione
1074 1333 1355 1389 praecipitur,
1399 1337 1446 1375 ut
1478 1335 1637 1377 scilicet
1670 1336 1885 1391 Lectores,

161 1404 341 1456 quaein
374 1404 501 1457 libro,
545 1418 628 1458 quo
660 1405 788 1462 forte,
831 1410 1032 1464 utuntur,
1076 1409 1306 1460 defuerint,
1350 1409 1547 1451 dictando
1580 1410 1800 1468 adjiciant,
1843 1412 1884 1453 id

160 1479 354 1532 equidem
387 1492 534 1521 vereor
565 1493 616 1522 ne
638 1494 720 1522 non
753 1482 907 1523 nemini
940 1483 1168 1524 admodum
1192 1483 1358 1526 difficile
1391 1484 1598 1527 videatur.
1649 1486 1706 1528 Et
1737 1499 1885 1540 quam-

160 1555 220 1596 vis
263 1555 593 1597 desiderandum
626 1557 701 1607 sit,
746 1561 792 1598 ut
833 1558 988 1610 singuli
1020 1559 1215 1611 Magistri
1257 1559 1475 1602 doctrinae
1515 1561 1676 1615 copiam
1719 1562 1883 1605 adhoc

160 1630 440 1672 necessariam
473 1644 521 1672 ex
554 1632 655 1684 ipsis
688 1632 875 1674 fontibus
908 1633 1129 1689 hauriant,
1171 1634 1362 1688 adeoque
1395 1635 1446 1677 de
1478 1635 1720 1690 hujusmodi
1752 1642 1884 1680 mate-

160 1706 251 1760 riis,
294 1718 399 1758 quas
434 1707 689 1748 recentiores
733 1708 928 1749 omittere
969 1709 1033 1750 vel
1074 1710 1211 1751 minus
1258 1722 1408 1751 curare
1440 1711 1597 1767 solent,
1639 1716 1809 1765 praeter
1841 1713 1880 1755 S.

158 1780 341 1822 'l'homae
383 1793 512 1833 opera
551 1782 797 1823 nominatim
832 1783 1019 1825 Suaresii
1053 1784 1450 1841 Metaphysicam¹),
1494 1787 1668 1840 Toleti2)
1701 1792 1744 1830 et
1775 1789 1882 1830 Fon-

296 1922 321 1963 1)
350 1920 389 1954 R,
417 1919 455 1954 P.
483 1919 717 1954 Francisci
751 1920 914 1954 Suarez
948 1932 965 1955 e
993 1922 1026 1955 8.
1053 1922 1087 1955 J.
1134 1922 1470 1967 Metaphysiearum
1503 1923 1812 1971 disputationum,
1846 1929 1882 1961 in

158 1979 288 2022 quibus
314 1985 350 2013 et
377 1978 543 2012 universa
569 1978 746 2012 naturalis
773 1978 956 2023 theologia
983 1979 1146 2014 ordinate
1175 1980 1341 2026 traditur,
1369 1987 1402 2017 et
1431 1983 1662 2026 quaestiones
1689 1995 1810 2019 omnes
1837 1985 1882 2019 ad

158 2036 348 2071 duodecim
379 2035 588 2070 Aristotelis
616 2035 725 2069 libros
759 2037 983 2080 pertinentes
1015 2043 1183 2072 accurate
1217 2038 1460 2082 disputantur.
1511 2041 1644 2077 Tomus
1671 2043 1787 2088 prior,
1821 2054 1882 2088 po-

157 2094 287 2129 sterior
313 2097 359 2138 (p.
387 2097 453 2129 698
487 2100 522 2127 et
547 2095 627 2137 7:28)
649 2121 681 2127 ..
716 2093 969 2139 Salmanticae,
999 2098 1097 2140 1597,
1124 2096 1183 2131 fol.
1218 2118 1260 2122 —
1293 2097 1343 2132 Id.
1371 2099 1424 2133 tit.
1452 2099 1553 2134 Tomi
1580 2100 1649 2135 duo
1670 2130 1675 2135 .
1697 2129 1704 2135 .
1730 2102 1767 2136 in
1793 2102 1880 2137 Ger-

156 2153 277 2187 mania
302 2163 397 2187 nunc
425 2152 579 2196 primum
606 2152 739 2186 excusi.
790 2152 1012 2197 Moguntiae,
1042 2157 1145 2199 1606,
1177 2166 1210 2198 p.
1238 2158 1304 2190 602
1333 2161 1367 2190 61
1394 2159 1457 2191 661
1486 2157 1546 2193 fol.
1574 2178 1616 2183 -
1643 2159 1752 2204 Idem,
1779 2160 1881 2194 Pari-

157 2212 231 2255 siis,
257 2210 395 2244 MDCV
420 2210 479 2244 fol.
517 2230 559 2234 —
595 2209 742 2243 Genuae
772 2213 870 2245 1608.
913 2232 953 2235 —
987 2211 1150 2246 Venetiis
1179 2215 1276 2247 1610.
1319 2234 1360 2238 —
1401 2214 1628 2258 Moguntiae.
1656 2227 1731 2251 exc.
1758 2217 1879 2252 Balth.

155 2268 322 2313 Lippius,
351 2267 553 2312 sumptibus
582 2269 624 2300 A.
651 2266 765 2311 Mylii‚
796 2270 893 2312 1614,
921 2267 979 2301 fol.
1016 2290 1059 2293 —
1097 2269 1278 2314 Coloniae,
1308 2273 1407 2315 1620,
1434 2271 1493 2306 fol.
1534 2293 1577 2298 —-
1616 2275 1656 2308 In
1684 2275 1880 2310 Germania

156 2338 251 2362 1111116
268 2327 375 2362 tertio
394 2326 529 2370 excusi,
554 2325 663 2369 Mog,
685 2328 781 2368 1630.
801 2325 860 2359 fol.
880 2346 922 2350 —-
943 2326 1109 2361 Genevae
1132 2330 1230 2372 1636,
1257 2328 1316 2362 fol.
1344 2350 1386 2354 -
1415 2329 1786 2376 Gesanimtausgaben
1808 2334 1878 2368 sei-

156 2397 220 2420 ner
246 2386 381 2420 Werke
411 2384 582 2426 Venetiis,
612 2383 708 2428 apud
735 2384 874 2418 Sebast.
902 2385 1027 2429 Coleti,
1059 2387 1248 2431 1740—-51,
1276 2386 1347 2430 fol,
1375 2390 1418 2422 23
1443 2388 1510 2422 vol.
1560 2388 1674 2424 Paris.
1699 2394 1796 2436 1859,
1823 2394 1878 2436 40,

155 2448 199 2480 28
218 2445 284 2479 vol.
330 2465 368 2468 -—
414 2443 556 2476 Franz
593 2442 775 2486 Suarez,
809 2453 874 2476 aus
907 2442 1068 2486 adeliger
1103 2443 1255 2477 Familie
1288 2455 1333 2478 zu
1366 2444 1536 2480 Granada
1561 2451 1592 2482 5.
1619 2447 1762 2483 Januar
1790 2452 1878 2484 1548

157 2503 323 2547 geboren,
359 2502 395 2536 in
429 2501 493 2535 das
526 2500 694 2534 Noviziat
725 2511 768 2534 zu
797 2500 1009 2534 Salamanca
1047 2504 1097 2535 16.
1124 2500 1213 2535 Juni
1242 2504 1330 2537 1564
1356 2508 1537 2549 getreten,
1576 2506 1691 2550 zeigte
1726 2506 1878 2552 anfangs

157 2561 272 2604 wenig
300 2560 430 2594 Talent
463 2559 520 2592 fur
547 2557 604 2591 die
638 2558 889 2602 spekulativen
918 2559 1249 2604 Wissenschaften‚
1283 2560 1339 2595 die
1374 2572 1412 2595 er
1444 2562 1604 2597 nachher
1634 2576 1678 2599 zu
1714 2566 1877 2611 Segovia,

156 2617 375 2662 Valladolid,
401 2616 504 2660 Rom,
531 2616 671 2661 Alcala,
700 2616 914 2651 Salamanca
940 2617 1012 2650 und
1040 2617 1207 2652 Coimbra
1234 2623 1400 2664 vortrug,
1434 2630 1471 2654 so
1506 2620 1585 2655 dass
1620 2633 1658 2656 er
1689 2623 1747 2657 fur
1772 2623 1878 2658 einen

155 2677 219 2711 der
245 2675 533 2718 vorzuglichsten
561 2679 666 2709 unter
691 2675 759 2710 den
787 2676 1039 2719 spekulativen
1058 2677 1265 2721 Theologeu
1293 2679 1374 2723 gilt,
1401 2681 1424 2723 †
1450 2691 1493 2714 zu
1510 2679 1687 2714 Lissabon
1713 2683 1768 2716 25.
1789 2681 1877 2725 Sep—

154 2734 292 2769 tember
320 2734 418 2768 1617.
465 2734 584 2778 Vergl.
604 2735 772 2769 Werner:
799 2735 917 2769 Franz
946 2736 1090 2780 SuareZ,
1118 2736 1357 2782 Regensburg
1377 2741 1475 2783 1861,
1501 2743 1522 2774 2
1541 2740 1607 2774 vol.

293 2804 321 2848 2)
347 2804 631 2838 Introductio
665 2804 708 2838 in
742 2804 1040 2839 Dialecticam
1074 2806 1345 2842 Aristotelis
1383 2819 1447 2852 per
1485 2808 1700 2851 Magistrum
1741 2809 1876 2843 Fran-

154 2863 322 2897 ciscum
349 2862 551 2897 Toletum
579 2862 809 2896 Sacerdotem
837 2863 870 2897 S.
888 2863 933 2907 J„
962 2873 1003 2897 ac
1020 2864 1281 2909 Philosophiae
1308 2865 1345 2899 in
1364 2866 1525 2900 Romano
1553 2865 1597 2909 ej.
1618 2866 1694 2900 806.
1715 2866 1875 2910 Collegio

154 2920 409 2955 Professorem.
459 2921 606 2961 Romae.
639 2924 733 2965 1561,
759 2924 816 2961 80,
849 2924 910 2956 108
923 2922 956 2955 ff.
986 2944 1025 2945 j
1055 2923 1105 2957 Ib.
1137 2926 1234 2958 1565.
1270 2945 1312 2948 —
1345 2924 1480 2958 Romae
1510 2927 1606 2959 1569.
1642 2944 1685 2949 -
1712 2924 1875 2959 Venetiis

158 2980 244 3014 1578
285 3000 320 3003 —
351 2979 520 3014 Coloniae
551 2982 637 3014 1615
663 2984 730 3014 cet.
758 2986 824 3014 cet.
853 3001 893 3004 ᾖ
923 3002 962 3004 ἡ
1003 2980 1059 3023 Ej.
1088 2981 1354 3016 Commentaria
1386 2992 1458 3015 una
1493 2992 1572 3016 cum
1599 2982 1875 3025 quaestionibus

155 3037 191 3070 in
223 3043 302 3071 octo
335 3037 444 3071 libros
477 3038 520 3073 (16
553 3037 703 3082 physica
735 3038 1028 3082 Auscultatione,
1062 3038 1224 3073 Venetiis
1253 3040 1357 3084 1573,
1388 3042 1491 3083 1580,
1516 3041 1572 3074 40.
1617 3061 1656 3063 ἡ
1702 3039 1873 3074 Coloniae

155 3096 241 3138 Agr.
271 3096 368 3140 1574,
393 3096 451 3130 40.
480 3117 518 3120 -
547 3117 590 3122 ——
617 3098 812 3132 Comment.
841 3107 912 3131 una
938 3108 1017 3131 cum
1044 3098 1318 3141 quaestionibus
1353 3097 1388 3131 in
1415 3103 1493 3131 octo
1520 3098 1629 3132 libros
1656 3098 1699 3131 de
1726 3099 1876 3143 physica

158 3153 265 3187 Ausc.
308 3153 398 3187 Item
424 3155 460 3187 in
488 3154 598 3189 libros
625 3156 668 3189 de
695 3156 926 3199 generatione
954 3162 988 3189 et
1016 3156 1256 3200 corruptione.
1296 3156 1447 3191 Parisiis
1470 3159 1568 3201 1681,
1592 3160 1647 3199 40,
1674 3157 1708 3191 ff.
1727 3161 1804 3193 307.
1832 3178 1875 3183 —-

1533 3216 1599 3250 37³¹*
