2164 3535
247 215 330 257 374
731 211 947 246 Pensionats
956 231 968 235 -
978 209 1191 253 Padagogik
1217 220 1276 243 um
1305 211 1497 245 1820—30.

247 354 369 409 tatis,
418 354 529 395 ultra
580 353 879 396 auctoritatem
926 351 1006 394 sibi
1047 351 1300 393 attributam
1340 354 1495 407 tentet,
1545 350 1619 393 sed
1660 351 1767 393 citra
1812 350 1978 393 debitos

247 430 402 472 limites
434 442 560 484 parce
592 430 635 471 et
668 428 860 470 modeste
892 440 971 469 sua
1003 426 1260 469 auctoritate
1292 429 1450 468 utatur.

388 513 425 552 4.
474 510 714 552 Praefectos
745 509 943 551 instruat.
978 533 1031 537 ——
1066 508 1184 558 Quae
1216 520 1292 562 per
1313 506 1556 550 Praefectos
1578 511 1800 562 praestare
1823 510 1979 562 potest,

249 600 325 641 per
356 586 448 628 illos
480 585 623 639 potius
654 584 797 627 faciat.
841 609 890 614 —
935 583 977 626 si
1010 583 1104 637 quis
1136 583 1382 625 Praefectus
1416 584 1637 638 erraverit,
1670 596 1857 625 errorem
1889 583 1981 636 ejus

251 675 393 704 coram
426 661 606 703 alumnis
638 663 783 713 tegere
814 663 991 702 conetur
1013 658 1267 714 efficiatque,
1300 662 1349 701 ut
1369 659 1629 715 Praefectus,
1662 662 1870 712 quantum
1891 657 1983 700 fieri

252 740 413 791 potest,
447 749 632 778 errorem
664 749 741 790 per
772 748 817 778 se
848 736 988 789 ipsum
1020 734 1218 788 corrigat.
1283 734 1529 777 Generatim
1565 734 1799 776 curandum
1832 733 1870 775 ei
1903 736 1982 789 est,

252 817 300 855 ut
314 812 522 855 Praefecti
546 811 845 854 auctoritatem
867 823 988 853 suam
1011 813 1275 862 conservent,
1293 810 1641 853 subalternorum
1666 810 1777 852 enim
1801 809 1982 852 auctori-

252 892 318 931 tas
350 888 557 930 Praefecti
588 887 797 941 generalis
831 886 1064 929 auctoritas
1097 889 1163 928 est

392 965 428 1005 5.
478 963 655 1014 Quando
686 963 813 1016 plura
845 962 1123 1004 contubernia
1154 962 1279 1004 simul
1311 962 1585 1016 conveniunt,
1617 962 1732 1017 ipse,
1774 965 1983 1015 quantum

254 1041 346 1084 fieri
377 1043 539 1096 potest,
581 1039 756 1081 assistat
787 1041 829 1080 et
861 1038 998 1080 ordini
1031 1038 1215 1091 generali
1247 1038 1458 1093 invigilet,
1501 1041 1576 1080 aut
1606 1037 1758 1080 saltem
1800 1036 1983 1091 aliquem

254 1118 319 1161 sui
351 1117 441 1159 loco
475 1115 718 1165 constituat,
753 1128 789 1155 v.
825 1127 884 1167 gr.
920 1113 1265 1156 Subministrum.

393 1200 430 1239 6.
480 1197 646 1239 Literas
679 1195 916 1238 ordinarias
949 1198 992 1237 et
1024 1195 1309 1249 quotidianas,
1342 1208 1449 1249 quas
1482 1195 1640 1237 alumni
1673 1194 1887 1248 accipiunt
1917 1194 1986 1237 vel

255 1273 465 1329 scribunt,
498 1271 689 1315 revideat
720 1274 781 1327 et,
814 1271 849 1313 si
881 1270 982 1324 quid
1015 1271 1185 1313 Rectori
1217 1271 1490 1313 indicandum
1523 1271 1625 1326 erit,
1657 1270 1831 1319 indicet;
1867 1274 1988 1312 curet

257 1352 414 1404 autem,
444 1351 492 1390 ut
524 1347 684 1389 alumni
716 1347 821 1389 bene
854 1348 895 1388 et
917 1346 1130 1398 concinne,
1159 1347 1283 1399 juxta
1305 1347 1490 1401 cujusvis
1514 1346 1806 1401 capacitatem,
1837 1345 1985 1388 literas

257 1425 457 1467 scribant.
507 1423 625 1474 Quae
657 1422 941 1476 negligentius
965 1422 1149 1476 scriptae
1171 1425 1285 1475 sunt,
1318 1422 1430 1464 refici
1447 1422 1611 1476 J'ubeat.
1659 1421 1822 1465 Deinde
1843 1421 1989 1464 tradat

256 1501 401 1543 literas
432 1499 614 1542 Rectori.

398 1578 435 1617 7.
482 1575 684 1617 Rationes
716 1586 1019 1628 expensarum,
1053 1585 1158 1627 quas
1192 1573 1350 1615 alumni
1381 1573 1554 1622 faciunt,
1588 1574 1814 1626 diligenter
1847 1572 1989 1615 obser-

260 1651 350 1693 vari
390 1654 527 1702 curet3
570 1654 613 1692 et
653 1662 704 1691 ne
750 1649 865 1703 plus,
907 1661 1035 1702 quam
1066 1661 1144 1702 par
1176 1652 1260 1701 est,
1302 1661 1326 1690 a
1358 1649 1523 1703 pueris,
1565 1648 1818 1702 praesertim
1849 1648 1988 1690 minus

261 1727 487 1781 opulentis,
520 1725 799 1779 expendatur,
832 1724 980 1766 sedulo
1013 1724 1220 1766 attendat.

398 1804 434 1844 8.
484 1801 661 1855 Saepius
695 1800 972 1843 contubernia
1004 1800 1271 1841 alumnorum
1304 1800 1447 1842 visitet
1479 1797 1781 1855 observetque,
1826 1802 1875 1842 ut
1906 1800 1991 1843 sint

260 1879 432 1934 munda,
463 1879 569 1920 bene
603 1876 855 1930 composita,
888 1888 940 1917 ne
972 1875 1073 1928 quid
1107 1878 1255 1917 contra
1286 1875 1455 1928 regulas
1489 1876 1716 1918 Convictus
1750 1876 1990 1929 reperiatur

261 1954 401 2008 quoad
432 1954 576 2008 libros,
608 1952 827 2006 imagines,
860 1963 978 1993 arma
1010 1953 1088 1992 etc.

400 2032 437 2071 9.
485 2028 713 2070 Maximam
752 2039 898 2068 curam
936 2025 1092 2067 habeat
1124 2028 1415 2078 aegrotorum:
1456 2026 1569 2068 adsit
1600 2025 1762 2068 medico
1796 2026 1990 2069 veniente

261 2108 480 2160 curetque,
513 2108 561 2145 ut
581 2103 681 2145 nihil
706 2114 866 2156 eorum,
899 2113 1009 2154 quae
1030 2100 1218 2143 medicus
1240 2101 1579 2155 praescripserit,
1602 2102 1989 2157 praetermittatur,

267 2184 343 2223 aut
382 2183 591 2232 mutetur3
630 2181 678 2220 ut
710 2176 873 2230 aegroti
905 2188 988 2217 non
1021 2176 1295 2232 deserantur,
1340 2178 1387 2218 ut
1422 2177 1677 2231 quandoque
1709 2177 1936 2220 visitentur
1967 2191 1991 2220 a

263 2256 351 2298 suis
394 2255 521 2297 etiam
563 2252 955 2307 contubernalibus,
999 2251 1072 2293 sed
1115 2264 1196 2293 non
1238 2252 1328 2294 sine
1372 2253 1617 2295 assistentia
1657 2254 1722 2295 vel
1762 2252 1989 2295 Infirmarii

263 2331 328 2373 vel
360 2329 567 2372 Praefecti
610 2329 675 2371 vel
716 2328 849 2382 ipsius
882 2326 1064 2368 Ministri
1096 2340 1133 2367 v.
1172 2327 1312 2369 Patris
1346 2327 1610 2383 Spiritualis,
1652 2329 1723 2381 qui
1764 2328 1841 2371 hac
1872 2329 1914 2370 in
1947 2341 1992 2370 re

264 2420 365 2460 prae
397 2406 574 2449 caeteris
606 2406 828 2449 caritatem
860 2407 902 2446 et
933 2402 1195 2456 diligentiam
1229 2403 1424 2446 exhibere
1456 2403 1592 2446 debet.

744 2671 957 2725 Regulae
997 2670 1250 2712 Praefecti
1290 2671 1513 2724 spiritus.

408 2777 441 2816 1.
493 2774 555 2815 Ad
594 2774 860 2816 Praefectum
901 2774 1077 2827 spiritus
1110 2774 1316 2829 pertinet,
1360 2774 1551 2815 alumnos
1584 2774 1815 2815 secundum
1849 2774 1992 2815 unius-

269 2852 474 2905 cujusque
513 2853 682 2904 captum
722 2850 952 2905 instruere,
993 2850 1205 2904 quomodo
1248 2850 1432 2892 exterius
1466 2849 1728 2902 interiusque
1760 2861 1805 2890 se
1835 2849 1991 2891 habere

269 2926 462 2977 debeant,
494 2925 536 2967 id
568 2926 607 2966 in
641 2926 887 2967 memoriam
920 2925 1111 2979 redigere
1143 2928 1185 2967 et
1220 2928 1412 2967 amanter
1444 2925 1688 2967 admonere:
1733 2937 1991 2978 praeparare

270 3002 462 3043 alumnos
497 3001 549 3042 ad
573 3000 847 3042 Sacramenta
875 3001 1162 3054 suscipienda:
1197 3000 1360 3055 docere,
1394 3003 1441 3041 ut
1464 3013 1557 3041 cum
1581 3012 1733 3052 magna
1755 3000 1991 3042 reverentia

271 3077 323 3117 ad
365 3090 414 3118 ea
456 3076 675 3118 accedant:
722 3076 871 3117 audire
903 3076 1195 3118 Confessiones
1238 3087 1406 3129 eorum,
1447 3075 1517 3127 qui
1560 3075 1612 3116 ad
1655 3088 1751 3116 eum
1791 3075 1989 3117 accedere

273 3151 465 3193 volunt:
500 3151 812 3193 exhortationes
846 3151 896 3192 ad
930 3151 1121 3192 alumnos
1145 3151 1302 3192 facere:
1337 3163 1461 3203 agere
1489 3150 1656 3203 saepius
1681 3163 1775 3192 cum
1797 3150 1846 3192 iis
1870 3163 1989 3204 prae-
