2164 3535
279 240 330 280 10
708 239 903 283 catalogus
929 243 1126 283 perpetuus
1153 238 1272 273 Germ.
1299 239 1384 283 Sup.
1413 242 1579 275 1602—4.

274 377 491 420 Somnium
528 380 746 434 Scipionis.
820 380 1106 422 Emmanuelis
1149 380 1294 421 Aluari
1337 379 1532 435 Syntaxis
1571 381 1754 435 plenior,
1792 381 1996 423 Prosodia

274 456 316 495 et
359 453 552 506 Figurae.
636 456 770 497 Priori
813 455 1005 497 semestri
1047 455 1091 495 P.
1126 455 1303 497 Ouidius
1345 456 1399 498 ad
1431 457 1595 498 Liuiam
1638 457 1751 498 etin
1785 456 1889 498 Ibin.
1924 469 1996 510 po-

274 528 442 570 steriori
475 530 669 572 semestri
699 530 743 571 P.
778 530 939 583 Virgilij
974 529 1144 572 Aeneid.
1178 530 1246 572 lib.
1282 533 1319 572 5.
1757 529 1762 533 ’

410 604 780 659 Apophthegmata
812 605 975 647 Graeca
1006 605 1234 648 Plutarchi.

330 692 383 733 In
416 692 490 733 1Ιὲι
523 691 900 733 Grammatica.

410 766 462 807 Μ.
489 767 531 808 Τ.
558 766 639 808 Cic.
666 766 798 819 Epist.
825 766 877 808 ad
900 765 1027 808 famil.
1052 767 1076 808 l.
1103 769 1126 808 5
1151 770 1193 809 et
1216 769 1254 808 6.
1303 768 1590 810 Emmanuelis
1613 769 1760 810 Aluari
1783 768 1992 823 Syntaxis.

272 841 315 882 P.
351 841 489 895 Ouidij
525 841 576 883 de
607 842 740 883 Ponto
772 841 842 883 lib.
881 845 914 883 1.

409 916 595 958 Tabulae
634 917 810 960 Cebetis.
875 917 1023 959 Jacobi
1067 917 1256 960 Gretseri
1288 918 1542 960 Rudimenta
1584 919 1754 971 linguae
1792 919 1992 962 Graecae.

327 992 381 1033 In
413 992 515 1034 ΙΙΙέι
545 992 919 1035 Grammatica.

406 1067 461 1108 M.
513 1068 556 1109 T.
607 1068 689 1111 Cic.
738 1069 966 1122 Epistolar.
1014 1069 1088 1110 sel.
1140 1069 1210 1110 lib.
1254 1070 1291 1111 3.
1361 1069 1648 1112 Emmanuelis
1694 1070 1838 1112 Aluari
1887 1070 1911 1111 l.
1956 1072 1990 1112 1.

272 1141 457 1184 Graium.
494 1156 588 1185 cum
620 1143 933 1186 introductione
965 1143 1210 1198 Syntaxeos.

407 1217 469 1259 Ex
502 1219 766 1262 Rudimentis
798 1220 946 1262 Jacobi
979 1220 1169 1263 Gretseri
1200 1220 1509 1263 Declinationes
1549 1220 1757 1274 simplices
1795 1224 1838 1263 et
1878 1221 1993 1263 nuda

270 1293 495 1335 uerborum
527 1294 840 1349 Barytonorum
871 1295 1049 1338 inflexio.

328 1369 425 1410 Pro
466 1369 648 1412 ordine
680 1371 942 1413 inferiore
973 1371 1109 1414 IIIa.e
1142 1371 1549 1413 Grammaticae.
1613 1371 1918 1425 (Rudimenta.)

408 1444 462 1485 M.
487 1445 593 1486 Tull.
628 1445 710 1487 Cic.
746 1446 879 1499 Epist.
913 1446 1053 1488 select.
1084 1447 1108 1488 l.
1136 1450 1172 1489 2.
1226 1447 1513 1489 Emmanuelis
1544 1447 1691 1488 Aluari
1723 1447 1989 1490 Rudinienta.

406 1519 689 1573 Alphabetum
722 1521 942 1564 Graecum.

410 1595 475 1636 Ad
507 1595 778 1649 quotidianas
811 1601 889 1640 etc.
923 1612 959 1640 v.
993 1611 1124 1652 supra
1155 1598 1209 1640 ad
1245 1602 1278 1640 1.
1313 1612 1481 1640 annum.

629 1899 944 1975 Catalogus
992 1911 1243 1974 quartus.
1331 1908 1400 1966 (a.
1450 1901 1639 1973 1607.)

328 2046 382 2086 In
415 2046 699 2088 Rhetorica.

406 2122 648 2164 Aristotelis
680 2123 917 2165 Rhetorica.
981 2124 1035 2165 M.
1070 2124 1112 2165 T.
1149 2124 1229 2165 Cic.
1271 2124 1321 2165 (le
1363 2124 1519 2177 optimo
1559 2137 1710 2176 genere
1744 2125 1985 2167 Oratorum.

274 2197 474 2238 Eiusdem
508 2197 757 2239 Orationum
789 2198 867 2240 vol.
893 2202 928 2239 2.
982 2198 1024 2239 P.
1061 2198 1238 2251 Cornelij
1271 2198 1403 2240 Taciti
1436 2198 1661 2240 Historiae.
1716 2200 1985 2242 Claudianus.

268 2272 547 2314 Herodianus.
611 2272 849 2326 Sophocles.
912 2273 1059 2315 Jacobi
1094 2273 1282 2315 Gretseri
1314 2273 1517 2315 Prosodia
1550 2274 1723 2316 Graeca.

325 2347 382 2388 In
414 2347 777 2391 Humanitate.

406 2422 460 2463 M.
486 2423 528 2463 T.
554 2422 637 2467 Cic.
672 2424 894 2466 Tusculan.
946 2426 1249 2475 Quaestionum
1292 2425 1359 2467 lib.
1396 2429 1431 2467 5.
1496 2425 1698 2468 Eiusdem
1737 2427 1871 2468 oratio
1910 2439 1985 2480 pro

268 2497 467 2540 Deiotaro
511 2502 552 2540 et
589 2500 801 2542 Marcello.
870 2500 1068 2554 Cypriani
1107 2502 1240 2555 Soarij
1282 2501 1517 2543 Rhetorica.
1582 2501 1624 2543 C.
1659 2501 1742 2542 Jul.
1778 2501 1894 2544 Caes.
1935 2501 1986 2544 de

269 2572 375 2614 bello
408 2573 580 2615 Gallico.
642 2574 686 2615 P.
722 2576 836 2627 Virg.
870 2576 1056 2618 Maronis
1090 2576 1260 2618 Aeneid.
1302 2576 1371 2618 lib.
1407 2578 1431 2617 8
1455 2579 1496 2618 et
1518 2578 1555 2616 9.
1609 2576 1662 2617 Μ.
1689 2576 1841 2629 Valerij
1876 2577 1986 2618 Mar-

268 2647 378 2689 tialis
412 2648 731 2701 Epigrammata
762 2655 954 2703 purgata.

404 2724 603 2766 Isocratis
661 2725 893 2777 Euagoras.
982 2726 1179 2768 Carmina
1229 2726 1506 2780 Pythagorea.
1596 2726 1743 2768 Jacobi
1795 2725 1984 2768 Gretseri

269 2796 556 2841 Grammatica
588 2799 760 2841 Graeca.

325 2873 379 2915 In
412 2874 456 2916 1¹5¹
487 2875 862 2917 Grammatica.

404 2948 459 2989 M.
502 2949 545 2990 T.
592 2950 672 2992 Cic.
717 2951 769 2992 ad
810 2951 1009 2993 Atticum.
1087 2953 1286 2995 Eiusdem
1326 2952 1376 2994 de
1416 2952 1623 2994 Amicitia.
1698 2952 1983 2994 Emmanuelis

269 3022 413 3065 Aluari
438 3023 634 3078 Syntaxis
663 3026 836 3079 plenior,
868 3028 1071 3069 Prosodia
1093 3032 1135 3069 et
1157 3029 1349 3081 Figurae.
1403 3027 1537 3068 Priori
1559 3027 1751 3069 semestri
1774 3027 1816 3068 P.
1843 3027 1979 3080 Ouidij

270 3098 403 3150 Epist.
439 3099 618 3142 selectae
640 3104 681 3141 et
702 3103 925 3154 purgatae:
959 3103 1179 3154 posteriori
1214 3115 1312 3144 sem.
1348 3102 1389 3142 P.
1426 3102 1589 3153 Virgilii
1619 3101 1921 3153 Georgicorum
1942 3103 1980 3143 4.

406 3174 558 3227 Aesopi
593 3176 688 3216 vita.
753 3176 899 3217 Jacobi
932 3161 1121 3218 (slretseri
1154 3177 1405 3219 Rudinienta
1436 3177 1603 3228 liuguae
1636 3176 1834 3218 Graecae.
