2164 3535
253 236 306 278 88
885 236 1116 272 Schriftliche
1142 236 1353 282 Uebungen.

393 377 430 417 2.
482 375 687 429 Conjicies
726 377 827 419 item
866 377 907 419 in
949 377 1141 420 chartam
1172 377 1362 431 regulam
1395 379 1459 421 vel
1493 380 1682 433 phrasim
1713 382 1978 436 illigandam:

255 463 291 491 v.
326 463 364 504 g.
399 463 505 503 emo,
538 463 702 494 accuso.
765 452 978 495 Phrasim:
1012 453 1131 506 pensi
1162 453 1309 496 habeo.

394 539 429 579 3.
466 538 696 581 Adhibebis
729 539 1164 582 circumlocutionem:
1198 553 1235 581 v.
1260 553 1297 593 g.
1323 541 1391 583 Ita
1418 554 1567 595 nempe
1599 543 1791 586 scelerati
1814 545 1981 598 quanti-

255 625 420 666 cunque
452 618 640 656 emerent
671 614 797 656 animi
831 615 1200 671 tranquillitatem,
1233 616 1267 657 si
1300 616 1365 658 vel
1396 629 1549 670 magno
1582 618 1663 660 emi
1684 620 1839 671 posset.
1884 619 1979 661 Vel:

258 688 413 730 Cainus
446 701 490 730 se
522 689 612 742 ipso
643 690 787 731 Iudice
820 690 975 732 atrocis
1007 691 1192 743 sceleris,
1226 691 1277 734 de
1309 692 1443 734 atroci
1475 693 1631 735 scelere
1663 694 1981 750 condemnatus,

257 763 485 805 convictus.
548 764 662 806 Nihil
702 765 819 818 pensi
859 765 1018 809 habens
1052 770 1277 820 parentum
1310 767 1471 810 monita
1502 771 1578 810 cet.
1644 768 1889 823 Cujusmodi
1923 770 1982 812 di-

256 839 493 891 gressiones
525 838 647 882 facile
679 841 970 894 suppeditabit
1000 855 1068 884 res
1100 846 1215 898 nata,
1248 847 1290 886 et
1320 843 1534 897 ingenium
1567 845 1776 886 versatile.

395 926 485 968 Hac
517 929 627 977 arte,
661 930 827 983 putem,
859 928 1041 970 multum
1072 929 1288 972 minuetur
1318 930 1459 987 labor,
1493 943 1617 984 quem
1650 931 1780 984 aliqui
1812 931 1855 973 in
1887 943 1982 973 con-

257 1000 490 1043 scribendis
533 1002 741 1056 ejusmodi
781 1004 1063 1057 argumentis,
1106 1005 1237 1047 totius
1279 1005 1484 1048 doctionis
1527 1006 1893 1062 molestissimum,
1936 1019 1983 1049 ac

258 1076 647 1120 fastidiosissimum
680 1079 958 1133 experiuntur
989 1083 1031 1122 et
1061 1080 1320 1134 praedicant.

398 1163 628 1207 Secundo
661 1166 821 1208 Thema
853 1168 909 1209 sit
939 1167 1178 1221 perspicum
1213 1171 1256 1210 et
1286 1168 1562 1223 intelligibile,
1594 1182 1703 1222 quae
1735 1170 1825 1223 ejus
1848 1169 1983 1212 virtus

258 1242 323 1283 est
361 1241 518 1293 altera,
561 1253 637 1283 nec
678 1241 779 1283 nihil
813 1241 1073 1285 difficultatis
1108 1242 1239 1285 offert.
1303 1244 1383 1285 Vix
1415 1244 1525 1286 enim
1556 1244 1646 1286 fieri
1678 1247 1840 1300 potest,
1883 1245 1984 1298 quin

260 1317 440 1359 astricta
471 1317 626 1359 talibus
659 1317 836 1360 vinculis
870 1318 1019 1371 oratio,
1052 1331 1134 1360 non
1167 1318 1342 1372 perinde
1374 1319 1518 1361 nativa
1543 1320 1611 1371 sit,
1645 1332 1773 1372 quam
1795 1320 1829 1362 si
1852 1320 1986 1362 libera

259 1393 486 1446 solutaque
516 1392 751 1441 incederet;
792 1394 893 1446 quin
926 1394 1100 1447 inquam
1132 1394 1311 1437 subinde
1343 1395 1513 1445 scaber,
1558 1399 1601 1437 et
1632 1395 1866 1451 violentus,
1909 1407 1985 1438 nec

258 1467 362 1510 satis
393 1467 528 1510 fluens
560 1469 702 1511 textus
735 1469 901 1524 evadat,
934 1469 1187 1523 praesertim
1219 1470 1252 1511 si
1285 1469 1410 1523 plura
1440 1473 1669 1523 praecepta
1701 1474 1775 1512 aut
1802 1470 1984 1514 Phrases

259 1544 300 1585 in
338 1544 449 1586 idem
489 1544 614 1586 breve
646 1548 944 1597 argumentum
977 1545 1230 1588 contrudere
1262 1546 1385 1588 velis:
1425 1548 1473 1588 ut
1505 1546 1610 1588 adeo
1642 1547 1759 1589 velut
1790 1547 1897 1600 lapis
1931 1547 1987 1588 sit

260 1619 419 1674 Lydius
452 1619 661 1673 Studiosi,
701 1624 744 1661 et
769 1620 928 1674 judicio
961 1621 1141 1662 valentis
1174 1621 1388 1676 Magistri,
1421 1621 1455 1663 si
1488 1622 1679 1677 regulas,
1719 1622 1987 1675 Phrasesque

258 1695 319 1737 ita
341 1698 439 1749 apte
460 1695 624 1748 illigare
647 1696 754 1739 sciat
775 1700 1040 1753 argumento,
1073 1701 1121 1739 ut
1142 1697 1351 1740 naturalis
1374 1700 1529 1751 tamen,
1551 1697 1720 1753 fluidus,
1745 1697 1984 1752 planusque

260 1784 409 1813 sensus
442 1775 649 1823 servetur,
683 1775 725 1813 et
756 1772 828 1825 qui
861 1772 913 1814 ab
946 1772 1100 1814 exteris
1134 1773 1260 1814 etiam
1294 1785 1342 1815 ac
1375 1772 1531 1814 adultis
1565 1776 1631 1825 (ut
1653 1772 1775 1814 multi
1798 1777 1988 1816 correcta

262 1859 340 1889 sua
372 1851 625 1900 argumenta
656 1847 709 1889 ad
741 1860 879 1889 seram
902 1850 1163 1890 senectutem
1186 1848 1226 1889 in
1250 1848 1402 1890 scrinio
1426 1849 1614 1895 servant)
1648 1847 1814 1890 laudari
1838 1849 1984 1901 possit.

408 1935 674 1978 Obscuratur
705 1947 803 1976 vero
837 1938 880 1976 et
910 1933 1048 1976 minus
1080 1934 1343 1987 intelligibile
1374 1934 1430 1975 sit
1452 1937 1762 1989 argumentum,
1796 1934 1930 1987 primo
1953 1935 1988 1977 si

264 2011 424 2066 periodi
447 2012 532 2053 sint
553 2010 830 2064 praelongae;
864 2009 1104 2062 cumulatis,
1136 2012 1358 2063 praeterea
1386 2009 1541 2063 incisis,
1575 2012 1616 2050 et
1638 2009 1869 2062 interjectis
1893 2022 1988 2051 con-

263 2086 567 2131 structionibus
600 2086 775 2138 integris
808 2085 1049 2139 impeditae.
1114 2084 1238 2126 Certe
1269 2085 1303 2127 si
1337 2085 1447 2126 inter
1469 2084 1684 2137 Principes
1718 2093 1882 2140 causas,
1915 2098 1990 2126 cur

264 2167 329 2206 tot
352 2161 618 2205 Soloecismis
651 2161 899 2214 scriptiones
931 2160 1152 2214 inquinent
1182 2160 1363 2214 pueruli,
1395 2160 1466 2201 illa
1496 2172 1664 2213 quoque
1687 2164 1752 2203 est
1774 2160 1988 2213 palmaris,

266 2238 378 2292 quod
411 2251 512 2291 prae
546 2236 764 2278 debilitate
790 2236 939 2289 judicii
971 2248 1093 2277 voces
1117 2235 1306 2288 singulas
1330 2235 1621 2289 materialiter,
1655 2239 1702 2277 ut
1724 2236 1863 2291 ajunt,
1896 2248 1990 2277 con-

267 2314 473 2364 siderent,
506 2313 640 2366 ipsam
674 2325 771 2354 vero
794 2312 963 2354 Periodi
995 2312 1248 2354 sententiam
1282 2324 1357 2353 seu
1390 2324 1560 2353 sensum
1594 2311 1659 2351 vix
1688 2314 1989 2363 assequantur3

267 2394 397 2443 atque
428 2388 526 2430 inde
559 2400 634 2430 nec
666 2387 890 2440 sequentia
921 2399 1015 2429 cum
1048 2386 1395 2429 antecedentibus
1429 2386 1693 2437 combinare‚
1727 2398 1802 2427 nec
1833 2385 1914 2427 rite
1946 2399 1991 2427 se

268 2464 520 2519 examinare,
551 2475 626 2505 nec
647 2462 911 2516 Adjectivum
944 2475 1038 2504 cum
1062 2462 1352 2515 Substantivo,
1385 2462 1701 2503 Nominativum
1735 2474 1829 2503 cum
1850 2461 1990 2503 Verbo

268 2541 347 2583 rite
385 2539 641 2581 concordare
679 2539 833 2581 sciant:
872 2538 906 2580 si
938 2538 1110 2591 inquam
1144 2538 1197 2579 ad
1229 2537 1332 2579 haec
1364 2537 1537 2590 insuper
1573 2536 1892 2578 Germanismus
1925 2549 1991 2578 ac-

270 2615 393 2658 cedat
424 2617 656 2669 contortus,
690 2626 827 2666 asper,
861 2613 1029 2665 dubius,
1072 2612 1318 2666 quotidiano
1352 2624 1399 2653 ac
1430 2611 1595 2664 vulgari
1627 2614 1773 2653 nostro
1808 2611 1990 2653 sermoni

271 2691 442 2733 minime
476 2689 714 2741 conformis,
746 2688 983 2742 palpabunt
1014 2688 1173 2730 scilicet
1206 2687 1321 2730 velut
1348 2687 1389 2728 in
1413 2686 1589 2739 caligine
1611 2686 1746 2741 pueri,
1779 2688 1821 2727 et
1842 2698 1991 2727 vocum

270 2778 491 2808 numerum
525 2764 739 2806 erroribus
772 2763 1027 2817 aequabunt.

412 2851 682 2905 Compertum
715 2854 780 2892 est
811 2851 925 2903 item,
957 2863 1102 2892 eorum
1134 2852 1385 2901 argumenta
1407 2849 1709 2901 Magistrorum
1738 2861 1829 2890 esse
1853 2848 1991 2891 minus

274 2927 448 2981 limpida
480 2939 528 2968 ac
560 2926 801 2980 perspicua,
846 2926 916 2979 qui
950 2926 1096 2968 eadem
1129 2926 1258 2967 latine
1289 2924 1405 2978 prius
1439 2924 1729 2977 conscribunt,
1772 2937 1847 2966 nec
1888 2924 1991 2966 satis

275 3002 529 3045 naturaliter
551 3001 788 3053 germanice
818 3001 993 3043 reddere
1024 3004 1193 3043 norunt.
1242 2999 1343 3051 Legi
1376 2999 1517 3050 (liceat
1548 2998 1720 3053 addere)
1756 2999 1991 3053 cujuspiam

278 3079 529 3130 argumenta
558 3078 649 3118 toto
683 3088 791 3117 anno
825 3076 1003 3124 dictata,
1044 3076 1104 3117 ita
1136 3078 1234 3129 apte
1266 3074 1432 3126 regulas
1464 3073 1742 3126 includentia,
1778 3077 1824 3114 ut
1855 3073 1991 3126 quivis

277 3154 421 3195 statim
454 3152 675 3203 intelligat,
708 3150 808 3204 quid
841 3163 1008 3203 quaque
1041 3151 1107 3191 die
1140 3164 1160 3191 e
1192 3149 1367 3204 Syntaxi
1399 3148 1651 3201 explicatum
1686 3148 1831 3198 fuerin
1865 3147 1991 3189 simul
