2164 3535
210 220 292 262 282
418 218 622 254 Aufnahme
654 219 690 254 in
724 219 781 254 die
809 219 939 264 papstl.
969 219 1193 254 Seminarien
1220 219 1283 254 des
1308 219 1485 255 Nordens.
1538 223 1728 257 1622-23.

209 371 263 400 an
301 358 458 401 habeat
495 358 591 402 fidei
631 360 858 415 iussorem,
897 359 969 412 qui
1010 359 1099 401 eius
1142 359 1236 401 loco
1276 359 1529 402 refusionem
1562 362 1850 414 sumptuum¹)
1882 362 1939 404 sit

207 433 413 490 facturus,
446 447 561 490 casu,
594 447 677 487 quo
710 434 791 476 iste
822 434 876 476 ad
908 446 1000 476 eam
1033 434 1332 487 obligationem
1363 447 1446 476 non
1479 434 1775 491 satisfaceret]

349 511 412 551 15.
461 510 525 550 An
564 512 732 551 tantum
773 509 976 563 pecuniae
1016 510 1129 563 apud
1169 522 1445 552 oeconomum
1478 510 1688 564 deponere
1720 511 1856 565 possit
1890 524 1938 554 ac

210 585 323 640 velit,
356 588 562 638 quantum
596 583 780 626 sufficiat
810 585 864 627 ad
896 587 1035 627 vestes
1068 585 1282 627 clericales
1315 583 1614 639 conficiendas,
1647 587 1682 628 si
1713 590 1811 640 post
1842 599 1939 640 pro-

207 660 421 702 bationem
460 659 796 713 suscipiendus2)
837 660 1081 703 videbitur?
1120 673 1173 703 an
1212 660 1313 702 item
1345 661 1566 714 pecuniam
1598 662 1723 704 istam
1755 662 1797 703 in
1832 661 1937 704 alios

207 747 307 777 vsus
338 747 420 776 non
453 735 553 776 velit
585 736 864 777 conuertere?

349 813 412 853 16.
461 811 525 852 An
568 811 778 852 communi
811 811 1092 853 Alumnorum
1133 811 1247 853 victu
1290 814 1333 853 et
1370 811 1560 865 corporis
1604 812 1721 854 cultu
1754 812 1938 863 (etiamsi

206 886 357 928 nobilis
390 886 463 939 sit)
497 886 596 939 vti3)
630 886 731 928 velit
762 889 804 928 et
834 886 993 940 possit;
1026 890 1069 928 et
1101 886 1266 939 reliqua
1299 886 1474 940 Collegii
1506 886 1718 942 instituta,
1751 887 1864 941 leges
1895 891 1938 930 et

207 961 534 1004 consuetudines
555 961 675 1003 iuxta
692 961 969 1015 Superiorum
991 961 1388 1015 interpretationem
1411 974 1586 1004 seruare
1609 962 1665 1004 sit
1686 962 1935 1015 paratus‘P4)

344 1036 536 1089 Denique
568 1035 772 1089 adiungat
805 1050 879 1078 —-:
927 1037 1016 1090 Ego
1049 1037 1098 1079 N.
1123 1037 1171 1078 N.
1209 1037 1406 1090 propriae
1437 1050 1588 1079 manus
1627 1036 1938 1092 subscriptione

207 1112 317 1154 bona
357 1110 438 1152 fide
476 1114 631 1164 testor,
674 1124 741 1153 me
783 1111 1027 1165 supradicta
1069 1112 1209 1154 omnia
1242 1112 1507 1154 considerate
1539 1113 1780 1169 scripsisse,
1823 1116 1866 1155 et
1895 1114 1936 1155 in

206 1187 347 1229 omnia
377 1187 508 1229 libere
541 1187 822 1240 consensisse3
859 1212 907 1216 —
943 1187 1197 1240 rogabitque
1229 1187 1273 1228 P.
1298 1187 1524 1229 Rectorem
1555 1187 1645 1230 eius
1676 1187 1863 1244 Collegii,
1895 1188 1938 1230 in

205 1275 289 1316 quo
321 1261 478 1317 studet,
510 1264 555 1304 vt
586 1265 628 1304 et
658 1262 749 1315 ipse
781 1261 1036 1318 subscribat,
1069 1261 1428 1316 quemadmodum
1453 1264 1496 1304 et
1518 1262 1589 1305 ille
1610 1265 1834 1320 patronus,
1866 1263 1938 1317 qui

205 1340 402 1391 sumptus
434 1337 547 1379 vltra
580 1338 635 1380 80
656 1336 694 1379 fl.
729 1338 989 1380 necessarios
1021 1338 1214 1380 facturus
1246 1339 1323 1380 est.

1064 1443 1111 1484 L.
1144 1442 1439 1485 Cardinalis
1472 1442 1801 1486 Ludouisius.

978 1518 1291 1561 Franciscus
1330 1518 1561 1573 Ingolus,
1601 1518 1877 1561 Secretarius.

343 1658 370 1700 ¹)
396 1655 661 1699 Rtickzahlung
692 1654 813 1690 wurde
846 1655 1046 1700 gesordert,
1079 1666 1181 1690 wenn
1215 1655 1279 1691 der
1305 1655 1491 1691 Kandidat
1523 1656 1581 1691 die
1608 1656 1692 1692 elfte
1722 1656 1939 1702 Bedingung

206 1715 307 1749 nicht
332 1715 493 1750 einhielt.

342 1778 370 1822 2)
395 1778 427 1813 b.
456 1777 755 1822 suscipiendam.

343 1843 371 1886 3)
398 1843 430 1877 b.
457 1843 515 1876 An
541 1853 666 1879 comm.
694 1842 750 1877 Al.
779 1842 877 1877 victu
903 1842 955 1877 uti
982 1842 1071 1877 uelit
1097 1846 1132 1876 et
1157 1843 1219 1877 rel.

342 1907 370 1950 4)
396 1907 429 1941 b.
457 1906 521 1941 hat
547 1906 604 1941 die
638 1906 799 1941 offenbar
833 1909 1002 1950 spateren
1028 1906 1198 1941 Zusatze:
1234 1906 1433 1951 Postquam
1466 1917 1510 1941 ex
1536 1906 1695 1950 Collegio
1730 1906 1807 1941 siue
1844 1916 1937 1941 com-

208 1965 317 2010 pletis
356 1965 433 2000 siue
472 1976 542 2000 non
583 1964 770 2009 completis
809 1964 938 1999 studiis
974 1964 1084 1999 fuerit
1122 1974 1308 2008 egressus,
1348 1975 1384 1999 se
1428 1969 1511 1999 ante
1545 1964 1708 2008 elapsum
1741 1963 1936 1998 triennium

211 2023 346 2057 nullam
378 2024 590 2067 religionem
625 2021 701 2056 sine
735 2021 884 2065 speciali
916 2021 1018 2055 Sedis
1045 2022 1279 2066 Apostolicae
1311 2027 1373 2056 aut
1406 2021 1565 2056 eiusdem
1599 2020 1703 2055 Sedis
1728 2020 1862 2055 Nuncii
1895 2020 1937 2054 li-

207 2082 327 2117 centia
354 2082 611 2125 ingressurum.

349 2142 398 2175 17.
440 2141 496 2173 An
532 2138 708 2183 spondere
743 2148 785 2172 ac
820 2138 939 2171 iurare
966 2137 1071 2181 uelit,
1105 2137 1199 2180 quod
1226 2137 1326 2172 iussu
1354 2137 1388 2171 S.
1409 2136 1710 2181 Congregationis
1736 2136 1779 2171 de
1806 2146 1937 2181 propa-

211 2198 329 2242 ganda
361 2198 430 2232 fide
466 2198 670 2241 ubicunque
702 2197 787 2231 huic
819 2195 992 2240 placitum
1025 2196 1135 2230 fuerit
1166 2196 1202 2230 in
1229 2195 1364 2230 diuinis
1391 2194 1687 2230 administrandis
1714 2194 1872 2230 laborem
1902 2199 1938 2230 et

209 2266 353 2300 operam
387 2266 450 2299 pro
481 2256 597 2290 salute
624 2255 823 2289 animarum
850 2254 1057 2299 impendere
1084 2254 1190 2298 uelit,
1224 2254 1365 2288 etiamsi
1391 2259 1471 2298 post
1499 2253 1634 2287 dictum
1660 2252 1855 2287 triennium
1882 2252 1936 2287 vel

207 2319 289 2348 ante
324 2313 413 2348 illud
448 2324 527 2348 cum
561 2313 707 2348 licentia
744 2313 847 2347 Sedis
881 2312 1114 2356 Apostolicae
1150 2312 1309 2356 aliquam
1342 2311 1553 2355 religionem
1588 2309 1772 2355 professus
1813 2309 1934 2353 fuerit,

207 2382 272 2406 nec
305 2382 322 2405 e
350 2372 577 2415 praescripta
608 2371 798 2416 prouincia
832 2371 1018 2406 discedere
1049 2371 1120 2405 nisi
1155 2381 1235 2405 cum
1270 2380 1444 2415 expressa
1478 2369 1686 2414 praedictae
1715 2369 1748 2403 S.
1778 2369 1936 2413 Congre-

208 2429 363 2473 gationis
388 2429 545 2464 licentia.
