2164 3535
198 234 278 275 152
767 224 975 270 Gymnasial
985 222 1216 267 -P‘adagogik
1244 223 1342 258 1736.

879 529 921 572 2.
967 526 1239 571 Anstand.

692 642 1008 695 Disciplina
1053 640 1419 683 urbanitatis.

879 722 1030 768 (Kropf
1050 732 1091 767 p.
1108 721 1180 757 109
1195 720 1248 766 s.)

338 843 602 887 Urbanitatis
636 842 763 884 decor
793 841 990 893 nitorque
1020 851 1186 881 morum
1218 840 1260 880 01
1282 837 1491 890 elegantia
1513 850 1780 891 nequaquam
1804 836 1922 891 parvi

201 920 406 975 facienda,
439 919 512 961 sed
543 917 678 961 modis
711 916 905 959 omnibus
939 914 1115 956 colenda
1146 917 1221 956 est.
1276 913 1452 955 Noverit
1483 925 1581 965 ergo
1607 913 1810 965 Magister
1837 911 1924 954 offi-

202 997 375 1050 ciorum,
408 1007 517 1048 qua-e
549 993 603 1035 ad
635 1006 727 1035 eam
759 991 986 1045 pertinent,
1019 989 1201 1041 regulas,
1233 991 1455 1041 totamque
1486 990 1629 1029 teneat
1655 987 1780 1040 hujus
1805 987 1925 1030 disci-

201 1071 339 1126 plinae
372 1070 591 1123 rationem,
624 1081 751 1122 quam
786 1072 828 1110 et
859 1067 899 1108 in
933 1079 977 1107 se
1009 1065 1099 1119 ipse
1131 1065 1339 1117 exprimat
1370 1065 1412 1105 et
1443 1062 1622 1104 alumnis
1656 1063 1743 1105 suis
1776 1063 1924 1105 crebra

202 1146 498 1202 praeceptione
531 1148 659 1198 atque
692 1142 978 1185 admonitione
1008 1141 1205 1182 insinuet.
1267 1139 1380 1181 Nihil
1413 1139 1603 1192 patiatur
1634 1138 1675 1179 in
1709 1139 1766 1180 eis
1801 1138 1926 1180 rusti-

203 1235 373 1272 canum,
415 1220 516 1262 nihil
548 1219 789 1269 sordidum,
822 1217 925 1259 nihil
957 1217 1183 1265 absonum,
1217 1215 1319 1257 nihil
1351 1218 1471 1256 extra
1502 1226 1705 1255 normam.
1768 1214 1926 1256 Notent

202 1298 378 1340 invicem
411 1295 643 1339 adversarii
676 1308 750 1336 seu
783 1293 937 1335 aemuli
969 1292 1003 1334 si
1035 1291 1137 1345 quid
1169 1291 1246 1333 hoc
1278 1291 1319 1332 in
1352 1302 1504 1343 genere
1535 1293 1751 1343 peccetur,
1790 1302 1927 1342 neque

202 1374 373 1427 impune
413 1372 538 1414 abeat
578 1369 780 1424 quicquid
820 1368 963 1411 oculos
1004 1368 1254 1421 cujusquam
1296 1366 1359 1408 vel
1398 1378 1543 1416 aures,
1584 1365 1672 1407 sive
1709 1365 1750 1406 in
1784 1364 1927 1407 schola

203 1449 291 1492 sive
322 1447 437 1503 foris,
471 1446 665 1489 offendat.
724 1443 916 1497 Ignobile
947 1443 987 1484 in
1021 1443 1165 1496 primis
1196 1441 1406 1483 habeatur
1438 1440 1638 1494 quicquid
1671 1439 1795 1482 affine
1825 1439 1925 1481 vitio

204 1528 268 1567 est
300 1527 342 1566 et
372 1523 541 1565 virtutis
565 1520 830 1563 Christianae
860 1518 1024 1572 legibus
1058 1517 1295 1559 adversum.
1350 1517 1529 1558 Tumere
1551 1516 1680 1571 fastu,
1713 1518 1927 1558 ostentare

203 1612 315 1655 sese,
347 1597 511 1653 ulcisci,
544 1595 731 1645 mentiri,
766 1594 976 1648 decipere,
1010 1593 1207 1645 illudere,
1239 1592 1435 1642 irridere,
1472 1593 1637 1646 jurare,
1678 1591 1927 1633 obscoenam

204 1675 427 1729 impiamve
458 1685 602 1715 vocem
635 1670 812 1725 effutire,
847 1670 1086 1712 absentium
1117 1672 1266 1711 notare
1297 1681 1435 1710 mores
1467 1668 1618 1710 servile
1641 1680 1688 1710 ac
1710 1666 1929 1709 sordidum

206 1753 441 1793 censeatur.
504 1747 690 1790 Ludicra
720 1745 922 1796 imitatio,
962 1745 1217 1799 scurrilitas,
1250 1744 1548 1786 inverecundia
1580 1756 1655 1797 pro
1689 1743 1928 1796 agrestibus

205 1829 247 1869 et
277 1824 471 1867 barbaris
504 1823 770 1865 damnentur.
823 1821 1069 1863 Doceantur
1099 1821 1219 1874 pueri
1252 1819 1381 1861 nihilo
1414 1831 1506 1861 sese
1537 1820 1675 1861 minus
1708 1819 1748 1860 in
1771 1818 1928 1870 abdito,

206 1914 334 1956 quam
366 1900 469 1942 alios
500 1899 542 1940 in
574 1897 800 1951 propatulo
833 1896 1094 1938 erubescere.
1156 1895 1412 1948 Angelorum
1444 1895 1570 1936 etiam
1604 1894 1766 1947 Deique
1796 1894 1928 1947 ipsius

206 1976 490 2032 praesentiam
532 1977 660 2027 atque
701 1973 886 2014 intentos
928 1971 969 2012 in
1013 1983 1058 2012 se
1098 1971 1239 2012 oculos
1279 1969 1461 2012 revereri
1498 1969 1655 2022 ubique
1681 1969 1926 2023 jubeantur.

206 2051 423 2094 Arcendae
455 2053 596 2092 tamen
629 2061 677 2090 ex
711 2047 846 2089 altera
867 2050 990 2100 parte
1012 2050 1112 2087 sunt
1133 2046 1255 2087 nimis
1280 2045 1484 2087 delicatae
1507 2058 1531 2087 a
1553 2045 1740 2087 moribus
1764 2045 1930 2098 elegan-

206 2128 290 2170 tiae
322 2126 531 2179 nimisque
563 2123 798 2177 exquisitae
830 2121 1073 2163 munditiae.
1138 2121 1358 2164 Affectatio
1391 2122 1564 2174 quaevis
1598 2121 1650 2163 ab
1683 2133 1772 2169 010,
1813 2120 1930 2163 0111111

208 2206 250 2245 01
295 2202 458 2244 actione
504 2203 784 2242 removeatur.
862 2199 1004 2241 Aurea
1049 2198 1206 2251 ubique
1252 2196 1521 2239 mediocritas
1569 2196 1676 2238 citra
1729 2199 1929 2250 extrema,

208 2277 456 2332 simplicitas
487 2276 670 2328 ingenua
702 2275 808 2316 citra
830 2274 1028 2315 stolidam
1050 2273 1277 2327 licentiam,
1310 2273 1613 2325 circumspecta
1636 2271 1804 2313 cultura
1825 2271 1932 2313 citra

210 2352 401 2408 putidam
434 2351 645 2393 lautitiam
678 2350 887 2403 effulgeat.
950 2350 1080 2391 Plura
1112 2361 1229 2396 verO.
1272 2361 1381 2401 quae
1413 2348 1494 2389 huc
1532 2348 1745 2401 spectant,
1789 2346 1930 2388 videre

210 2429 308 2470 licet
347 2428 389 2468 in
428 2426 654 2468 Paraenesi
698 2425 888 2467 Sacchini
930 2439 1018 2479 cap.
1053 2427 1105 2467 14
1145 2425 1329 2477 itemque
1370 2424 1411 2465 in
1454 2423 1580 2465 variis
1620 2421 1797 2464 Pontani
1837 2434 1931 2474 pro-

211 2502 514 2557 gymnasmatis
548 2514 596 2543 ac
628 2502 806 2543 maxime
838 2501 964 2542 etiam
996 2501 1037 2542 in
1070 2500 1224 2551 libello,
1257 2500 1323 2541 cui
1356 2499 1504 2540 titulus
1540 2496 1719 2540 »Schola
1751 2496 1932 2539 Urbani-

212 2579 360 2625 tatis«;
400 2591 523 2631 quem
568 2578 601 2620 si
643 2590 719 2631 pro
759 2576 1026 2619 institutione
1066 2588 1239 2617 suorum
1278 2574 1504 2628 perlegerit
1534 2574 1739 2627 Magister
1770 2585 1932 2626 suoque

211 2658 401 2707 tempore
439 2654 479 2695 in
522 2653 665 2695 schola
708 2665 876 2706 quoque
918 2655 985 2705 (ut
1016 2651 1254 2693 monuimus
1287 2650 1434 2704 Capite
1456 2652 1481 2691 4
1514 2650 1603 2692 Art.
1631 2653 1648 2691 1
1685 2651 1773 2704 §U
1813 2661 1932 2702 prae-

211 2730 375 2785 legerit,
408 2741 606 2782 magnum
639 2728 785 2771 fecerit
817 2740 969 2781 operae
1001 2727 1183 2781 pretium
1198 2728 1240 2779 ¹).

351 2891 378 2932 1)
404 2888 478 2923 Der
504 2888 598 2922 Titel
631 2888 730 2922 einer
761 2887 907 2922 solchen
939 2897 985 2922 an
1018 2887 1086 2922 den
1110 2887 1429 2922 Jesuitenschulen
1463 2887 1498 2920 in
1525 2885 1772 2921 Deutschland
1799 2885 1930 2929 vielge-

215 2947 414 2981 brauchten
441 2945 726 2980 Anstandslehre
760 2946 889 2980 lautet:
930 2945 1140 2989 Astiologus
1176 2945 1394 2979 christianus
1429 2944 1586 2979 scholam
1620 2944 1837 2979 urbanitatis
1873 2955 1931 2979 ex-

215 3005 364 3049 plicans.
415 3004 507 3037 Olim
542 3015 695 3038 excusus
721 3003 957 3047 Mussiponti,
992 3003 1120 3037 deinde
1147 3002 1348 3046 Monachii,
1382 3001 1524 3036 Graecii
1552 3007 1617 3036 etc.
1669 3001 1774 3036 Nunc
1806 3013 1932 3037 recens

216 3062 418 3107 Tyrnaviae
445 3062 556 3106 Typis
584 3061 810 3096 Academicis
838 3062 916 3096 Soc.
934 3061 1024 3096 Jesu
1054 3062 1150 3106 1725,
1181 3062 1255 3096 160.
1285 3064 1348 3096 109
1367 3073 1398 3105 p.
1446 3062 1518 3094 Das
1537 3060 1712 3095 Biichlein
1739 3059 1933 3095 behandelt

215 3120 251 3154 in
284 3118 483 3154 trefflicher
510 3120 631 3155 Weise
665 3119 721 3154 die
761 3119 952 3163 folgenden
984 3119 1147 3164 Kapitel:
1194 3123 1220 3154 l.
1254 3119 1380 3153 Cultus
1414 3118 1566 3153 divinus.
1622 3121 1652 3153 2.
1681 3118 1804 3153 Civilis
1837 3118 1931 3153 vitae

217 3176 385 3219 generica
411 3186 453 3210 ac
478 3177 710 3211 miscellanea
735 3176 926 3211 institutio.
976 3179 1008 3211 3.
1036 3177 1336 3220 Congressionum
1358 3176 1475 3221 prima
1493 3176 1626 3211 officia:
1655 3176 1837 3220 salutatio,
1863 3176 1932 3210 loci
