2164 3535
390 224 678 269 Tagesordnung
703 224 761 260 fiir
787 226 844 261 die
871 224 1157 262 oberdeutschen
1185 224 1414 270 Gymnasien.
1465 227 1563 262 1737.
1787 229 1840 270 63

113 364 320 417 receperit
349 364 573 417 Magister,
618 365 742 406 DEO
781 378 856 418 per
888 365 1127 420 Christum,
1168 376 1293 417 quem
1335 365 1377 406 in
1417 365 1520 407 aede
1560 378 1682 407 sacra
1720 365 1841 418 viset,

115 438 274 491 gratias
314 443 432 492 agat;
476 439 548 492 qui
588 439 730 481 absint
762 440 1064 493 discipulorum
1097 439 1222 492 quive
1260 438 1476 493 redierint,
1516 439 1744 492 expendat3
1787 441 1841 481 si-

112 512 206 565 quis
239 513 410 566 gravius
443 517 591 555 contra
623 513 874 556 modestiam
912 514 973 556 vel
1016 513 1141 555 officii
1172 515 1337 566 partem
1370 514 1554 566 aliquam
1587 515 1840 567 peccaverit,

112 587 309 630 observet
340 601 388 629 ac
420 588 545 630 simul
577 589 822 643 prospiciat,
855 588 955 641 quid
989 588 1163 630 remedii
1193 588 1493 643 adhibendum,
1525 602 1577 631 ne
1599 589 1756 631 malum
1780 590 1840 631 in-

112 665 334 714 gravescat
366 674 495 703 mora.
546 662 706 704 Deinde
738 663 877 715 siquid
905 663 1121 705 residuum
1144 663 1273 704 fuerit
1294 663 1571 716 scriptionum
1593 665 1841 721 perlustret,

112 735 383 789 scriptionem
423 736 617 789 sequenti
657 736 724 778 (lie
765 737 1009 778 dictandam
1048 737 1241 787 adornet,
1285 738 1507 780 authorem
1546 739 1842 792 explicandum

111 813 154 852 et
194 810 296 865 alia,
339 823 448 863 quae
489 823 590 855 usus
633 814 888 864 tempusque
927 811 1183 866 postulabit,
1228 812 1430 865 designet.
1503 814 1617 868 (Iuv.
1661 814 1737 856 loc.
1772 815 1840 856 cit.

111 884 205 927 sub.
238 884 397 937 finem.)

666 1138 802 1186 Ordo
840 1138 997 1187 feriae
1036 1140 1110 1187 III
1150 1150 1198 1188 et
1238 1140 1296 1190 V.

111 1237 341 1290 Itemque
380 1235 477 1278 diei
518 1237 804 1279 vacationis
843 1237 890 1279 in
930 1250 1297 1293 quamcumque
1334 1241 1515 1283 feriam
1546 1241 1840 1285 incidentis.

247 1339 383 1382 Mane.
446 1340 587 1383 Media
625 1341 740 1383 VIII.
782 1341 873 1393 (die
916 1342 1147 1385 vacationis
1188 1343 1294 1385 hora
1326 1344 1461 1398 VIII.)
1503 1345 1630 1387 datur
1671 1345 1842 1387 initium

109 1413 296 1469 scholae,
334 1414 524 1468 fiuntque
555 1416 695 1457 omnia
727 1416 820 1469 illa,
852 1429 961 1470 qnae
993 1418 1078 1471 §L
1122 1418 1338 1471 assignata
1370 1422 1471 1461 sunt
1502 1432 1578 1473 pro
1621 1420 1834 1463 semihora

111 1489 246 1542 prima
279 1490 427 1532 Feriae
459 1490 501 1532 II
533 1492 575 1532 et
605 1490 678 1532 IV.
745 1491 885 1532 Erunt
922 1495 1064 1533 tamen
1107 1493 1233 1545 paulo
1268 1493 1391 1535 citius
1424 1493 1701 1547 absolvenda,
1741 1496 1841 1549 quia

110 1565 337 1618 praelectio
370 1564 561 1607 authoris
592 1564 657 1607 his
698 1565 846 1608 diebus
887 1579 968 1608 non
1012 1567 1235 1622 recitatur,
1277 1572 1504 1621 propterea
1535 1570 1647 1623 quod
1680 1582 1839 1612 memo-

112 1639 218 1681 riam
259 1639 452 1693 discipuli
484 1641 587 1682 satis
630 1640 814 1683 habeant
856 1644 1103 1695 occupatam
1144 1646 1235 1684 tum
1274 1643 1556 1696 praelectione
1593 1649 1842 1699 praecepto-

114 1727 227 1767 rum,
268 1717 359 1757 tum
391 1728 441 1756 ea
471 1716 644 1769 insuper
676 1717 994 1767 exercitatione,
1037 1731 1164 1771 quam
1198 1718 1304 1759 hora
1334 1719 1522 1772 proxime
1554 1719 1841 1774 subsequente

113 1789 292 1845 obeunt,
334 1790 422 1832 sive
462 1789 516 1831 acl
554 1790 835 1832 eruditionem
876 1792 1140 1842 historicam,
1191 1793 1277 1835 sive
1320 1793 1446 1835 etiam
1494 1793 1547 1835 ad
1590 1794 1842 1838 Latinorum

114 1865 338 1907 verborum
370 1865 533 1918 copiam
566 1867 908 1919 comparandam,
941 1871 1067 1920 prout
1098 1881 1194 1909 mox
1227 1868 1402 1912 dicetur.

250 1940 368 1983 Hora
399 1940 514 1982 VIII.
565 1941 657 1994 (vel
698 1942 839 1994 potius
882 1942 1100 1995 aliquanto
1143 1945 1266 1995 ante)
1314 1947 1568 1996 repetuntur
1608 1950 1839 1999 praecepta

113 2015 248 2070 pridie
280 2015 489 2068 explicata
520 2028 596 2069 pro
628 2028 759 2067 more,
799 2021 928 2070 atque
966 2030 989 2058 a
1022 2017 1228 2070 Magistro
1261 2031 1370 2060 nova
1403 2019 1679 2072 explicantur.
1743 2020 1842 2071 Qui-

113 2090 191 2134 bus
223 2091 263 2132 in
296 2090 523 2133 Rhetorica
563 2092 734 2144 quidem
775 2096 818 2134 et
848 2093 1126 2134 Humanitate
1166 2093 1357 2135 authoris
1398 2106 1568 2148 quoque
1600 2095 1836 2149 explicatio,

114 2169 159 2207 at
199 2166 240 2207 in
280 2179 480 2220 suprema
521 2167 811 2210 Grammatica
850 2168 1090 2221 explanatio
1132 2168 1342 2221 quaedam
1383 2170 1487 2211 artis
1526 2170 1727 2213 metricae
1764 2183 1839 2213 seu

114 2241 217 2283 artis
249 2241 563 2284 condendorum
597 2243 813 2295 eleganter
845 2256 1045 2286 versuum
1067 2243 1352 2297 subjimgitur.
1405 2244 1454 2286 In
1478 2245 1672 2288 omnibus
1695 2249 1839 2288 autem

114 2314 330 2359 Classibus
373 2317 618 2360 exercitatio
666 2317 868 2360 historica
908 2318 1117 2371 lectioque
1158 2321 1306 2372 postea
1346 2319 1539 2361 habetur.
1617 2321 1758 2373 Atque
1798 2321 1840 2362 in

113 2390 250 2433 tribus
293 2391 508 2434 Classibus
549 2392 818 2435 inferioribus
860 2393 914 2434 ad
954 2393 1180 2435 verborum
1221 2393 1385 2446 copiam
1427 2394 1730 2437 conciliandam
1771 2396 1842 2438 illa

114 2466 287 2519 insuper
319 2466 551 2520 suscipitur
581 2467 841 2523 exercitatio,
875 2480 1003 2520 quam
1035 2468 1114 2510 sub
1146 2467 1271 2510 finem
1293 2468 1422 2510 horae
1446 2468 1501 2510 ΙΙ.
1524 2470 1841 2522 pomeridianae

114 2540 239 2583 Feria
270 2541 311 2583 II
343 2543 385 2583 et
416 2542 487 2584 IV.
522 2542 833 2595 suscipiendam
866 2543 889 2597 ξ
916 2546 951 2584 1.
986 2543 1240 2585 dicebamus.
1295 2543 1458 2597 Quippe
1490 2544 1612 2597 hanc,
1644 2546 1724 2587 etsi
1756 2558 1839 2588 non

114 2615 236 2657 valde
268 2616 487 2672 prolixam,
521 2617 713 2659 crebram
746 2607 1031 2673 nihilominus,
1071 2630 1118 2660 ac
1150 2617 1280 2660 ferme
1313 2618 1530 2661 assiduam
1562 2632 1654 2661 esse
1685 2619 1841 2663 idcirco

113 2703 285 2734 necesse
316 2694 394 2746 est,
427 2692 541 2746 quod
563 2692 718 2735 Latina
749 2692 891 2749 verba,
922 2693 1002 2735 nisi
1031 2692 1216 2746 quadam
1238 2694 1549 2736 exercitationis
1573 2694 1839 2747 assiduitate,

114 2777 250 2818 neque
281 2766 581 2820 imprimantur
612 2768 715 2810 satis
749 2768 902 2823 animo,
934 2780 1068 2820 neque
1101 2767 1378 2810 retineantur.
1433 2769 1538 2822 Ejus
1571 2772 1713 2811 autem
1744 2770 1841 2812 obe-

115 2841 253 2883 undae
293 2841 465 2883 modum
507 2846 591 2884 tam
631 2843 796 2885 facilem
836 2842 946 2884 infra
978 2841 1144 2895 (Capite
1177 2845 1214 2884 5.
1248 2843 1339 2884 Art.
1364 2844 1403 2886 8.
1438 2844 1522 2898 §2
1557 2844 1744 2886 Industr.
1778 2847 1838 2897 4.)

114 2927 404 2972 suggeremus,
442 2920 492 2958 ut
527 2930 664 2971 neque
701 2919 917 2971 negotium
957 2918 1089 2960 ullum
1121 2919 1474 2972 Praeceptoribus
1513 2920 1660 2973 possit,
1703 2932 1839 2973 neque

115 2989 345 3046 discipulis,
376 2991 456 3033 nisi
487 2993 776 3049 perexiguum,
814 2994 1034 3035 facessere.
1099 2994 1325 3036 Caeterum
1358 2993 1435 3048 his,
1477 3006 1562 3047 qua
1592 2995 1839 3048 praelectio-

115 3065 238 3107 nibus
272 3078 356 3119 qua
387 3067 756 3111 exercitationibus
789 3072 917 3121 prout
948 3072 1114 3122 tempus
1137 3069 1337 3124 patietur,
1369 3069 1613 3110 nonnullam
1646 3069 1841 3123 expediet

116 3141 369 3194 conjungere
401 3143 774 3199 concertationem,
813 3143 892 3185 nisi
930 3142 1026 3185 huic
1063 3143 1275 3186 semihora
1312 3143 1479 3186 scholae
1512 3147 1727 3197 postrema
1758 3143 1833 3187 im-
