2164 3535
297 238 380 279 372
778 235 1241 281 Pensionats-Padagogik
1268 248 1327 271 um
1355 240 1548 273 1820—30.

435 378 472 418 5.
522 377 676 419 Omnes
708 375 795 418 fere
826 375 1073 433 facultates,
1106 377 1291 430 exceptis
1323 377 1470 431 paucis
1501 377 1580 420 sibi
1618 379 1859 435 reservatis,
1891 379 2027 434 iisque

297 452 642 494 extraordinariis
676 452 755 507 (uti
789 466 824 494 v.
849 465 909 505 gr.
935 452 988 494 ad
1020 452 1313 506 prandendum
1348 456 1481 509 extra,
1515 453 1569 495 ad
1592 454 1906 497 excurrentium
1926 458 2026 507 cet.)

297 528 350 569 ad
381 527 646 570 Praefectum
679 528 918 581 generalem
951 529 1154 571 remittat.
1209 529 1327 580 Quae
1358 532 1501 571 autem
1534 542 1559 571 a
1580 529 1802 573 Praefecto
1838 531 2025 584 generali

295 607 449 656 negata
493 608 611 655 sunt,
654 604 743 658 ipse
784 607 933 658 postea
963 618 1045 646 non
1078 604 1318 660 permittat,
1359 604 1510 648 saltem
1542 605 1622 648 nisi
1658 606 1777 659 prius
1810 619 1898 649 rem
1930 619 2026 650 cum

294 679 513 721 Praefecto
556 680 742 733 generali
775 680 1014 721 contulerit.
1082 705 1130 710 -—
1194 680 1440 723 Facultates
1473 680 1553 723 sibi
1586 684 1824 724 reservatas
1857 682 2023 725 facilius

295 756 516 807 concedet,
558 756 727 809 quando
769 756 859 809 ipse
900 755 1145 798 Praefectus
1189 756 1397 809 generalis
1438 769 1514 810 pro
1555 757 1736 800 alumnis
1777 757 2026 810 intercedit;

294 835 384 873 tum
428 832 538 873 enim
581 832 795 886 utrimque
837 831 884 873 fit
915 832 1077 888 gratia,
1118 834 1161 874 et
1193 835 1374 886 uterque
1407 832 1684 887 superiorum
1715 834 1910 877 lucratur
1940 834 2027 876 ani-

294 920 408 949 mum
442 906 560 964 [-os].

434 985 469 1024 6.
519 983 637 1025 Licet
669 984 914 1026 Praefectus
957 983 1165 1036 generalis
1207 983 1298 1026 sine
1329 984 1509 1026 Rectore
1549 996 1632 1026 non
1674 985 1809 1038 possit
1839 986 2024 1040 majores

293 1058 575 1111 poenitentias
619 1059 837 1112 assignare
880 1060 1022 1112 (puta:
1068 1059 1238 1115 plagas,
1282 1071 1494 1102 carcerem
1527 1062 1646 1115 cet),
1688 1060 1847 1102 alumni
1878 1063 2020 1103 tamen

293 1147 543 1187 persuasum
586 1134 792 1187 habeant,
834 1147 943 1187 quae
974 1135 1220 1177 Praefectus
1264 1135 1472 1188 generalis
1513 1135 1636 1188 facit,
1679 1139 1774 1178 rata
1816 1135 1964 1178 haberi
1997 1149 2022 1178 a

293 1211 492 1265 Rectore,
534 1213 739 1264 tanquam
782 1211 817 1252 si
858 1211 948 1265 ipse
979 1211 1135 1253 Rector
1167 1211 1353 1263 fecisset3
1396 1224 1518 1254 secus
1550 1212 1660 1254 enim
1693 1224 1843 1266 parum
1870 1212 2023 1266 juvare

292 1286 449 1339 poterit
480 1287 702 1329 Rectorem
734 1287 979 1329 Praefectus
1012 1287 1233 1339 generalis.

433 1364 470 1403 7.
518 1362 660 1405 Poena
691 1362 928 1415 plagarum,
962 1362 996 1404 si
1029 1362 1199 1416 quando
1232 1362 1310 1405 1106
1341 1363 1528 1406 remedio
1561 1363 1769 1406 utendum
1793 1363 1887 1419 erit,
1918 1376 2024 1405 nun-

293 1449 420 1490 quam
461 1438 767 1491 constituatur,
811 1438 942 1480 inscio
982 1438 1046 1479 vel
1085 1451 1167 1480 non
1200 1438 1407 1492 probante
1440 1439 1640 1496 Rectore,
1681 1439 1742 1481 ita
1773 1442 1936 1495 tamen,
1976 1441 2025 1481 ut

292 1513 326 1554 si
368 1514 585 1556 commode
624 1513 713 1556 fieri
752 1516 917 1567 potest,
964 1513 1204 1567 puniendus
1245 1514 1502 1568 quandoque
1543 1515 1734 1572 ignoret,
1781 1515 1825 1556 id
1865 1514 1956 1557 fieri
1999 1528 2024 1557 a

291 1589 485 1631 Rectore.

429 1666 466 1707 8.
515 1666 670 1708 Rector
699 1678 782 1707 non
815 1666 871 1707 sit
901 1666 1066 1708 facilius
1100 1666 1141 1708 in
1174 1666 1301 1708 rebus
1335 1665 1598 1721 statuendis,
1636 1666 1772 1708 multo
1804 1666 1943 1709 minus
1977 1667 2019 1708 in

290 1740 354 1791 iis,
387 1753 495 1793 quae
521 1742 611 1794 jam
644 1745 811 1783 mature
843 1741 1078 1784 deliberata
1110 1744 1152 1784 et
1184 1743 1348 1784 statuta
1379 1746 1501 1798 sunt,
1533 1741 1748 1784 mutandis
1781 1746 1823 1784 61
1855 1742 2020 1784 varian-

290 1815 365 1856 dis.
403 1842 451 1845 -—
486 1817 547 1858 Re
581 1817 721 1859 decisa
754 1821 796 1859 et
828 1817 1112 1871 promulgata,
1146 1818 1475 1871 protestationes
1508 1830 1592 1860 non
1625 1817 1837 1871 admittat,
1871 1817 1905 1860 si
1927 1820 2018 1860 tum

289 1891 352 1932 sui
385 1891 531 1945 ipsius,
564 1896 654 1934 tum
686 1893 894 1935 Praefecti
927 1894 1134 1947 generalis
1167 1893 1413 1936 auctoritati
1446 1893 1687 1936 consultum
1719 1893 1832 1935 velit.

427 1975 463 2013 9,
501 1973 677 2028 Saepius
707 1974 1021 2016 exhortationes
1044 1974 1201 2016 habeat
1223 1974 1276 2016 ad
1300 1974 1504 2016 alumnos.
1562 1973 1827 2027 Quandoque
1848 1987 2018 2029 pueros,

290 2048 423 2101 magis
457 2049 625 2091 adultos
657 2051 922 2106 praesertim,
957 2050 1029 2103 qui
1053 2050 1240 2105 consilio,
1273 2050 1570 2092 adhortatione
1592 2049 1782 2103 indigere
1803 2050 2014 2101 videntur,

290 2123 343 2163 ad
385 2137 430 2166 se
468 2128 589 2167 vocet
630 2129 671 2167 et
714 2138 807 2167 cum
849 2126 899 2167 iis
940 2129 1117 2178 paterne
1148 2125 1439 2179 colloquatur,
1481 2125 1734 2168 sciscitando
1748 2159 1759 2181 ,
1801 2138 1901 2168 num
1933 2126 2019 2168 sint

290 2200 498 2251 contenti,
542 2200 752 2253 quomodo
795 2201 983 2250 valeant,
1027 2213 1129 2242 num
1172 2214 1217 2243 re
1259 2200 1402 2253 aliqua
1439 2199 1678 2256 indigeant,
1721 2200 1933 2254 quomodo
1966 2214 2015 2243 ex

289 2274 468 2316 aliorum
507 2276 719 2318 consortio
762 2275 1058 2329 aedificentur,
1098 2288 1198 2317 num
1230 2276 1272 2317 in
1305 2275 1439 2317 literis
1472 2278 1515 2317 et
1546 2275 1666 2317 bonis
1700 2275 1888 2318 moribus
1920 2289 2015 2330 pro-

288 2348 430 2391 ficiant
469 2355 544 2392 cet.
614 2352 942 2394 Exhortationes
984 2351 1140 2394 habeat
1181 2351 1308 2394 etiam
1348 2350 1527 2393 subinde
1569 2350 1623 2392 ad
1663 2353 1831 2394 nostros
1882 2364 2016 2405 eoque

287 2427 489 2481 majorem
523 2441 666 2470 curam
698 2428 853 2471 habeat
884 2428 1058 2481 spiritus
1091 2432 1347 2483 nostrorum,
1380 2440 1463 2481 quo
1487 2427 1718 2481 maj0ribus
1741 2427 1782 2469 in
1806 2426 2011 2470 Convictu

289 2501 633 2545 distractionibus
667 2508 767 2546 sunt
797 2505 987 2558 expositi.

429 2581 490 2621 10.
540 2579 717 2633 Saepius
759 2593 783 2622 a
824 2580 1042 2623 Praefecto
1083 2580 1268 2633 generali
1309 2583 1352 2622 et
1390 2579 1482 2621 aliis
1526 2579 1755 2622 Praefectis
1798 2578 1848 2621 116
1896 2581 2013 2622 statu

287 2654 549 2707 singulorum
591 2657 856 2698 alumnorum
899 2657 1159 2711 sciscitetur,
1209 2658 1256 2697 ut
1294 2656 1387 2698 illos
1426 2656 1466 2697 in
1510 2655 1740 2698 directione
1784 2667 2013 2709 puerorum

281 2731 432 2783 juvare
474 2732 627 2785 possit,
667 2736 709 2774 et
741 2735 788 2774 ut
818 2732 1087 2788 parentibus,
1125 2733 1159 2774 si
1191 2734 1425 2786 quaerunt,
1457 2734 1649 2773 exactam
1681 2731 1888 2773 rationem
1920 2730 2013 2772 red-

289 2805 386 2848 dere
419 2807 562 2859 possit.

428 2884 491 2923 11.
542 2883 764 2936 Epistolis,
808 2897 913 2937 quas
946 2884 1103 2926 alumni
1137 2883 1190 2925 ad
1221 2886 1419 2937 parentes
1452 2881 1662 2937 scribunt,
1703 2881 1794 2935 ipse
1825 2881 2011 2935 quando-

288 2969 367 3009 que
410 2958 595 3011 aliquam
627 2958 781 3000 ]ineam
813 2959 1038 3012 adjungat,
1082 2971 1166 3011 qua
1198 2958 1249 3000 de
1281 2960 1397 3000 statu
1430 2969 1659 3011 puerorum
1691 2959 1889 3011 parentes
1921 2969 2009 2999 cer-

286 3032 414 3075 tiores
446 3034 587 3075 faciat.

428 3110 490 3149 12.
540 3109 694 3151 Visitet
735 3108 913 3151 subinde
957 3109 1232 3151 contubernia
1270 3108 1561 3162 alumnorum,
1602 3109 1828 3161 nontam,
1873 3109 1922 3147 ut
1950 3105 2008 3147 ibi

286 3182 526 3224 immediate
570 3196 635 3225 res
678 3184 861 3237 ordinet,
903 3184 975 3225 sed
1018 3187 1065 3225 ut
1102 3184 1261 3238 videat,
1304 3196 1405 3225 num
1437 3196 1462 3225 a
1493 3181 1713 3224 Praefecto
1744 3181 1929 3234 generali
1964 3183 2006 3222 et
