2164 3535
497 225 598 260 Neue
626 225 987 270 Studienvorschlage
1014 226 1077 261 der
1102 226 1301 261 deutschen
1327 225 1480 260 Provinz
1509 229 1605 262 1830.
1822 232 1904 273 439

188 366 484 421 inducendam,
509 368 598 407 tum
620 365 734 418 quod
754 366 877 409 nimis
899 366 1152 419 generaliter
1173 369 1216 408 et
1237 365 1524 420 philosophice
1545 367 1708 410 litteras
1730 370 1901 423 tractat,

188 445 278 483 tum
320 441 433 494 quod
475 452 573 493 pars
616 452 769 493 magna
809 443 1132 494 praeceptorum
1163 454 1211 483 ex
1244 441 1520 495 Psychologia
1551 442 1750 495 empirica
1783 442 1906 485 desu-

187 515 339 558 menda
369 514 435 556 sit.

324 606 394 648 Ad
427 618 522 659 reg.
548 607 572 647 8
605 606 688 660 §3-
752 606 865 648 Utile
905 610 1037 662 esset,
1079 610 1148 661 ut,
1190 607 1289 649 dum
1331 608 1564 661 explicatur
1608 622 1644 650 v.
1678 621 1715 662 g.
1762 612 1907 651 orator

191 683 361 736 latinUS,
393 680 594 723 afferatur
627 680 782 722 Orator
813 695 848 723 v.
877 682 1008 723 Poeta
1040 683 1303 738 vernaculus,
1337 683 1408 736 qui
1440 684 1652 726 consimile
1683 697 1905 737 argumen-

183 761 273 799 tum
313 756 534 811 tractavit,
575 768 622 798 ac
654 756 858 812 vicissim,
900 757 1000 797 dum
1044 757 1277 810 explicatur
1318 762 1463 800 orator
1507 759 1781 815 vernaculus,
1826 759 1904 802 hac

183 832 342 875 scilicet
374 831 535 873 ratione
566 831 788 884 utriusque
819 831 988 884 linguae
1019 831 1207 873 studium
1239 832 1469 886 impensius
1497 834 1726 876 foveretur.

320 924 391 966 Ad
423 937 518 977 reg.
544 925 580 966 9.
630 923 708 965 Vix
741 923 863 965 aliter
883 923 1039 976 impelli
1060 927 1240 976 possunt
1261 924 1441 966 studiosi
1465 925 1518 966 ad
1540 925 1740 981 laborem,
1776 939 1904 980 quam

181 1000 215 1042 si
248 999 422 1052 singulis
455 999 600 1040 diebus
634 998 877 1040 exercitatio
910 999 1118 1053 exigatur,
1152 999 1250 1052 quin
1285 1002 1512 1052 propterea
1536 1000 1792 1053 impediatur
1814 1001 1901 1043 Ma-

182 1075 334 1129 gister,
376 1087 427 1116 ne
469 1073 701 1128 aliquibus,
743 1086 923 1127 quorum
955 1074 1213 1127 diligentiam
1245 1076 1510 1128 perspectam
1542 1075 1692 1130 habet,
1741 1076 1903 1118 diutur-

181 1151 341 1192 niorem
374 1150 561 1192 laborem
592 1149 796 1206 imponat,
828 1149 975 1191 relicta
1006 1149 1174 1192 interim
1207 1150 1506 1192 exercitatione
1537 1150 1797 1204 quotidiana.

319 1242 389 1285 Ad
420 1255 515 1296 reg.
555 1243 617 1284 10.
681 1243 976 1297 Discrepantia
1014 1242 1257 1296 opinionum
1296 1243 1424 1285 etiam
1456 1243 1599 1285 existit
1631 1243 1742 1285 circa
1774 1256 1901 1297 qnae-

180 1319 376 1371 stionem,
419 1321 563 1360 utrum
602 1318 644 1359 in
677 1318 842 1360 scholas
874 1322 1042 1361 nostras
1073 1319 1285 1361 introduci
1318 1319 1470 1362 debeat
1500 1332 1668 1362 carmen
1700 1332 1901 1362 vernacu-

178 1393 264 1434 lum
306 1405 330 1434 a
368 1393 589 1447 tyronibus
630 1392 958 1436 conficiendum?
1028 1392 1190 1436 Suadet
1228 1396 1341 1436 certe
1380 1396 1422 1437 et
1460 1395 1560 1448 quia
1600 1394 1642 1436 in
1683 1394 1773 1436 aliis
1819 1394 1901 1437 col-

178 1468 296 1521 legiis
328 1468 405 1511 hoc
436 1468 502 1524 fit,
545 1471 588 1510 et
620 1468 719 1521 quia
752 1481 919 1510 carmen
951 1469 1227 1511 vernaculum
1260 1471 1386 1512 etiam
1416 1470 1597 1512 multum
1631 1471 1812 1526 confert,
1852 1472 1901 1512 ut

177 1544 321 1597 lingua
360 1544 598 1586 accuratius
641 1556 688 1586 ac
727 1543 890 1597 plenius
932 1543 1188 1586 addiscatur.
1257 1544 1340 1587 Sed
1379 1546 1526 1587 contra
1557 1544 1789 1587 timendum
1821 1548 1899 1601 est,

177 1619 212 1661 si
237 1619 413 1672 juvenes
444 1619 484 1660 in
517 1618 632 1672 poesi
665 1618 893 1660 vernacula
924 1622 1220 1675 exerceantur,
1258 1632 1310 1662 ne
1351 1622 1401 1662 19
1435 1620 1644 1663 solidioris
1678 1620 1898 1662 doctrinae

176 1706 377 1736 nauseam
409 1693 578 1747 capiant
609 1706 657 1735 ex
689 1693 783 1746 ipsa
814 1694 1039 1736 vernacule
1070 1693 1334 1737 versificandi
1364 1695 1591 1751 facultate,
1625 1697 1676 1737 29
1711 1708 1776 1751 ne,
1808 1695 1899 1737 imi—

175 1768 348 1810 tationis
388 1781 516 1811 causa
556 1768 695 1810 varios
736 1769 1002 1822 perlegentes
1042 1772 1212 1824 poetas,
1259 1781 1426 1811 morum
1466 1769 1702 1823 integritati
1744 1770 1896 1813 vulnus

175 1843 359 1885 inferant
389 1843 455 1885 vix
487 1843 571 1884 ullo
604 1843 790 1885 remedio
823 1844 1082 1899 sanandum,
1114 1846 1176 1899 et,
1210 1843 1309 1885 dum
1341 1844 1536 1887 flosculos
1568 1845 1753 1898 poeticos
1786 1846 1898 1887 colli-

174 1920 299 1973 gunt,
337 1918 469 1960 lateat
507 1919 656 1971 anguis
695 1918 736 1960 in
767 1918 920 1961 herbis.
985 1919 1040 1960 Et
1071 1919 1135 1961 his
1169 1919 1338 1972 quidem
1372 1920 1606 1962 rationibus
1639 1919 1898 1973 suffragatur

175 1992 411 2035 authoritas
455 1993 802 2047 gravissimorum
849 1994 1037 2036 virorum
1079 1995 1176 2036 DD.
1210 1994 1426 2037 Berthelin
1466 1994 1662 2048 (Preface
1709 1995 1765 2037 du
1813 1996 1897 2038 dic-

173 2067 381 2110 tionnaire
421 2068 492 2111 des
535 2069 700 2124 rimes),
740 2069 892 2123 Fleury
927 2069 1087 2122 (Traite
1130 2069 1203 2112 des
1236 2059 1440 2126 Etudes),
1480 2071 1622 2114 Locke
1665 2071 1735 2125 (de
1766 2071 1896 2114 l’edu-

174 2143 310 2185 cation
343 2143 416 2185 des
449 2143 594 2186 enfans
627 2144 670 2186 T.
697 2146 721 2185 2
754 2145 777 2200 ξ
804 2146 916 2200 179),
949 2145 1105 2186 Racine
1137 2145 1325 2199 (Lettres
1359 2144 1383 2187 a
1414 2158 1490 2188 son
1520 2145 1617 2200 fils).

312 2235 381 2276 Ad
413 2249 510 2288 reg.
547 2238 611 2278 1⁶2.
674 2236 864 2278 Delenda
909 2237 1107 2279 videntur
1145 2249 1254 2290 quae
1292 2238 1343 2280 de
1381 2238 1739 2295 Hieroglyphicis,
1786 2254 1894 2295 sym-

171 2311 277 2353 bolis
309 2315 385 2354 etc.
420 2311 630 2363 dicuntur,
663 2315 810 2365 utpote
841 2325 950 2366 quae
982 2316 1082 2355 sunt
1103 2314 1258 2356 nostris
1281 2314 1542 2368 temporibus
1564 2315 1704 2357 minus
1733 2327 1893 2358 accom-

171 2386 355 2428 modata.

308 2467 379 2508 Ad
411 2480 506 2521 reg.
544 2468 607 2509 13.
670 2468 717 2509 In
761 2468 921 2521 graecis
964 2467 1320 2521 quemadmodum
1361 2468 1402 2510 in
1446 2469 1587 2512 latinis
1629 2470 1720 2523 pari
1763 2482 1891 2524 passu

171 2542 360 2595 procedit
392 2542 546 2585 Orator
577 2546 620 2584 et
650 2543 781 2586 Poeta
812 2556 887 2597 per
919 2546 1057 2585 toturn
1090 2544 1187 2585 anni
1219 2544 1488 2586 curriculum.
1541 2569 1594 2574 ——
1647 2545 1751 2587 Post
1781 2545 1889 2588 hanc

170 2629 269 2658 vero
302 2617 491 2670 regulam
521 2617 717 2671 ponenda
748 2621 861 2660 esset
892 2619 1038 2671 regula
1071 2619 1122 2661 de
1153 2618 1403 2661 authoribus
1435 2619 1475 2661 in
1501 2620 1642 2672 lingua
1667 2620 1892 2662 vernacula

170 2692 475 2747 praelegendis,
509 2693 580 2745 qui
614 2693 719 2734 varii
740 2694 978 2736 necessario
1003 2697 1103 2735 sunt
1125 2706 1200 2747 pro
1224 2694 1341 2736 varia
1362 2697 1498 2747 gente.
1551 2695 1675 2738 Unde
1697 2694 1890 2738 sufficere

171 2767 280 2809 forte
311 2771 468 2823 posset,
500 2771 548 2809 ut
579 2770 797 2810 statuatur
827 2768 869 2810 in
902 2769 1064 2821 regula:
1108 2771 1155 2810 κ.)
1189 2769 1360 2811 Nullum
1385 2769 1617 2812 Authorem
1650 2783 1740 2813 esse
1772 2784 1889 2813 assu-

169 2841 380 2896 mendum,
413 2842 492 2884 nisi
523 2842 593 2895 qui
625 2843 810 2884 omnium
833 2855 1039 2885 consensu
1069 2844 1180 2886 inter
1201 2845 1423 2898 primarios
1447 2845 1673 2899 scriptores
1696 2848 1887 2897 (auteurs

170 2916 417 2970 classiques)
451 2917 575 2971 hujus
608 2919 743 2972 gentis
767 2923 1023 2963 recensetur.
1078 2922 1130 2963 29
1166 2920 1279 2962 Nihil
1303 2933 1394 2963 esse
1416 2921 1740 2975 admittendum,
1772 2920 1887 2974 quod

168 2991 294 3033 fidem
335 2993 584 3035 catholicam
616 2994 681 3036 vel
723 2994 853 3036 bonos
886 3006 1024 3036 mores
1057 2994 1315 3038 labefactare
1346 2996 1491 3050 possit.
1555 2996 1606 3038 39
1640 2996 1886 3050 Propterea,

168 3070 375 3120 quantum
406 3067 496 3110 fieri
527 3071 680 3122 potest,
715 3069 996 3123 designandos
1020 3082 1112 3111 esse
1134 3070 1346 3113 Authores
1371 3071 1619 3114 Catholicos.
1647 3096 1699 3100 —-
1723 3071 1883 3113 Electio

169 3145 310 3184 autem
333 3143 572 3185 Authorum
601 3144 643 3185 in
675 3145 813 3198 specie
846 3144 1023 3197 relinqui
1045 3157 1169 3199 posse
1191 3146 1455 3202 Provinciali,
1487 3146 1572 3201 qui,
1605 3145 1759 3187 auditis
1792 3157 1884 3187 cen-
