2164 3535
713 232 788 268 Fur
813 232 882 268 den
909 233 1252 279 Studienprafekten
1281 237 1379 271 1832.
1821 242 1904 283 455

186 373 306 424 sunt,
351 374 514 414 secreta
552 374 721 415 servent
751 371 1027 415 strictissime.
1095 371 1318 426 (Congreg.
1353 373 1446 416 VII.
1479 373 1644 417 Decret.
1670 376 1736 417 23.
1797 377 1904 420 Item

186 444 389 498 Congreg.
412 445 462 487 X.
497 446 662 490 Decret.
682 447 738 499 6.)

321 538 375 579 49
412 537 472 579 Ut
512 537 553 579 in
595 538 784 580 examine
822 538 876 580 ad
915 539 1094 592 gradum
1120 540 1329 593 judicium
1361 553 1485 582 suum
1517 541 1757 595 exprimant
1781 543 1904 597 juxta

182 611 407 653 formulam
440 625 464 653 a
496 612 700 665 Congreg.
726 613 820 655 XII.
853 614 1019 656 Decret.
1040 615 1093 655 22
1125 615 1447 670 praescriptam,
1479 615 1592 669 quod
1625 628 1768 659 omnes
1800 631 1836 659 v.
1861 631 1899 671 g.

181 697 256 738 per
286 685 529 728 Praesidem
570 687 633 728 vel
663 687 931 730 Praefectum
971 688 1210 730 studiorum
1255 690 1308 731 ad
1346 690 1392 731 R.
1427 690 1471 731 P.
1506 690 1556 732 N.
1589 691 1760 733 mittent
1799 695 1902 734 tem-

182 760 343 812 pestive
376 773 460 802 una
493 773 587 803 cum
618 765 719 803 nota
750 762 1025 815 inscriptione
1057 764 1263 818 exterius,
1306 766 1349 806 et
1380 764 1433 806 ad
1464 765 1768 809 Provincialem
1806 780 1901 809 cum

180 833 452 887 inscriptione
485 836 630 877 »soli«.
698 835 923 889 (Congreg.
948 837 1040 878 VII.
1076 838 1241 880 Decret.
1268 840 1353 892 97.)
1414 840 1500 882 Nec
1532 840 1728 883 distincte
1765 841 1901 884 decla-

180 921 275 950 rare
308 909 518 964 omittant,
551 909 650 951 dum
684 910 777 963 quis
810 911 1145 954 mediocritatem
1178 916 1344 955 tantum
1375 914 1516 967 attigit
1538 914 1762 969 (Congreg.
1782 917 1896 959 VIII.

179 982 344 1024 Decret.
369 984 441 1036 37)
481 987 556 1025 aut
595 984 636 1026 in
668 984 848 1039 Physica
890 985 1091 1027 moderna
1128 999 1211 1028 non
1244 1000 1342 1028 eum
1375 987 1591 1030 doctrinae
1622 990 1803 1043 gradum
1834 995 1900 1033 est

178 1061 418 1113 assecutus,
459 1058 532 1111 qui
576 1059 629 1100 ad
669 1059 849 1112 gradum
880 1061 1143 1103 necessarius
1170 1062 1296 1115 juxta
1326 1062 1480 1104 Decret
1510 1063 1597 1106 11⁴².e
1638 1064 1842 1119 Congreg.
1875 1079 1899 1108 a

177 1132 378 1175 restituta
417 1132 639 1175 Societate.
712 1135 764 1175 29
795 1134 843 1176 In
891 1135 1081 1178 examine
1120 1148 1219 1179 vero
1266 1149 1406 1179 annuo
1449 1138 1683 1192 exprimere
1729 1139 1897 1196 debent,

177 1210 322 1249 utrum
364 1208 627 1250 examinatus
667 1209 723 1251 sit
754 1222 903 1265 supra,
946 1210 1011 1252 vel
1042 1211 1174 1266 intra,
1216 1211 1280 1253 vel
1311 1211 1421 1254 infra
1452 1212 1808 1271 mediocritatem,
1849 1220 1898 1257 ut

176 1284 353 1338 constet,
386 1295 487 1324 num
518 1283 571 1324 ob
603 1283 684 1325 alia
715 1284 878 1326 talenta
909 1298 1003 1327 cum
1035 1298 1084 1328 eo
1117 1285 1364 1339 dispensare
1395 1287 1532 1329 liceat.
1586 1288 1728 1341 (Prov.
1759 1289 1894 1332 Paris.

176 1358 242 1398 22.
266 1357 390 1399 Mart.
428 1359 568 1406 1629.)
632 1357 771 1411 Supra
812 1359 1147 1403 mediocritatem
1189 1361 1259 1403 ille
1299 1374 1390 1404 esse
1431 1366 1649 1418 censetur,
1697 1364 1897 1417 quicum

174 1431 462 1474 satisfactione
500 1434 610 1475 tueri
651 1437 794 1486 potest
834 1447 904 1490 ea,
946 1448 995 1477 ex
1034 1436 1188 1489 quibus
1221 1439 1286 1478 est
1318 1438 1595 1481 examinatus.
1658 1439 1778 1481 Intra
1809 1440 1896 1482 sive

174 1507 386 1561 attingens
424 1508 783 1565 mediocritatem,
824 1511 896 1563 qui
938 1523 1048 1564 quae
1090 1511 1252 1554 audivit
1291 1512 1396 1554 bene
1434 1513 1633 1566 intelligit
1674 1518 1717 1555 et
1748 1527 1894 1557 eorum

175 1582 381 1625 rationem
404 1583 581 1625 reddere
603 1586 767 1638 potest3
800 1585 872 1638 qui
895 1597 994 1627 vero
1018 1598 1092 1628 nec
1116 1587 1238 1642 tanti,
1270 1586 1380 1629 infra
1396 1589 1523 1641 jacet.
1562 1588 1785 1642 (Congreg.
1800 1589 1894 1632 VII.

172 1657 338 1699 Decret.
359 1658 445 1711 33.)
467 1683 517 1688 —
539 1660 591 1701 39
624 1660 672 1701 In
695 1660 884 1702 examine
908 1660 959 1702 ad
984 1660 1046 1703 Ss.
1072 1661 1252 1704 Ordines
1277 1664 1320 1705 et
1344 1662 1636 1706 Confessiones
1660 1664 1895 1718 exprimere

173 1731 347 1786 debent,
389 1745 489 1775 num
529 1734 792 1777 examinatus
835 1738 1002 1777 tantum
1040 1735 1196 1779 habeat
1233 1737 1452 1779 doctrinae
1484 1742 1692 1791 quantum
1723 1752 1894 1783 necesse

173 1811 251 1861 est,
282 1810 331 1849 ut
352 1808 570 1852 fructuose
592 1809 739 1852 audire
761 1810 897 1864 possit
918 1810 1225 1854 Confessiones.
1273 1812 1497 1866 (Congreg.
1516 1813 1632 1855 XIII.
1668 1814 1789 1856 Decr.
1808 1815 1891 1866 16.)

982 2110 1008 2165 ἓ
1039 2112 1078 2153 4.

832 2203 904 2246 De
942 2203 1229 2259 suffragiis.

301 2317 349 2359 A.
412 2318 818 2360 Fundamentum
858 2317 1252 2372 Suffragiorum.
1297 2343 1347 2350 —-
1393 2318 1717 2361 Examinatores
1756 2319 1798 2361 in
1829 2320 1887 2362 fe-

165 2391 296 2434 rendo
337 2392 496 2445 judicio
543 2396 722 2446 possunt
766 2393 829 2435 uti
875 2393 1025 2435 notitia
1073 2393 1368 2446 undecumque
1414 2396 1587 2446 accepta
1633 2393 1674 2435 in
1729 2393 1887 2436 bonum

164 2478 330 2521 eorum,
372 2467 443 2520 qui
483 2467 798 2522 examinantur,
840 2468 979 2519 (Prov.
1014 2467 1155 2510 Germ.
1193 2468 1313 2509 1628.
1358 2466 1555 2520 Aquitan.
1593 2469 1734 2519 1619.)
1775 2481 1812 2511 v.
1846 2481 1883 2522 g.

164 2541 333 2595 notitia,
377 2553 486 2594 quae
527 2542 579 2584 de
610 2543 838 2584 examinati
871 2543 1062 2585 doctrina
1094 2542 1276 2584 habetur
1307 2555 1356 2584 ex
1388 2542 1767 2598 disputationibus,
1810 2555 1886 2586 seu

164 2615 255 2657 aliis
278 2615 659 2659 exercitationibus.
713 2617 901 2670 (Flandr.
938 2618 1000 2659 18.
1020 2617 1216 2659 Decemb.
1255 2618 1375 2658 1621.
1425 2616 1588 2659 Gallob.
1624 2619 1660 2660 6.
1681 2617 1883 2660 Novemb.

166 2691 288 2732 1621.
331 2714 381 2721 ——
422 2690 595 2733 Bohem.
630 2692 668 2733 3.
692 2691 789 2733 Iulii
823 2692 965 2743 1637.)
1026 2692 1120 2733 Non
1158 2693 1300 2745 potest
1341 2695 1482 2733 tamen
1514 2691 1777 2734 examinator
1806 2692 1885 2734 hac

162 2765 315 2807 notitia
346 2765 408 2807 uti
440 2766 483 2807 in
515 2766 821 2820 praejudicium
853 2766 1091 2818 examinati,
1123 2767 1184 2808 ita
1215 2767 1386 2819 scilicet,
1422 2770 1470 2809 ut
1480 2800 1492 2823 ,
1525 2767 1560 2809 si
1591 2780 1639 2809 ex
1670 2767 1884 2821 responsis

162 2840 204 2881 in
238 2841 427 2883 examine
459 2841 514 2883 sit
545 2841 718 2897 dignus,
751 2854 826 2883 seu
857 2841 1122 2884 Professione
1155 2853 1229 2884 seu
1261 2854 1490 2895 progressu
1521 2842 1563 2883 in
1595 2842 1767 2892 studiis,
1800 2855 1883 2884 non

163 2915 299 2968 possit
330 2928 426 2957 eum
458 2916 653 2972 rejicere,
694 2916 792 2958 licet
823 2927 870 2957 ex
904 2915 1098 2969 opinione
1131 2915 1299 2958 aliunde
1330 2916 1476 2958 habita
1503 2916 1666 2970 judicet
1696 2916 1884 2970 rejicien-

164 2989 286 3044 dum,
328 3001 426 3031 nam
459 2990 623 3033 favores
655 2993 756 3033 sunt
787 2989 1028 3044 ampliandi.
1092 2990 1280 3043 (Bohem.
1316 2990 1485 3033 30.1u1.
1522 2992 1644 3033 1637.
1706 2990 1883 3044 Angliae

163 3065 227 3106 14.
260 3064 347 3106 Ian.
388 3065 508 3106 1640.
571 3065 707 3108 Tolos.
742 3067 780 3108 8.
805 3064 920 3119 Sept.
955 3065 1097 3118 1629.)
1168 3066 1276 3108 Hinc
1318 3066 1352 3107 si
1384 3066 1524 3119 aliquo
1562 3066 1604 3108 in
1646 3078 1745 3108 casu
1787 3077 1883 3107 con-

164 3138 315 3195 tingat,
348 3139 531 3192 aliquem
562 3140 603 3181 in
636 3140 824 3183 examine
855 3152 936 3182 non
969 3139 1228 3196 satisfacere,
1261 3140 1312 3182 de
1342 3142 1461 3194 cujus
1483 3142 1624 3182 tamen
1647 3139 1880 3183 sufficiente
