2164 3535
503 233 683 268 Deutsehe
709 231 1067 275 Reformvorsehliige
1094 231 1151 265 fiir
1176 230 1233 265 die
1260 231 1301 265 R.
1329 235 1371 265 st.
1401 234 1498 266 1829.
1778 233 1862 273 393

144 371 257 423 dere,
289 370 410 414 facile
441 370 621 424 adjiciet.
677 369 744 411 Sic
776 382 887 411 nunc
918 370 1004 411 fere
1036 368 1205 424 ubique,
1237 369 1387 410 saltem
1420 371 1540 410 extra
1572 368 1750 410 Italiam.
1804 368 1866 410 De

145 446 318 500 reliquis
350 446 432 488 huc
463 444 752 498 spectantibus
785 443 905 485 infrai

283 537 352 579 Ad
385 536 589 589 regulas
617 538 666 577 16
690 540 737 577 et
762 538 826 576 17.
873 536 1204 591 Repetitionum,
1238 537 1576 579 recollectionuin
1610 548 1657 578 ac
1680 536 1867 589 disputa-

148 612 309 654 tionum
340 611 491 653 modus
523 623 570 653 ae
602 622 804 652 numerus
836 610 1034 652 videntur
1066 611 1234 653 omnino
1268 611 1450 665 pendere
1484 611 1537 653 ab
1569 611 1716 653 ordine
1749 623 1867 665 prae-

150 686 399 741 lectionum,
442 685 513 739 qui
545 685 586 727 in
628 685 769 738 aliquo
814 684 988 736 collegio
1020 684 1060 726 in
1094 698 1210 727 more
1250 687 1414 739 positus
1447 689 1585 741 esset,
1621 698 1783 727 necnon
1815 686 1867 728 ab

149 761 289 803 indole
336 760 591 803 auditorum.
664 760 743 801 Hie
789 759 868 802 loci
914 759 1014 801 nihil
1064 759 1260 813 impedit,
1307 761 1532 813 quominus
1581 760 1869 814 philosophiae

148 837 363 890 professor
393 835 666 889 repetitiones
700 847 746 876 ac
779 834 1089 887 disputationes
1123 834 1385 887 praescripto
1420 838 1622 889 tempore,
1655 835 1718 877 vel
1741 835 1868 877 etiam

147 914 267 953 actus
299 910 531 962 solemnes,
564 912 612 951 ut
641 909 824 951 habetur
856 922 940 961 reg.
970 911 1041 963 19,
1072 909 1287 959 instituat3
1320 922 1467 951 verum
1500 910 1668 951 omnino
1701 909 1869 952 difficile

147 987 258 1029 foret
300 985 470 1038 adigere
512 984 728 1026 auditores
760 984 813 1025 ad
856 984 1003 1025 audita
1043 984 1153 1025 inter
1191 996 1235 1026 se
1277 984 1499 1026 recolenda
1534 985 1656 1038 juxta
1689 997 1773 1037 reg.
1803 987 1868 1027 16.

149 1061 258 1103 Alibi
290 1060 393 1102 haec
433 1058 650 1101 commode
682 1058 805 1114 fient,
846 1058 1067 1111 superiora
1098 1070 1198 1100 vero
1238 1058 1401 1111 magnis
1445 1058 1764 1101 difficultatibus
1796 1059 1870 1101 im-

148 1135 385 1190 pedientur,
417 1133 668 1188 praesertim
693 1133 762 1175 ubi
794 1133 916 1174 multi
939 1136 1040 1174 sunt
1071 1133 1331 1186 professores
1357 1138 1398 1176 et
1421 1133 1588 1176 scholae
1619 1146 1694 1187 pro
1718 1133 1870 1176 studiis

149 1210 454 1264 superioribus.
527 1209 678 1262 Itaque
719 1208 846 1250 etiam
886 1208 952 1249 hic
993 1208 1301 1250 attendendum
1342 1209 1510 1251 videtur
1550 1209 1603 1251 ad
1645 1221 1715 1262 ea,
1761 1221 1871 1262 quae

146 1298 277 1340 supra
308 1286 377 1340 §7
411 1284 464 1326 ad
496 1296 581 1336 reg.
610 1286 660 1325 14
694 1283 929 1325 retulimus.

286 1377 359 1418 Ad
391 1389 487 1430 reg.
523 1377 588 1418 20.
642 1377 767 1418 Ratio
799 1377 960 1419 formae
992 1377 1032 1418 in
1067 1376 1342 1430 disputando,
1382 1379 1509 1429 prout
1540 1377 1580 1418 in
1613 1377 1691 1419 hac
1723 1377 1871 1430 regula

150 1452 404 1495 describitur
437 1455 479 1494 et
510 1451 753 1503 ordinatur,
792 1452 917 1494 hodie
949 1452 1152 1505 plurimos
1187 1452 1343 1505 ubique
1377 1451 1642 1493 adversarios
1675 1451 1871 1494 inveniet.

151 1527 434 1570 Nihilominus
465 1529 629 1582 tamen,
664 1527 788 1580 juxta
820 1527 933 1568 dicta
965 1529 1034 1580 §7
1069 1527 1128 1568 ad
1161 1527 1406 1577 Titulum,
1448 1539 1622 1579 prorsus
1656 1526 1874 1568 retinenda

154 1603 323 1645 videtur
345 1606 563 1655 tamquam
596 1602 802 1656 optimum
835 1602 1127 1655 adjumentum
1161 1601 1215 1643 ad
1237 1604 1427 1643 exactam
1460 1601 1659 1644 scientiae
1681 1601 1874 1643 notitiam

151 1676 472 1731 acquirendam,
520 1681 562 1719 et
601 1677 654 1718 ad
687 1677 881 1718 vitandas
924 1677 1215 1720 aberrationes
1257 1675 1381 1718 hodie
1421 1676 1461 1717 in
1504 1688 1549 1718 re
1587 1675 1876 1730 philosophica

150 1752 273 1795 valde
303 1752 544 1805 frequentes
577 1764 625 1794 ac
657 1764 782 1805 saepe
819 1751 1091 1805 periculosas.
1159 1751 1324 1793 Interea
1355 1753 1496 1792 tamen
1529 1750 1571 1792 id
1597 1752 1693 1805 jure
1725 1751 1875 1793 merito

152 1826 383 1869 desiderari
414 1839 538 1880 posse
577 1826 764 1882 videtur,
805 1830 873 1878 ut,
915 1840 990 1880 pro
1032 1826 1235 1868 hodierno
1278 1825 1520 1879 disputandi
1553 1826 1696 1881 modo,
1738 1826 1809 1868 ubi
1840 1825 1875 1868 is

153 1901 291 1944 adhuc
321 1902 456 1956 viget,
497 1914 580 1943 non
612 1901 716 1943 satis
749 1901 904 1943 habeat
945 1900 1171 1943 defendens
1205 1913 1299 1942 cum
1342 1900 1462 1942 arida
1499 1913 1673 1954 prorsus
1708 1913 1877 1954 respon-

153 1976 288 2018 sione:
320 1976 542 2018 concedo
566 1976 629 2018 vel
662 1988 807 2029 nego,
842 1976 904 2017 vel
938 1976 1203 2028 distinguo
1235 1976 1475 2029 majorem
1509 1979 1585 2017 aut
1615 1976 1877 2020 minorem:

153 2052 227 2094 sed
258 2051 382 2094 simul
415 2051 612 2105 explicet,
653 2064 735 2105 quo
768 2064 894 2094 sensu
927 2065 1015 2094 rem
1046 2052 1303 2094 intellectam
1336 2051 1454 2101 velit3
1495 2051 1593 2093 lieet
1625 2054 1788 2104 tamen,
1831 2054 1879 2092 ut

154 2127 195 2168 in
228 2126 374 2169 eadem
406 2127 553 2179 regula
583 2129 779 2182 notatur,
822 2139 921 2169 suas
954 2127 1139 2168 rationes
1172 2128 1215 2168 et·
1246 2126 1551 2169 declarationes
1597 2126 1878 2169 obtrudere

155 2214 237 2244 non
261 2201 414 2243 debeat
434 2202 589 2257 invitis,
622 2205 749 2256 certe,
782 2201 853 2243 ubi
876 2201 1171 2243 scholasticam
1196 2201 1442 2243 methodum
1466 2201 1646 2243 retinere
1670 2201 1878 2255 volumus,

157 2276 295 2318 omnia
317 2276 441 2318 simul
473 2276 608 2318 vitare
641 2276 856 2331 debemus,
889 2289 997 2329 quae
1031 2276 1212 2319 dedecus
1236 2276 1278 2317 in
1311 2276 1425 2317 illam
1459 2276 1664 2329 conjicere
1687 2278 1879 2329 possent&

157 2354 201 2393 et
241 2351 345 2393 nihil
386 2350 509 2392 hodie
549 2351 682 2404 magis
723 2364 920 2404 perosum
960 2354 1044 2406 est,
1090 2363 1217 2404 quam
1252 2352 1447 2404 Jejunum
1488 2350 1592 2392 illud
1640 2350 1879 2401 concedo,

157 2438 301 2481 nego,
335 2425 618 2480 distinguo,
651 2438 760 2479 quae
792 2426 920 2468 verba
951 2426 1078 2467 etiam
1108 2438 1129 2467 e
1161 2425 1404 2467 rudioribus
1437 2437 1561 2477 1111115,
1594 2424 1759 2467 modica
1792 2428 1880 2467 tan-

160 2504 251 2543 tum
283 2501 516 2554 praemissa
548 2500 860 2551 exercitatione,
893 2501 1084 2554 apposite
1116 2499 1328 2542 balbutire
1360 2499 1562 2554 addiscet,
1594 2500 1628 2541 si
1660 2502 1882 2553 praeterea

160 2575 262 2617 nihil
303 2576 483 2630 amplius
523 2576 778 2630 requiratur.
852 2576 1023 2618 Minime
1065 2579 1204 2618 tamen
1246 2574 1418 2617 intendo
1459 2574 1644 2628 aliquam
1686 2575 1727 2616 in
1769 2575 1880 2617 illius

162 2651 334 2704 regulae
379 2651 517 2693 verbis
564 2651 843 2693 mutationem
889 2664 1143 2705 proponere3
1191 2653 1337 2691 utrum
1382 2650 1425 2691 id
1472 2649 1685 2703 expediat,
1738 2662 1881 2703 necne,

163 2725 314 2768 saltem
336 2725 377 2767 in
410 2726 590 2779 gratiam
623 2738 704 2767 non
735 2725 903 2779 quidem
936 2729 1108 2767 nostrae
1140 2724 1355 2766 societatis
1387 2724 1616 2777 hominum,
1649 2724 1724 2766 sed
1747 2728 1882 2767 exter-

163 2813 334 2856 norum,
376 2800 417 2842 in
450 2813 630 2854 quorum
662 2813 812 2842 manus
853 2800 1091 2842 studiorum
1126 2799 1232 2841 ratio
1276 2798 1472 2841 devenire
1503 2801 1668 2854 posset,
1710 2798 1752 2840 id
1784 2811 1881 2855 pru-

167 2874 427 2917 dentioribus
460 2874 770 2918 discutiendum
802 2875 1004 2927 relinquo.
