2164 3535
221 206 301 247 182
756 202 1033 247 Heranbildung
1057 203 1121 237 der
1145 202 1284 237 Lehrer
1311 205 1409 238 1619.

220 356 270 385 ex
300 342 525 397 praelectis
558 342 600 384 in
633 342 787 386 Schola
808 342 873 384 vel
896 341 989 384 aliis
1022 341 1282 385 facilioribus
1305 343 1494 397 ejusdem
1518 343 1744 400 Ciceronis,
1775 343 1948 399 Mureti,

219 418 434 474 Mauretii,
468 418 631 471 Bembi,
663 421 712 459 ut
740 430 788 459 ex
821 417 999 459 lectione
1022 417 1199 470 spiritus
1223 417 1445 469 excitetur,
1478 420 1520 460 et
1551 418 1718 471 ingenio
1739 417 1948 471 quaedam

219 494 444 536 latinitatis
468 494 629 548 species
660 493 943 547 imprimatur.
992 499 1024 535 b.
1060 492 1241 535 Sensum
1264 493 1480 536 Thematis
1504 496 1546 535 et
1570 493 1718 536 modos
1749 492 1951 546 loquendi

220 569 340 623 prius
372 569 478 610 bene
510 569 744 624 intelligat,
777 581 905 621 quam
938 568 1068 610 latine
1102 568 1267 610 reddat.
1332 587 1363 613 ο.
1405 568 1583 621 Cognito
1617 581 1743 611 sensu
1775 571 1952 610 conetur

221 657 315 686 eum
348 643 582 697 prudenter
614 647 656 685 et
686 642 870 685 fideliter
901 643 1040 685 verbis
1073 644 1256 697 propriis
1295 647 1338 686 et
1377 644 1520 686 latinis
1559 643 1728 698 efferre,
1771 642 1950 685 servatis

223 719 423 774 numeris,
456 718 721 772 temporibus
754 722 796 760 et
826 718 1032 771 personis,
1086 724 1124 761 d.
1150 718 1379 760 Vocabulis
1411 719 1592 761 inventis
1625 717 1825 760 adhibeat
1848 717 1952 771 Syn-

222 794 351 849 taxin,
383 797 432 835 ut
463 794 602 835 omnia
634 793 833 847 disponat
864 793 1097 835 secundum
1130 794 1314 849 regulas,
1347 798 1389 836 et
1421 794 1525 835 nihil
1557 794 1635 836 hoc
1657 807 1693 835 v.
1728 794 1799 835 illo
1825 792 1950 835 modo

222 869 450 922 exprimat,
490 870 610 923 qu'us
641 869 850 911 rationem
882 868 984 910 dare
1015 872 1211 921 nequeat.
1277 886 1307 912 e.
1349 869 1482 911 Facta
1520 869 1836 910 constructione
1869 867 1952 909 sin-

226 945 346 998 gulas
379 945 575 998 periodos
614 945 826 986 examinet
867 946 909 986 et
951 944 1211 997 consideret,
1254 957 1357 986 num
1398 945 1557 998 aliquid
1597 944 1735 986 adhuc
1777 942 1952 985 latinius

225 1020 345 1062 reddi
384 1021 519 1073 possit
558 1033 606 1062 ex
648 1020 765 1073 prius
808 1033 832 1062 a
864 1032 908 1061 se
941 1020 1080 1075 lectis,
1123 1020 1300 1075 auditis,
1344 1020 1488 1063 relatis
1528 1020 1569 1061 in
1610 1019 1854 1062 adversaria
1889 1018 1952 1061 vel

224 1109 273 1138 ex
305 1095 494 1149 probatis
527 1095 747 1148 phrasium
779 1095 942 1137 libellis.
994 1102 1029 1150 f.
1064 1095 1305 1149 Antequam
1339 1095 1564 1151 describat,
1597 1094 1785 1137 resolvat
1815 1094 1953 1136 denuo

223 1172 265 1213 in
299 1184 398 1213 suas
441 1170 776 1213 constructiones
817 1173 953 1212 totam
991 1171 1282 1225 scriptionem,
1322 1174 1369 1212 ut
1406 1169 1509 1212 nihil
1549 1170 1591 1212 in
1633 1183 1682 1212 ea
1724 1170 1799 1225 sit,
1840 1169 1955 1223 quod

226 1246 450 1289 defendere
491 1258 574 1287 non
611 1246 758 1299 possit.
823 1264 864 1300 9.
911 1245 1207 1299 Subjungatur
1248 1246 1435 1288 Examen
1478 1245 1530 1288 de
1568 1245 1873 1299 orthographia
1912 1247 1956 1286 et

227 1321 529 1375 commatibus,
571 1321 835 1374 caeterisque
878 1320 1232 1363 distinctionibus.
1297 1322 1353 1362 Et
1393 1321 1493 1374 quia
1526 1320 1579 1363 ad
1610 1320 1803 1363 Infimam
1837 1320 1955 1363 Clas-

226 1409 313 1439 sem
346 1396 514 1449 saepius
546 1410 622 1450 per
654 1409 810 1438 annum
843 1396 912 1438 alii
946 1400 1074 1450 atque
1106 1397 1175 1438 alii
1208 1397 1378 1439 aliunde
1411 1396 1639 1451 accedunt,
1679 1395 1955 1450 componendi

227 1472 466 1524 argumenti
499 1472 667 1514 omnino
700 1472 828 1514 rudes
861 1477 903 1514 et
934 1472 1139 1526 imperiti,
1179 1485 1260 1514 non
1304 1472 1379 1514 abs
1419 1485 1465 1514 re
1504 1472 1630 1514 faciet
1661 1471 1887 1525 Magister,
1921 1471 1954 1513 si

227 1547 441 1589 interdum
472 1548 609 1600 prima
641 1547 747 1589 hora
778 1547 990 1589 matutina
1027 1548 1118 1589 loco
1150 1549 1342 1601 privatae
1375 1548 1615 1601 scriptionis
1647 1547 1859 1601 publicam
1891 1546 1956 1588 in-

227 1623 393 1678 stituat,
426 1626 468 1664 et
501 1623 615 1664 clara
648 1635 748 1665 voce
782 1623 989 1664 dictatum
1021 1623 1336 1666 breviusculum
1370 1626 1668 1676 argumentum
1702 1635 1797 1664 cum
1832 1621 1955 1664 disci-

227 1698 337 1752 pulis
370 1698 429 1739 ita
452 1701 689 1753 componat,
722 1701 783 1749 ut,
816 1698 910 1751 quis
932 1698 1082 1739 modus
1116 1698 1156 1739 in
1180 1698 1468 1752 componendo
1501 1698 1710 1740 tenendus
1744 1698 1812 1749 sit,
1845 1698 1957 1740 clare

228 1773 463 1825 intelligere
496 1776 539 1815 et
579 1773 797 1815 addiscere
839 1774 1004 1826 possint
1040 1774 1163 1827 juxta
1210 1775 1259 1815 14
1299 1778 1527 1827 praecepta
1568 1773 1816 1827 Syntaxeos,
1849 1785 1958 1826 quae

228 1852 328 1890 sunt
359 1849 635 1902 praescripta.

372 1926 434 1964 17.
485 1925 532 1965 In
564 1924 823 1966 Rhetoribus
856 1928 898 1966 et
929 1924 1194 1966 Humanistis
1226 1924 1431 1977 exigenda
1462 1925 1739 1978 scriptionum
1773 1925 1956 1967 varietas

228 1999 269 2040 in
312 1999 502 2040 oratione
539 2000 700 2049 soluta,
739 2000 1066 2053 topographiae,
1105 2000 1390 2053 ethnologiae.
1423 2013 1740 2053 prosopopoeae
1773 2000 1957 2053 descrip-

230 2075 386 2127 tiones,
434 2078 476 2116 et
522 2078 781 2128 temporum,
831 2075 1156 2128 elementorum,
1202 2076 1402 2117 itinerum
1448 2089 1524 2129 per
1569 2076 1723 2131 maria,
1770 2075 1957 2131 flumina,

230 2150 369 2204 lacus,
411 2153 568 2205 terras,
606 2163 682 2203 per
719 2150 857 2192 varias
890 2150 1147 2205 provincias,
1186 2151 1332 2203 urbes,
1375 2150 1714 2206 naufragiorum,
1752 2151 1956 2204 exspolia-

231 2224 407 2279 tionum,
441 2225 706 2278 aliorumque
735 2226 1021 2280 periculorum
1054 2226 1319 2268 narrationes
1352 2226 1619 2280 multiplices,
1650 2225 1834 2281 fabulae,
1865 2226 1956 2268 bre-

231 2312 302 2341 ves
334 2299 527 2353 Apologi,
561 2301 777 2353 Epistolae
810 2301 1069 2353 artificiales,
1102 2302 1216 2343 Usus
1248 2314 1323 2343 seu
1357 2301 1527 2351 Chriae,
1561 2306 1703 2354 partes
1737 2301 1955 2352 orationis,

231 2375 504 2428 praescriptis
537 2376 756 2428 thematis,
790 2389 872 2417 non
906 2376 1152 2428 vulgaribus
1185 2379 1227 2417 et
1252 2376 1422 2430 jejunis,
1455 2376 1528 2417 sed
1559 2376 1787 2428 ingeniosis
1820 2380 1863 2418 et
1893 2380 1956 2418 ta-

232 2450 363 2505 libus,
407 2463 515 2503 quae
555 2451 648 2492 illos
691 2450 802 2505 foro,
846 2451 1008 2503 curiae,
1045 2451 1233 2505 judiciis,
1277 2451 1460 2493 conciliis
1502 2454 1544 2493 et
1585 2451 1723 2494 causis
1765 2451 1955 2493 civilibus

233 2529 396 2578 aptant,
429 2526 572 2579 qualia
603 2526 731 2568 habet
755 2527 1039 2576 Quintilianus
1071 2527 1111 2567 in
1142 2527 1228 2568 suis
1251 2526 1654 2579 Declaniationibus,
1687 2531 1730 2569 et
1761 2527 1801 2568 in
1836 2526 1954 2568 libris

234 2600 630 2643 Controversiarum
664 2601 823 2643 Seneca
855 2605 898 2643 et
929 2602 971 2643 in
1004 2602 1122 2644 libris
1156 2602 1468 2644 Suasoriarum.

375 2682 438 2722 18.
473 2682 521 2723 In
546 2681 747 2723 Oratione
778 2682 923 2737 ligata,
947 2682 1176 2735 Epopoeia,
1200 2682 1362 2735 Elegia,
1396 2681 1499 2731 Ode,
1532 2682 1704 2736 Ecloga,
1736 2682 1955 2735 Aenigma,

235 2755 447 2809 Gryphus.
482 2757 769 2811 Epigramma,
802 2757 1037 2807 Emblema,
1071 2757 1330 2811 Symbolum,
1363 2756 1529 2811 Satyra,
1563 2757 1826 2809 Comoediae,
1856 2757 1956 2799 Tra-

234 2831 427 2882 goediae,
460 2832 615 2885 Hymni
649 2832 722 2887 [sc.
757 2845 836 2874 usu
871 2831 1075 2887 veniuntl.
1138 2832 1386 2874 Exercenda
1426 2836 1569 2874 autem
1602 2833 1735 2885 primo
1770 2833 1955 2874 omnium

235 2906 439 2947 Iuventus
471 2907 512 2947 in
545 2907 777 2949 scribendis
811 2908 1037 2961 poematis,
1071 2912 1113 2950 et
1144 2907 1464 2950 assuefacienda
1507 2908 1559 2949 ad
1598 2908 1754 2961 stylum
1786 2920 1955 2963 purum,

234 2981 407 3034 planum
440 2984 481 3022 et
514 2985 709 3034 apertum
743 2982 795 3023 ad
827 2983 1106 3024 imitationem
1130 2982 1268 3025 Ovidii
1300 2983 1583 3035 autVi1·gilii;
1619 2983 1812 3037 Satyrico
1844 2995 1954 3024 mor-

235 3055 348 3110 daci,
390 3056 608 3098 involucro
641 3059 681 3099 et
714 3058 899 3100 tenebris
932 3058 1055 3112 pleno
1087 3071 1170 3100 non
1203 3058 1408 3100 utendum
1448 3058 1527 3101 nisi
1571 3071 1636 3100 res
1677 3058 1770 3111 ipsa
1801 3058 1953 3111 exigat.

236 3129 467 3172 Scribenda
506 3131 846 3187 Epigrammata,
880 3132 1147 3175 Emblemata
1185 3136 1226 3174 et
1267 3132 1330 3174 his
1371 3133 1623 3187 consimilia,
1666 3133 1719 3174 ab
1762 3132 1812 3174 iis
1854 3132 1954 3187 fere,
