2164 3535
277 237 332 277 44
825 235 1128 271 Oberrheinische
1156 236 1461 272 Klassenbucher.

282 375 471 419 ordinem
503 377 879 433 Argumentorum,
912 391 1021 431 quae
1054 377 1412 432 complectuntur,
1447 379 1652 422 collocata
1681 381 1686 430 Ι
1714 380 1796 422 Pro
1829 394 1908 423 usu
1935 414 1938 420 .
1966 413 1973 421 .
1999 414 2007 422 .

282 452 528 505 Vorangeht
560 452 626 495 die
659 453 795 496 Lehre
827 466 922 495 vom
954 452 1216 509 Epigramm,
1248 466 1316 507 pp.
1342 456 1407 496 71.

418 540 505 582 Der
547 540 734 594 grossere
777 540 1074 583 Katechismus
1117 539 1190 582 des
1233 540 1428 583 Canisius
1478 554 1564 583 war
1604 542 1746 596 eigens
1787 542 2009 598 gedruckt,

280 614 412 658 daher
444 615 518 657 der
549 616 616 658 dic
646 616 795 658 Po'e'tik
828 614 1031 658 treffende
1063 615 1151 658 Teil
1183 615 1300 658 nicht
1331 617 1388 658 im
1421 616 1701 660 Schulbuche.

280 952 333 995 E.
382 952 695 1008 Wi1·zburger
725 952 1198 1007 (Oberrheinisches)
1228 953 1510 999 Schulbuch
1542 954 1623 997 fiir
1655 955 1734 998 die
1755 955 2009 999 Rhetorik.

1083 1029 1204 1070 1735.

416 1132 816 1176 *Institutiones
836 1132 840 1188 Ι
859 1133 1169 1176 Rhetoricae
1190 1133 1193 1189 Ι
1218 1133 1659 1176 Graeco-Latinae
1684 1133 1687 1189 Ι
1713 1134 1775 1176 De
1796 1133 1846 1176 iis
1871 1132 1875 1190 Ι
1901 1147 2009 1188 quae

277 1208 490 1261 pertinent
521 1212 612 1250 tum
644 1208 697 1251 ad
720 1208 954 1252 Artificium
983 1209 986 1265 Ι
1011 1210 1324 1252 construendae
1347 1209 1575 1265 Orationis,
1599 1208 1604 1265 Ι
1635 1212 1726 1251 tum
1756 1209 1809 1251 ad
1830 1209 2006 1265 Poesinl

278 1283 487 1340 Lyricam,
519 1288 607 1326 tam
639 1284 850 1341 Latinam,
882 1299 1010 1339 quam
1038 1288 1043 1338 Ι
1072 1285 1295 1342 Graecam,
1323 1289 1328 1338 Ι
1356 1286 1404 1328 In
1426 1286 1554 1328 Facil.
1590 1317 1598 1325 .
1632 1317 1641 1326 .
1677 1319 1685 1326 .
1723 1294 1765 1329 ιιι
1794 1303 1930 1340 supra
1958 1319 1966 1327 .
1997 1318 2006 1326 .

276 1358 318 1399 in
350 1359 576 1402 Rhetorica
603 1362 607 1412 1
637 1360 741 1402 IHS
771 1364 775 1413 Ι
805 1361 1073 1414 Wirceburgi
1104 1361 1204 1404 ibid.
1241 1387 1290 1391 —
1326 1362 1413 1404 Das
1448 1360 1689 1404 Schulbuch
1721 1360 1904 1403 euthalt:

418 1449 452 1488 1.
488 1447 541 1488 M.
577 1447 703 1488 Tullii
736 1447 818 1490 Cic.
853 1447 972 1504 Vita,
1007 1460 1064 1490 or.
1099 1461 1174 1502 pro
1210 1448 1387 1503 Milone,
1419 1460 1496 1502 pro
1529 1448 1744 1502 Marcello,
1776 1459 1853 1501 pro
1885 1447 2009 1500 Dejo-

279 1526 384 1564 taro.
447 1536 485 1576 p.
514 1524 694 1565 1—132.

416 1612 453 1651 2.
489 1610 535 1661 Q.
560 1610 725 1652 Horatii
750 1610 810 1652 Fl.
836 1610 1083 1652 Carminum
1115 1609 1185 1652 lib.
1214 1613 1231 1652 1
1267 1614 1309 1651 et
1342 1612 1365 1651 ‘2
1397 1609 1593 1663 perbrevi
1625 1609 1885 1663 expositione
1915 1610 2008 1652 illu-

278 1688 436 1727 stratos
469 1699 543 1738 pro
578 1699 657 1728 usu
681 1719 688 1727 .
715 1718 722 1726 .
749 1718 756 1726 .
781 1685 822 1727 in
856 1686 1083 1728 Rhetorica
1108 1719 1115 1725 .
1142 1718 1148 1725 .
1176 1718 1183 1726 .
1211 1694 1255 1729 ut
1285 1703 1434 1739 supra,
1469 1698 1535 1738 pp.
1563 1686 1628 1727 96.

417 1772 453 1813 3.
491 1772 606 1814 Lucii
638 1772 797 1814 Annaei
823 1772 1006 1814 Senecae
1030 1771 1316 1814 Cordubensis
1343 1771 1580 1825 Tragoedia
1601 1771 1805 1813 Hercules
1829 1772 2004 1814 Furens.

279 1846 383 1889 Cum
407 1847 528 1890 Notis
551 1847 616 1889 Ad
646 1860 769 1890 usum
792 1847 1070 1889 Academicae
1097 1847 1140 1888 in
1163 1847 1389 1889 Rhetorica
1419 1846 1658 1889 Iuventutis
1681 1880 1688 1887 .
1716 1881 1722 1887 .
1748 1880 1755 1887 .
1786 1855 1828 1890 nt
1858 1864 2006 1902 supra,

278 1935 344 1975 pp.
372 1924 436 1963 76.
1051 1971 1054 1976 Ι

417 2000 453 2039 4.
488 1998 812 2041 Institutionum
841 2001 845 2050 Ι
874 1998 1228 2041 Rhethoricarum
1255 2001 1260 2050 Ι
1289 2011 1313 2039 a
1341 2001 1345 2049 Ι
1373 1999 1421 2040 R.
1455 1998 1498 2039 P.
1532 1997 1657 2051 Cypr.
1693 1996 1841 2040 Soario
1875 1997 1914 2040 S.
1939 1997 2003 2053 ξΪ.Ι

281 2086 329 2115 ex
357 2074 599 2125 Aristotele,
633 2074 833 2116 Cicerone
865 2076 907 2116 et
939 2074 1222 2128 Quintilliano
1257 2073 1483 2127 praecipue
1516 2073 1864 2126 depromptarum
1892 2076 1896 2125 Ι
1925 2073 2008 2114 Va-

280 2150 522 2202 riorumque
559 2150 799 2192 Authorum
839 2149 1185 2205 Commentariis
1224 2150 1542 2191 Illustratarum
1571 2151 1575 2200 Ι
1604 2148 1721 2190 Libri
1760 2147 1863 2190 Tres
1891 2150 1896 2200 Ι
1923 2148 2006 2190 Pro

280 2238 391 2267 usu.
419 2257 425 2264 .
453 2258 459 2265 .
524 2225 650 2267 Jedcs
683 2225 803 2267 Buch
835 2225 976 2278 eigens
1009 2225 1237 2278 paginiert:
1276 2226 1377 2275 1423
1412 2225 1486 2274 62;
1522 2224 1587 2265 76.

418 2314 455 2353 5.
491 2312 533 2354 C.
569 2311 751 2354 Cornelii
779 2315 784 2364 Ι
812 2311 944 2354 Taciti
972 2314 978 2363 Ι
1005 2311 1190 2353 Annales
1219 2315 1223 2360 Ι
1252 2311 1375 2353 Notis
1408 2310 1618 2353 Illustrati
1645 2314 1651 2360 Ι
1679 2310 1761 2352 Pro
1795 2322 1874 2352 usu
1907 2341 1916 2350 .
1950 2342 1959 2350 .
1995 2342 2003 2351 .

283 2388 383 2429 Vita
415 2390 457 2429 et
487 2387 635 2429 Annal.
675 2391 708 2429 1.
744 2390 797 2441 2.,
829 2401 897 2442 pp.
926 2389 1017 2429 152.

420 2476 454 2514 (5v
490 2475 812 2516 Institutionum
842 2478 846 2526 Ι
875 2475 1066 2527 Linguae
1099 2474 1287 2516 Graecae
1316 2478 1320 2527 Ι
1348 2475 1496 2517 Jacobi
1519 2473 1709 2516 Gretseri
1736 2475 1741 2524 Ι
1771 2473 1810 2515 S.
1836 2472 1876 2514 J.
1905 2475 1909 2524 Ι
1938 2472 2005 2514 Li-

280 2550 355 2592 ber
394 2551 580 2601 Quartus
615 2554 618 2603 Ι
654 2552 716 2593 De
749 2554 753 2603 Ι
789 2550 1056 2605 Syllabarum
1092 2550 1360 2592 Dimensione
1388 2553 1392 2601 Ι
1420 2551 1502 2591 Pro
1541 2562 1621 2591 usu
1656 2581 1663 2590 .
1696 2583 1704 2590 .
1737 2581 1776 2589 ..
1809 2562 1878 2603 pp.
1906 2549 2004 2598 1023

280 2625 345 2667 Jo.
381 2625 671 2680 Chrysostomi
704 2627 765 2667 De
798 2625 937 2668 Sacris
970 2625 1171 2668 Precibus
1205 2626 1351 2668 Oratio
1378 2629 1394 2667 l
1431 2639 1469 2678 p.
1499 2626 1732 2667 103—1413.

421 2714 457 2752 7.
491 2712 590 2753 Ilias
614 2713 654 2765 (i.
680 2726 713 2754 e.
738 2713 892 2766 Rhaps
922 2714 962 2761 1)
992 2716 996 2765 Ι
1025 2713 1198 2755 Homeri
1228 2715 1231 2764 Ι
1262 2713 1322 2753 Ex
1347 2712 1550 2753 Versione
1579 2714 1583 2763 Ι
1612 2710 1826 2764 Spondani
1852 2709 1856 2765 Ι
1882 2709 2003 2751 Notis

282 2787 338 2828 Et
369 2787 712 2840 Expositionibus
742 2791 746 2839 Ι
775 2787 1045 2830 Scholasticis
1079 2788 1313 2840 illustrata,
1342 2790 1346 2839 Ι
1374 2787 1456 2828 Pro
1490 2799 1568 2828 usu
1593 2822 1600 2829 .
1627 2818 1634 2827 .
1659 2818 1668 2826 .
1694 2818 1702 2826 .
1726 2798 1794 2839 pp.
1819 2785 1885 2826 80.

421 2876 457 2915 8.
491 2875 785 2917 Institutiones
813 2878 818 2927 Ι
846 2874 1083 2917 Historicae
1111 2877 1115 2926 Ι
1145 2876 1205 2916 De
1241 2875 1345 2916 Vitis
1388 2877 1431 2916 et
1471 2874 1612 2916 Rebus
1652 2873 1791 2915 Gestis
1820 2874 1824 2923 Ι
1852 2871 2004 2913 Roma-

282 2962 432 2990 norum
462 2953 466 3000 Ι
494 2949 742 2992 Pontificum
772 2953 775 3002 Ι
803 2963 879 3004 per
910 2951 1053 2992 XVIII
1086 2950 1255 2993 saecula
1287 2950 1496 3003 digestae,
1530 2962 1623 2991 cuni
1656 2946 1902 3002 Alphabetis
1935 2960 2003 2988 va-

283 3024 355 3066 riis
388 3024 651 3066 diversorum
684 3025 950 3067 saeculorum
982 3026 1035 3067 ad
1068 3025 1233 3068 facilem
1266 3025 1555 3078 Diplomatum
1586 3024 1808 3067 lectionem
1847 3023 2002 3066 condu-

284 3099 496 3155 centibus,
538 3112 613 3153 pro
655 3113 735 3141 usu
777 3103 820 3142 et
860 3100 1056 3142 exercitio
1090 3101 1368 3143 Academicae
1400 3099 1637 3142 Iuventutis
1678 3099 1719 3141 in
1759 3097 2000 3141 Rhetorica.

285 3173 389 3217 Cum
411 3175 550 3217 I'rivil.
577 3175 616 3217 S.
638 3175 680 3218 C.
706 3176 946 3229 Regiaeque
968 3175 1065 3229 Maj.
1091 3180 1133 3218 et
1154 3177 1249 3218 Fac.
1276 3176 1375 3229 Sup.
1398 3175 1661 3228 Wirceburgi
1685 3179 1731 3227 (s,
1758 3177 1813 3228 a.)
1836 3174 1998 3228 Sumpt.
