2164 3535
221 240 303 282 382
726 237 948 281 Allgemeine
977 237 1115 281 Regeln
1141 237 1204 272 der
1230 237 1438 273 Prafekten.

222 379 449 433 praecipue
497 379 765 433 propositum
808 379 1059 422 existiment.
1133 378 1331 421 Cavenda
1369 379 1502 432 igitur
1538 378 1681 421 iudicii
1723 379 1946 421 diversitas

220 454 440 508 multoque
473 455 606 507 magis
640 455 831 497 diversus
864 455 1016 508 agendi
1047 457 1176 508 atque
1197 454 1397 508 loquendi
1419 454 1581 496 modus.
1637 453 1826 496 Caveant
1849 466 1949 507 quo-

220 543 302 583 que
334 530 387 572 ab
426 530 496 572 illo
536 532 715 572 naturae
757 533 983 583 corruptae
1023 530 1214 585 pruritu,
1257 542 1340 582 quo
1372 529 1484 571 inter
1524 533 1686 572 ceteros
1729 529 1946 584 excellere,

219 606 314 659 plus
347 605 561 647 aestimari
594 608 636 647 et
668 606 800 647 amari
834 618 858 647 a
888 606 1110 648 iuvenibus
1142 618 1412 658 quaeramus.

364 682 426 722 13.
480 681 687 723 Praefecti
730 682 840 722 inter
882 694 926 723 se
973 682 1223 735 praesertim
1270 681 1454 734 publice,
1503 694 1668 723 summo
1716 681 1866 724 decore
1906 685 1948 723 et

221 757 457 798 reverentia
480 760 610 809 agant
642 758 684 799 et
716 756 826 798 hunc
859 756 1029 798 modum
1063 769 1164 809 erga
1187 769 1330 799 omnes
1363 761 1531 798 nostros
1554 757 1795 809 observent,
1827 770 1951 810 prae—

220 832 340 885 cipue
373 832 408 873 si
441 832 644 885 Superior
675 832 841 886 publice
873 834 1089 886 appareat.
1152 831 1196 874 Si
1228 832 1330 885 quid
1364 832 1576 885 agendum
1609 833 1677 887 sit,
1710 844 1820 874 unus
1853 844 1950 874 cum

220 908 351 949 altero
386 907 428 948 id
462 908 754 957 communicet,
787 920 838 949 ne
868 907 1056 957 iubeant,
1088 908 1162 949 sed
1195 912 1355 961 rogent.
1419 908 1555 958 Quum
1589 908 1666 950 sibi
1701 908 1809 949 obvii
1843 907 1951 950 fiunt

220 983 284 1024 vel
319 983 586 1035 conveniunt,
621 987 750 1037 caput
782 984 979 1037 detegere
1012 984 1217 1025 convenit.

361 1061 424 1101 14.
473 1058 515 1100 Si
538 1059 682 1113 plures
715 1061 916 1114 praefecti
940 1060 1073 1103 eidem
1108 1059 1304 1101 exercitio
1328 1063 1547 1115 praesunt,
1580 1060 1776 1102 licentiae
1799 1072 1943 1102 omnes

220 1135 273 1176 ab
306 1148 388 1176 uno
421 1136 640 1189 superiore
673 1136 837 1178 dandae
869 1143 981 1178 sunt.

360 1213 427 1255 15.
487 1211 682 1262 Quotidie
728 1214 891 1253 statuto
937 1214 1128 1265 tempore
1176 1212 1220 1253 P.
1260 1210 1527 1253 Praefectum
1575 1212 1849 1263 conveniant,
1904 1217 1952 1253 ut

219 1287 504 1329 ordinationes
542 1288 585 1329 P.
622 1288 811 1329 Rectoris
855 1288 1080 1341 recipiant,
1124 1291 1166 1330 et
1204 1301 1313 1342 quae
1357 1288 1607 1340 acciderint,
1652 1288 1689 1330 ei
1736 1289 1944 1330 nuntient.

222 1363 264 1404 Si
299 1366 439 1405 tamen
474 1363 731 1417 particulare
764 1363 865 1416 quid
899 1364 1112 1413 acciderit,
1146 1364 1187 1405 in
1221 1364 1377 1414 studio,
1411 1364 1670 1405 recreatione
1693 1368 1787 1417 etc,
1820 1376 1947 1416 quam

220 1439 401 1492 primum
436 1440 650 1491 poterunt,
684 1438 727 1479 P.
752 1438 1018 1481 Praefectum
1053 1439 1103 1481 de
1136 1452 1184 1481 eo
1217 1440 1439 1481 certiorem
1474 1439 1664 1481 reddant.

361 1516 424 1555 16.
474 1514 589 1564 Quae
621 1514 661 1555 in
705 1514 980 1556 conventibus
1014 1515 1136 1555 niodo
1170 1515 1292 1556 dictis
1333 1518 1576 1556 tractantur
1608 1518 1650 1556 et
1681 1527 1763 1557 non
1796 1528 1873 1568 per
1904 1528 1948 1556 se

219 1590 603 1632 manifestationem
635 1590 868 1643 postulant,
901 1594 1063 1631 secreto
1095 1593 1266 1632 teneant
1296 1603 1399 1632 neve
1433 1590 1517 1631 ullo
1540 1589 1663 1631 modo
1697 1602 1791 1631 cum
1815 1591 1948 1632 alum-

220 1665 284 1706 nis
316 1665 383 1707 vel
415 1665 542 1707 etiam
574 1665 730 1707 nostris
764 1665 1084 1707 communicent.

361 1743 423 1782 17Δ
475 1741 818 1795 Quotiescunque
859 1742 970 1784 inter
1011 1742 1204 1783 alumnos
1245 1755 1294 1783 ex
1337 1742 1472 1784 officio
1512 1746 1757 1797 versantur,
1800 1741 1947 1784 sedulo

221 1816 354 1858 vitent
390 1817 549 1869 omnia,
597 1830 706 1870 quae
752 1818 939 1859 animum
982 1820 1173 1859 avertere
1218 1818 1383 1871 possint
1424 1818 1477 1860 ab
1517 1818 1588 1868 iis,
1637 1830 1746 1871 quae
1788 1818 1948 1860 alumni

221 1891 368 1933 dicunt
398 1893 462 1935 vel
495 1896 637 1946 agunt.

363 1969 427 2010 18.
474 1969 507 2011 E
541 1969 682 2011 studio
706 1969 769 2011 vel
804 1970 884 2011 alio
918 1971 1127 2012 communi
1161 1971 1359 2013 exercitio
1383 1973 1683 2023 praeterquam
1716 1983 1765 2011 ex
1789 1982 1951 2012 recrea-

222 2044 334 2085 tione
366 2044 574 2086 neminem
607 2049 782 2087 evocent
813 2046 902 2087 sine
934 2045 1150 2087 facultate.

369 2121 430 2161 19.
480 2121 786 2173 Regularitatis
828 2125 870 2163 et
916 2122 1142 2174 praecipue
1185 2121 1339 2163 silentii
1387 2122 1624 2174 exemplum
1666 2121 1744 2174 ipsi
1793 2121 1951 2174 perfec-

221 2195 431 2236 tissimum
464 2196 708 2248 praebeant,
742 2196 813 2237 ubi
835 2196 913 2238 hoc
947 2197 998 2238 ab
1033 2197 1213 2238 alumnis
1247 2196 1441 2249 exigitur.
1498 2197 1604 2238 Hinc
1637 2196 1753 2237 nulla
1784 2196 1948 2237 ratione

221 2270 452 2323 loquantur
484 2283 577 2312 cum
611 2271 712 2324 ipsis
745 2271 786 2312 in
820 2273 939 2313 atriis
974 2272 1037 2313 vel
1070 2272 1208 2326 scalis,
1242 2272 1375 2313 multo
1409 2272 1546 2313 minus
1580 2272 1680 2312 dum
1714 2270 1859 2312 ordine
1892 2271 1946 2312 ad

221 2345 393 2398 aliquod
431 2347 673 2388 exercitium
706 2347 961 2400 procedunt;
1003 2347 1037 2388 si
1071 2347 1171 2400 qnid
1212 2347 1450 2389 necessario
1484 2347 1665 2400 cuipiam
1708 2346 1946 2396 dicendum,

221 2420 263 2462 id
295 2422 517 2474 perpaucis
549 2425 592 2463 et
623 2422 831 2464 submisse
862 2421 947 2464 fiat.

361 2498 426 2538 20.
462 2497 648 2550 Quisque
671 2499 839 2551 regulas
872 2502 963 2539 tum
986 2498 1273 2539 convictorum
1306 2503 1396 2539 tum
1419 2501 1482 2538 sni
1508 2497 1692 2539 muneris
1717 2497 1945 2539 admodum

222 2571 451 2613 familiares
473 2572 551 2613 sibi
586 2572 749 2623 reddat,
782 2575 825 2615 et
846 2586 955 2626 qnae
987 2573 1066 2626 ipsi
1097 2574 1137 2614 in
1171 2574 1417 2627 particulari
1449 2573 1719 2625 mandantur,
1753 2576 1950 2614 accurate

224 2651 266 2687 et
298 2650 462 2688 statuto
493 2650 684 2700 tempore
716 2650 961 2701 exequatur.
