2164 3535
231 200 315 241 360
540 198 688 233 Berieht
713 198 777 232 der
801 197 999 232 deutschen
1025 196 1179 231 Provinz
1206 196 1294 231 uber
1321 196 1378 231 die
1404 196 1446 232 R.
1474 202 1515 232 st.
1562 200 1659 233 1821.

234 364 283 369 —
308 339 360 382 39
395 339 453 382 Ut
484 339 657 381 accedat
688 339 890 380 historiae
910 341 1000 379 tum
1033 350 1179 380 sacrae
1209 341 1299 379 tum
1331 338 1548 393 profanae,
1581 341 1672 381 tum
1704 339 1954 381 universalis

232 418 274 456 et
303 414 595 469 particularis,
633 414 799 468 patriae
830 413 1103 469 praesertim,
1143 426 1228 454 una
1260 426 1355 455 cum
1388 412 1659 467 Geographia
1691 427 1738 456 ac
1771 413 1955 456 Chrono-

231 490 343 543 logia
375 503 450 544 per
481 502 624 532 omnes
657 489 814 531 classes
856 488 1110 530 distributae
1152 488 1340 530 traditio.
1402 489 1455 530 49
1492 489 1550 530 Ut
1592 489 1816 530 instructio
1850 493 1960 531 cate-

233 565 420 617 chistica,
452 564 678 618 praecipue
710 564 752 605 in
775 563 1053 605 Humanitate
1086 566 1127 604 et
1156 562 1397 618 Rhetorica,
1429 563 1486 605 sit
1517 563 1571 604 ad
1602 563 1960 616 praeservandam

233 644 379 683 contra
412 639 636 682 modernos
668 651 834 681 errores
861 639 1133 692 juventutem
1166 638 1498 681 accommodata.

370 715 425 757 In
457 714 836 768 Philosophicis
869 714 1114 767 postulatur
1149 717 1198 757 19
1233 714 1391 767 Logica
1423 717 1466 756 et
1498 714 1801 769 Metaphysica,
1838 727 1961 770 quae,

234 790 526 832 subtilioribus
560 793 602 832 et
635 790 869 842 antiquatis
903 790 1265 843 disputationibus
1298 790 1545 844 eliminatis,
1589 790 1757 832 omnino
1791 802 1838 832 ac
1872 793 1963 832 tota

234 865 489 908 confutando
524 865 817 919 Ideologismo,
850 863 1123 918 Scepticismo
1156 877 1203 906 ac
1237 864 1539 907 materialismo
1573 868 1614 907 et
1646 865 1840 907 omnibus
1876 877 1963 907 mo-

234 941 375 983 dernis
415 941 628 983 erroribus
671 941 726 983 sit
766 941 1098 983 accommodata.
1144 967 1181 970 ⁷-
1222 942 1272 983 29
1307 940 1603 994 Philosophiae
1645 941 1873 994 Religionis
1915 954 1963 983 ac

233 1029 412 1067 morum,
445 1029 653 1070 omneque
678 1017 749 1071 jus
782 1017 978 1059 naturale
1000 1020 1042 1058 et
1073 1016 1261 1069 gentium
1294 1016 1509 1069 publicum
1542 1020 1584 1058 et
1615 1017 1841 1069 privatum,
1877 1028 1960 1069 quo

234 1092 462 1134 modernus
493 1092 864 1135 indifferentismus
898 1105 946 1134 ac
977 1092 1381 1135 insubordinationis
1403 1092 1609 1145 pruritus,
1642 1091 1862 1144 omnisque
1892 1103 1965 1144 po-

235 1167 402 1209 testatis
445 1167 587 1209 odium
630 1167 888 1210 conficiatur.
925 1192 974 1197 ——
1011 1168 1062 1209 39
1099 1167 1280 1219 Magnus
1323 1166 1536 1220 expetitur
1577 1166 1850 1208 scientiarum
1891 1178 1964 1208 na-

234 1242 437 1284 turalium
469 1248 511 1285 et
542 1247 785 1285 exactarum
820 1244 1071 1296 apparatus:
1106 1254 1255 1295 nempe
1288 1242 1530 1283 universa
1552 1241 1693 1283 Math
1705 1241 1804 1284 esis
1837 1242 1964 1284 etiam

234 1318 440 1373 sublimis,
474 1321 515 1360 et
534 1322 704 1371 praeter
735 1318 995 1360 abstractam
1029 1318 1242 1372 applicata
1276 1330 1445 1371 quoque
1467 1318 1550 1359 arti
1583 1317 1828 1360 balistariae
1851 1318 1962 1373 [sic],

236 1393 517 1446 navigationi,
577 1394 741 1435 viarum
799 1394 1079 1447 pontiumque
1139 1393 1443 1435 constructioni
1496 1396 1538 1434 et
1597 1392 1960 1435 architectonicae.

237 1468 407 1511 Omnis
439 1469 566 1510 etiam
589 1469 781 1523 Physica,
814 1472 906 1510 tum
935 1468 1179 1511 mechanica
1210 1472 1303 1510 tum
1335 1468 1691 1523 experimentalis,
1724 1467 1898 1510 Chemia
1920 1471 1963 1510 et

236 1544 527 1597 Mineralogia,
561 1544 766 1586 Botanica
798 1545 1018 1597 omnisque
1050 1544 1258 1585 naturalis
1291 1543 1480 1586 historia.

374 1625 428 1667 In
461 1625 784 1679 Theologicis
816 1629 967 1679 optant
996 1625 1119 1667 Docti
1152 1629 1193 1667 et
1224 1625 1424 1678 Religiosi
1458 1625 1554 1681 viri,
1587 1625 1716 1666 etiam
1749 1637 1798 1667 ex
1828 1624 1965 1667 Socie-

236 1704 325 1743 tate
357 1700 531 1754 antiqua
574 1701 749 1755 ejusque
788 1701 951 1756 amicis,
996 1704 1061 1755 ut,
1104 1701 1242 1742 missis
1282 1700 1544 1743 scholasticis
1589 1700 1964 1755 disputationibus,

236 1776 539 1831 systematibus
572 1780 615 1818 et
646 1776 952 1829 simultatibus,
984 1777 1260 1830 imposterum
1295 1775 1536 1830 Theologia,
1570 1788 1651 1817 non
1686 1776 1862 1829 antiqua
1892 1776 1965 1818 illa

238 1865 285 1894 ac
317 1855 522 1906 perpetuo
556 1852 834 1905 disputatrice
867 1864 915 1893 ac
947 1864 1053 1905 pene
1084 1851 1227 1893 hostili
1260 1852 1478 1906 methodo,
1517 1851 1591 1893 sed
1623 1851 1765 1904 potius
1798 1864 1846 1893 ex
1879 1851 1963 1893 SS.

237 1928 435 1970 Patribus
468 1930 511 1969 et
534 1927 743 1977 Conciliis,
776 1927 1012 1969 rationibus
1046 1940 1093 1969 ac
1124 1927 1262 1969 verbis
1285 1927 1449 1969 erudite
1473 1926 1689 1981 expositis,
1722 1926 1966 1980 pressisque

237 2003 630 2045 ratiocinationibus
663 2002 913 2044 combinatis
947 2006 988 2044 et
1021 2003 1217 2044 connexis
1250 2005 1461 2044 tractetur
1502 2014 1550 2043 ac
1591 2002 1861 2052 ‹lefe11datur3
1903 2001 1966 2044 fu-

237 2082 382 2120 turum
414 2078 524 2133 inde,
559 2082 605 2119 ut
637 2077 826 2131 ejusdem
859 2077 955 2120 fidei
979 2078 1185 2119 Doctores
1218 2077 1366 2119 melius
1400 2077 1655 2119 concordent
1687 2090 1734 2119 ac
1758 2077 1966 2120 charitate

240 2153 443 2194 uniantur
475 2157 622 2194 contra
655 2165 917 2194 communem
951 2152 1134 2201 hostem;
1169 2152 1400 2194 adversarii
1433 2166 1532 2194 vero
1553 2153 1718 2195 facilius
1742 2153 1965 2195 veritatem

238 2228 442 2281 sentiant,
482 2240 564 2270 non
598 2228 896 2282 praeoccupati
929 2229 1192 2270 contentiosa
1225 2228 1476 2279 acerbitate,
1520 2232 1561 2270 et
1595 2228 1880 2270 Ecclesiastici
1912 2228 1966 2270 ad

239 2317 330 2346 eam
354 2303 589 2345 doctrinam
611 2304 766 2357 populo
790 2304 1107 2357 proponendam
1128 2305 1366 2346 formentur
1388 2317 1436 2346 eo
1460 2304 1623 2357 melius,
1651 2316 1733 2356 quo
1757 2304 1962 2356 genuinas

239 2373 329 2433 ejus
371 2379 557 2421 rationes
595 2383 638 2419 et
679 2378 907 2420 utilitatem
947 2378 1208 2431 perspectius
1242 2378 1427 2420 habituri
1461 2381 1572 2420 sunt.
1629 2403 1678 2408 —
1732 2378 1964 2432 Praecipue

239 2458 381 2496 autem
425 2454 689 2496 dominantes
732 2466 917 2507 errores,
959 2456 1107 2495 contra
1146 2466 1252 2506 quos
1285 2453 1571 2495 Ecclesiastici
1610 2453 1768 2495 ordinis
1809 2453 1964 2495 muniri

241 2529 395 2571 debent
433 2529 666 2582 candidati,
715 2532 814 2571 sunt
854 2528 1203 2583 Socinianismus,
1249 2528 1817 2578 Christianonaturalismus3
1864 2529 1964 2571 item

241 2604 413 2660 [muniri
446 2603 618 2659 debent}
658 2604 861 2646 adversus
900 2603 1103 2645 Biblistas
1143 2607 1185 2645 et
1223 2603 1610 2658 Pseudopoliticos,
1649 2603 1720 2656 qui
1753 2603 1967 2645 Ecclesiae

236 2680 335 2732 jura
367 2683 410 2720 et
440 2678 690 2721 Pontificum
723 2679 1020 2721 auctoritatem
1054 2691 1220 2720 summa
1252 2691 1354 2720 cura
1386 2681 1598 2731 quaerunt
1630 2678 1877 2731 deprimere.
1914 2702 1964 2709 —-

242 2755 363 2797 Circa
395 2754 652 2809 methodum,
684 2754 786 2796 haec
818 2754 1047 2796 admodum
1080 2754 1197 2795 varia
1229 2758 1304 2796 est.
1359 2754 1539 2804 Quidam
1563 2753 1832 2806 Theologiam
1866 2754 1967 2795 divi-

243 2830 348 2870 dunt
380 2829 421 2870 in
454 2829 765 2870 Histoi-icam
799 2832 840 2871 et
873 2829 1276 2883 Systematicam.
1345 2829 1436 2884 Illa,
1471 2841 1579 2881 quae
1611 2831 1676 2870 est
1708 2841 1804 2870 vere
1836 2828 1966 2870 Theo-

242 2904 353 2956 logia
385 2904 579 2957 positiva,
612 2907 770 2945 tractat
804 2916 897 2945 cum
931 2904 1041 2945 omni
1077 2903 1313 2945 eruditione
1346 2904 1398 2945 de
1420 2904 1646 2955 Religionis
1681 2903 1964 2959 dogmatibus,

247 2979 455 3033 moribus,
504 2978 724 3032 disciplina
774 2979 986 3031 variisque
1034 2979 1390 3021 vicissitudinibus
1433 2979 1578 3021 ordine
1625 2982 1863 3033 temporum
1912 2979 1964 3021 ab

247 3053 364 3094 initio
403 3054 548 3094 mundi
588 3054 629 3094 in
659 3053 770 3094 hunc
803 3066 937 3105 usque
970 3054 1100 3107 diem,
1139 3066 1282 3095 omnes
1315 3057 1503 3095 tractans
1537 3054 1845 3096 controversias
1878 3054 1964 3095 sive

246 3127 384 3183 fidem,
418 3128 503 3169 sive
537 3128 797 3181 disciplinam
831 3132 902 3168 aut
937 3129 1062 3170 etiam
1092 3129 1386 3170 Ecclesiastica
1416 3132 1685 3170 monumenta
1709 3132 1960 3182 spectantes.
