2164 3535
186 221 266 262 140
415 216 706 253 Ausserordentl.
724 216 926 260 Uebungen
945 227 976 250 a.
996 216 1028 250 d.
1049 215 1174 260 Gymn.
1193 216 1226 250 d.
1246 217 1364 253 oberd.
1383 217 1549 251 Provinz.
1583 220 1681 253 1736.

182 359 358 402 caeteris
400 358 621 411 diligentes
663 356 781 398 fuere
822 355 969 411 Cajus,
1022 357 1093 409 qui
1135 357 1306 410 proprio
1350 358 1489 399 Marte
1532 358 1741 411 integram
1784 358 1914 399 vitam

182 433 501 488 Epaminondae
534 447 555 475 e
579 432 772 474 Cornelio
796 430 1046 473 Germanice
1079 432 1208 473 vertit
1239 435 1305 474 cet
1331 446 1338 480 ;
1373 433 1407 474 si
1439 436 1611 486 praeter
1643 432 1753 474 hunc
1776 433 1914 475 laudis

182 509 400 551 stimulum
434 508 624 562 praemia
656 507 757 548 item
790 506 941 548 melius
975 507 1136 548 meritis
1158 507 1357 559 privatim
1380 507 1600 563 darentur,
1633 521 1735 550 sane
1759 508 1915 562 optime

184 584 390 626 collocata
422 586 534 625 esset
566 596 639 624 seu
672 582 716 623 P.
742 581 949 637 Rectoris,
982 594 1058 623 seu
1091 582 1271 624 aliorum
1293 583 1579 625 Patronorum
1612 583 1856 625 liberalitas.

186 956 757 1011 Ausserordentliche
788 957 1112 1029 Uebungen
1162 977 1235 1010 an
1280 957 1391 1010 den
1424 954 1787 1029 Gymnasien
1818 956 1918 1011 der

562 1061 1026 1115 oberdeutschen
1074 1060 1318 1114 Provinz
1369 1061 1536 1114 1736.

407 1209 446 1255 l)
467 1225 493 1255 e
550 1207 1062 1255 exercitatione
1120 1207 1703 1256 extraordinaria.

659 1298 822 1344 (Kropf,
850 1299 967 1335 Ratio
994 1299 1035 1335 et
1060 1299 1124 1334 via
1148 1310 1188 1344 p.
1208 1299 1444 1344 204—212.)

322 1417 580 1459 Exercitatio
614 1416 953 1459 extraordinaria
984 1416 1027 1457 in
1061 1415 1456 1471 declamationibus,
1489 1419 1579 1458 tum
1614 1416 1797 1468 publicis
1829 1419 1918 1458 tum

184 1492 382 1547 privatis,
425 1492 637 1542 consistit,
682 1491 909 1544 aliquando
950 1491 1078 1533 etiam
1119 1492 1159 1532 in
1205 1492 1369 1533 actione
1412 1491 1590 1533 scenica.
1658 1491 1918 1533 Declamatio

185 1571 326 1609 autem
368 1580 417 1608 ex
450 1567 646 1609 Iuvencio
689 1567 758 1621 (de
790 1568 885 1609 Rat.
921 1567 1021 1608 disc.
1056 1579 1088 1608 c.
1117 1568 1140 1607 2
1175 1579 1211 1608 a.
1239 1569 1257 1607 1
1295 1567 1384 1620 §si
1425 1570 1490 1608 est
1528 1579 1636 1620 opus
1668 1566 1919 1621 literarium,

186 1642 301 1695 quod
333 1642 536 1684 studiosis
569 1642 911 1684 adolescentibus
945 1641 998 1683 ad
1032 1644 1201 1693 gestum
1235 1645 1277 1683 61
1309 1654 1453 1684 vocem
1486 1654 1534 1683 ex
1568 1645 1661 1684 arte
1700 1641 1922 1683 moderan—

186 1718 280 1759 dam
322 1718 589 1771 potissimum
628 1718 818 1759 traditur
858 1731 905 1759 ac
948 1718 999 1758 de
1042 1720 1247 1770 suggestu
1289 1718 1431 1771 aliquo
1472 1717 1536 1759 vel
1568 1717 1798 1759 theatridio
1832 1717 1922 1759 sine

186 1797 395 1847 apparatu
437 1793 601 1834 scenico
646 1793 871 1848 recitatur,
918 1793 1043 1845 quale
1084 1795 1150 1834 est
1188 1805 1221 1834 e.
1257 1805 1283 1845 g
1330 1793 1621 1846 oratiuncula,
1664 1792 1920 1847 poemation,

185 1869 332 1921 elegia,
366 1868 430 1909 vel
463 1868 668 1922 idyllium,
700 1868 846 1910 fabula
879 1867 1089 1921 quaedam
1123 1868 1358 1910 dramatica
1390 1872 1432 1909 et
1464 1868 1547 1909 alia
1580 1867 1834 1921 hujusmodi.

325 1949 467 1990 Habet
497 1949 575 1991 hoc
605 1950 916 1991 exercitationis
940 1962 1072 2001 genus
1096 1949 1323 1991 utilitatem
1345 1962 1621 2003 permagnam
1655 1953 1721 2002 (ut
1742 1949 1920 2002 legimus

184 2024 225 2065 111
258 2037 341 2075 reg.
379 2026 431 2065 32
467 2024 601 2077 Comj)
635 2038 814 2078 eamque
848 2024 1136 2077 multiplicem.
1198 2026 1382 2067 Fructus
1416 2025 1526 2066 enim
1558 2037 1798 2078 scopusque
1830 2024 1920 2077 ejus

185 2103 249 2140 est
279 2099 311 2141 Ι.
347 2102 407 2154 ut,
441 2099 799 2152 quemadmodum
831 2099 939 2153 stylo
972 2099 1208 2151 scribendo,
1241 2100 1299 2141 sic
1331 2100 1724 2153 pronunciationem
1755 2111 1922 2152 compo-

189 2174 270 2215 sita
301 2174 407 2215 benc
446 2175 765 2228 pronunciamlo
812 2175 1007 2229 discipuli
1051 2175 1266 2228 expoliant
1305 2178 1434 2228 atque
1474 2179 1523 2217 ut
1564 2187 1707 2217 vocem
1749 2174 1920 2229 scilicet,

186 2253 353 2301 gestum
386 2253 428 2290 et
460 2250 667 2291 actionem
700 2263 865 2292 omnem
899 2263 994 2291 cum
1027 2250 1232 2302 dignitate
1254 2249 1539 2292 moderentur.
1593 2250 1674 2302 (Ex
1696 2249 1824 2291 Parte
1846 2249 1916 2290 IV.

188 2324 361 2366 Constit.
398 2338 431 2366 c.
459 2326 509 2366 13
543 2326 613 2379 §3
647 2328 689 2366 et
721 2337 805 2378 reg.
834 2326 886 2367 32
920 2326 1020 2377 cit).
1090 2325 1144 2366 II.
1180 2325 1238 2367 Ut
1270 2338 1353 2366 11011
1385 2325 1589 2367 memoria
1621 2325 1759 2366 solum
1793 2324 1916 2365 disci-

187 2400 404 2453 pulorum,
446 2400 518 2441 sed
551 2401 765 2453 ingenium
798 2401 926 2442 etiam
958 2401 1196 2449 excolatur,
1237 2401 1356 2453 cujus
1396 2400 1454 2441 rei
1495 2399 1653 2453 gratia,
1693 2411 1802 2452 quae
1844 2412 1920 2452 pu-

185 2475 291 2517 blice
323 2476 731 2531 pronunciabuntur,
765 2489 789 2518 a
822 2476 1026 2529 Magistro
1061 2475 1308 2529 expolienda
1340 2475 1510 2528 quidem
1544 2475 1781 2530 diligenter,
1814 2487 1920 2516 nun-

187 2562 314 2602 quam
346 2553 488 2592 tamen
522 2551 571 2593 de
604 2552 769 2604 integro
802 2551 995 2592 facienda
1027 2555 1146 2601 sunt3
1180 2550 1255 2592 sed
1287 2550 1351 2591 vel
1385 2550 1553 2591 omnino
1585 2549 1651 2591 vel
1685 2550 1842 2603 partim
1865 2550 1918 2592 ab

186 2625 286 2678 ipsis
320 2625 658 2667 adolescentibus
691 2626 963 2677 elaboranda,
996 2638 1248 2678 semperque
1281 2625 1566 2667 versabuntur
1598 2625 1638 2666 in
1665 2629 1916 2678 argumento

188 2700 408 2755 ejusmodi,
440 2700 481 2741 in
514 2713 597 2753 quo
631 2701 686 2742 sit
718 2701 956 2753 Latinitati,
987 2700 1170 2755 ingenio,
1203 2700 1470 2752 eloquentiae
1503 2699 1632 2741 locus.
1697 2700 1806 2752 (Reg
1849 2700 1915 2741 32.

187 2775 254 2818 cit.
288 2779 330 2816 et
361 2775 451 2816 Iuv.
486 2775 562 2818 loc.
598 2776 697 2826 cit).
747 2776 823 2817 III.
858 2775 918 2817 Ut
949 2775 1117 2828 pietatis
1150 2775 1322 2827 insuper
1343 2774 1600 2827 virtutisque
1632 2774 1772 2816 studio
1802 2774 1920 2816 audi-

188 2854 302 2892 tores
336 2850 636 2902 accendantur,
671 2862 801 2903 quam
834 2850 886 2890 ob
919 2862 1090 2892 causam
1129 2862 1205 2903 per
1241 2861 1326 2901 reg.
1365 2850 1428 2890 13.
1492 2849 1607 2891 Rect.
1642 2849 1918 2904 praecipitur,

189 2928 237 2966 ut
268 2926 585 2978 tragoediarum
619 2930 661 2967 et
694 2926 1031 2981 comoediarum,
1071 2926 1104 2967 si
1137 2937 1245 2978 quae
1279 2924 1580 2979 exhibeantur,
1620 2927 1919 2976 argumentum

188 3012 354 3041 sacrum
388 3001 442 3042 sit
474 3003 516 3042 et
546 3001 683 3053 pium:
729 3000 922 3042 universe
954 3004 1097 3042 autem
1128 3012 1204 3053 per
1234 2999 1365 3041 Ordiu
1409 3000 1530 3041 Prov.
1567 3000 1637 3053 §8
1670 3012 1695 3040 n
1737 3000 1790 3041 35
1823 3011 1919 3041 san-

189 3075 319 3116 citum
352 3078 435 3128 est,
469 3079 517 3117 ut
548 3076 682 3117 omnis
716 3076 825 3118 actio
858 3077 1071 3117 referatur
1103 3076 1156 3117 ad
1189 3075 1463 3128 praecipuum
1505 3075 1645 3128 illum,
1687 3086 1811 3127 quem
1845 3072 1918 3115 So-

190 3150 318 3192 cietas
351 3154 497 3192 nostra
529 3153 708 3206 spectat,
742 3163 931 3206 scopum,
964 3155 1093 3204 atque
1126 3163 1174 3192 eo
1206 3150 1376 3203 quidem
1407 3150 1446 3191 in
1477 3150 1638 3204 primis,
1672 3152 1719 3191 ut
1740 3149 1918 3191 salutari
