2164 3535
430 184 680 220 Gemeinsame
705 184 1040 229 Convictsordnung
1065 184 1129 219 der
1154 187 1280 219 osterr.
1308 184 1461 219 Provinz
1490 187 1588 220 1654.
1786 188 1868 228 259

286 325 324 367 8.
373 324 653 366 Infamatores
694 323 846 377 notorij
891 324 1238 377 occultorumque
1280 336 1496 365 armorum
1546 326 1781 377 gestatores
1831 326 1873 366 et

148 388 403 442 detentores.

287 476 326 516 9.
373 475 468 516 Non
508 474 621 516 facta
659 474 812 516 solutio
855 474 908 515 ad
938 474 1124 516 medium
1157 486 1313 515 annum
1345 472 1598 526 anticipata,
1637 473 1873 526 praemissa

150 554 290 591 tamen
323 552 421 591 ante
453 549 648 590 ultimum
680 561 868 591 mensem
900 549 1149 603 monitione,
1187 548 1353 601 alioque
1384 560 1527 589 mense
1559 550 1656 601 post
1686 547 1871 590 medium

149 636 305 665 annum
338 623 545 665 absoluto.

286 698 402 739 Haec
434 697 576 739 omnia
606 697 898 750 imposterum,
931 700 1160 750 antequam
1192 698 1288 750 quis
1316 698 1358 739 in
1381 697 1630 740 Convictum
1653 697 1718 740 vel
1741 697 1873 740 Semi-

147 772 313 814 narium
361 772 646 827 admittatur,
696 771 873 823 legenda
923 775 966 812 et
1013 772 1273 824 acceptanda
1326 771 1638 814 exhibebuntur
1680 773 1752 827 ijs,
1799 773 1871 826 qui

149 847 314 889 admitti
365 847 528 900 volent,
581 859 811 898 eorumque
857 846 1071 898 patronis,
1124 846 1196 898 qui
1242 859 1313 887 eos
1360 846 1402 887 in
1446 847 1603 888 talibus
1651 847 1870 901 domicilijs

147 934 304 974 ponere
334 921 493 963 volunt.

726 1292 989 1336 Instrvctio
1022 1289 1115 1335 Seu
1146 1291 1294 1346 Leges

362 1386 448 1429 pro
480 1373 779 1428 Regentibus
812 1372 1149 1417 Convictorum
1182 1374 1230 1415 et
1262 1370 1663 1425 Seminariorum‚

145 1466 344 1520 quibus
383 1465 636 1508 omnibus
676 1465 1040 1518 imposterum
1079 1464 1177 1507 hoc
1214 1476 1402 1506 nomen
1435 1464 1545 1506 erit
1577 1476 1868 1506 commune.

287 1596 321 1635 1.
371 1592 476 1634 Cum
509 1604 556 1634 eo
588 1590 669 1633 fine
701 1591 889 1633 Societas
921 1594 1067 1633 nostra
1099 1590 1285 1644 Collegia
1323 1595 1365 1632 et
1397 1589 1632 1632 Seminaria
1671 1591 1870 1632 iuvenum

145 1672 416 1711 externorum
449 1668 753 1722 amplectatur,
796 1670 844 1707 111
875 1666 1073 1707 iuventus
1107 1665 1348 1708 Christiana
1380 1666 1539 1719 pietate
1572 1670 1614 1707 et
1645 1665 1868 1708 honestate

144 1757 309 1786 morum
340 1756 423 1785 non
456 1743 593 1784 minus
625 1754 753 1794 quam
784 1740 1005 1782 literarum
1038 1740 1267 1793 disciplinis
1289 1741 1506 1782 imbuatur
1527 1741 1580 1783 ad
1603 1754 1866 1784 communem

145 1819 360 1861 Ecclesiae
383 1818 626 1867 utilitatem,
660 1817 778 1857 iuxta
799 1815 1032 1870 praefixum
1055 1816 1259 1869 cuiusque
1283 1828 1476 1869 scopum:
1509 1816 1645 1869 prima
1667 1817 1869 1870 Regentis

144 1907 247 1936 cura
283 1894 365 1936 erit
403 1893 445 1934 in
492 1892 785 1945 religiosarum
827 1891 1034 1933 virtutum
1082 1891 1224 1933 studio
1277 1891 1496 1944 nostrique
1543 1891 1727 1934 instituti
1774 1905 1870 1946 pro—

142 1970 331 2023 priarum
372 1968 480 2010 bono
521 1967 711 2020 exemplo
752 1966 843 2020 alijs
884 1967 1062 2020 praeire.
1125 1966 1174 2007 Id
1205 1965 1296 2020 fiet,
1336 1968 1369 2008 si
1403 1967 1749 2020 constitutiones,
1791 1968 1870 2009 Re-

143 2045 265 2097 gulas
297 2048 339 2086 et
370 2043 656 2085 ordinationes
680 2042 904 2084 Societatis
937 2043 979 2083 et
1010 2041 1090 2094 ipsi
1113 2041 1446 2093 observaverint,
1479 2045 1521 2083 et
1544 2055 1568 2084 a
1590 2042 1762 2097 nostris,
1796 2043 1867 2096 qui

143 2120 202 2162 eis
233 2120 273 2161 in
307 2118 542 2161 subsidium
574 2118 816 2169 mittuntur,
850 2115 1067 2158 observari
1099 2116 1353 2158 curaverint.
1385 2122 1390 2166 Ι

283 2208 320 2247 2.
368 2204 638 2247 Meminerint
676 2204 885 2256 Regentes
926 2215 1091 2255 omnes,
1141 2202 1254 2255 quod
1298 2202 1402 2244 alias
1441 2203 1612 2255 saepius
1652 2204 1788 2246 Roma
1828 2207 1869 2246 et

143 2281 367 2323 novissime
408 2280 557 2333 quinta
595 2277 709 2331 Sept.
750 2277 871 2319 Anno
908 2279 1016 2319 1652
1058 2290 1081 2318 a
1120 2277 1164 2318 P.
1199 2277 1250 2320 N.
1283 2277 1479 2319 Goswino
1512 2278 1637 2319 Nikel
1670 2277 1866 2333 [Nickel]

144 2356 385 2398 authentice
418 2354 682 2396 declaratum
714 2355 792 2406 est,
823 2364 868 2393 se
900 2352 941 2392 in
974 2351 1340 2394 administratione
1363 2351 1641 2394 Convictuum
1674 2355 1716 2394 et
1737 2352 1867 2395 Semi-

144 2431 361 2472 nariorum
394 2430 496 2471 nihil
527 2429 622 2482 plus
653 2427 810 2469 habere
841 2427 1066 2480 potestatis
1099 2430 1140 2468 et
1172 2426 1466 2481 authoritatis,
1499 2439 1627 2480 quam
1659 2431 1867 2480 quantum

145 2518 168 2547 a
206 2505 405 2547 Patribus
450 2503 723 2555 Rectoribus,
774 2514 954 2555 quorum
1000 2514 1083 2543 non
1130 2501 1254 2543 aliter
1305 2514 1353 2543 30
1395 2501 1564 2555 Collegij
1610 2502 1868 2544 Procurator

146 2579 355 2622 Officiales
378 2582 490 2635 sunt,
508 2591 581 2632 per
601 2590 721 2631 quos,
740 2577 800 2618 uti
824 2589 898 2629 per
914 2576 1144 2628 Magistros
1166 2575 1346 2629 scholas,
1363 2577 1424 2618 ita
1444 2589 1521 2630 per
1541 2577 1617 2618 hos
1635 2577 1864 2619 Convictus

145 2658 187 2697 et
204 2654 439 2697 Seminaria
457 2654 658 2695 Rectores
681 2652 933 2705 gubernant,
963 2651 1020 2692 eis
1043 2651 1173 2693 fuerit
1195 2651 1561 2694 communicatum.
1608 2653 1668 2694 Ac
1690 2652 1866 2705 proinde

145 2730 411 2772 commissum
442 2741 567 2772 curae
598 2741 701 2770 suae
726 2727 958 2779 Collegium
981 2725 1268 2778 (Convictum)
1301 2726 1365 2768 vel
1390 2726 1670 2768 Seminarium
1702 2739 1866 2768 eorum-

145 2818 228 2858 que
260 2805 382 2859 bona,
415 2805 644 2857 proventus
677 2815 725 2844 ac
757 2801 948 2844 redditus
971 2800 1212 2842 omnimoda
1235 2813 1329 2842 cum
1353 2801 1634 2854 dependentia
1656 2814 1680 2842 a
1703 2801 1745 2842 Ρ.
1766 2801 1868 2842 Rec-

145 2883 239 2921 tore
261 2879 432 2932 Collegij
459 2878 682 2920 Societatis
714 2877 775 2918 ita
805 2874 1118 2929 gubernabunt,
1152 2878 1201 2916 ut
1232 2887 1326 2917 cum
1359 2888 1407 2917 eo
1437 2875 1488 2918 de
1510 2876 1636 2917 rebus
1659 2875 1868 2925 omnibus,

146 2957 273 3008 prout
311 2966 406 2995 eum
447 2953 552 2995 velle
594 2952 807 3006 noverint,
852 2949 1081 2993 conferant.
1146 2949 1285 2999 Quare
1316 2963 1453 3004 neque
1484 2950 1668 3002 Regulas
1700 2954 1743 2991 et
1775 2962 1870 2991 0011-

146 3028 393 3070 suetudines
433 3030 626 3080 receptas
667 3025 935 3077 abrogabunt
967 3024 1033 3065 vel
1064 3024 1167 3066 alias
1199 3024 1421 3077 inducent,
1459 3037 1595 3077 neque
1627 3026 1869 3066 contractus

148 3103 255 3146 ullos
287 3107 363 3143 aut
394 3102 489 3143 lites
524 3101 586 3142 vel
619 3104 813 3142 mutuum
848 3099 936 3140 sine
969 3098 1059 3140 eius
1090 3099 1282 3150 licentia,
1323 3103 1366 3140 et
1397 3099 1564 3140 nomine
1593 3111 1669 3140 suo
1701 3098 1870 3153 facient,

1603 3168 1665 3201 17*
