2164 3535
179 211 260 252 166
753 206 963 252 Gymnasial
973 227 985 232 -
995 205 1209 250 Padagogik
1238 206 1336 242 1736.

320 348 434 390 VIII.
476 347 735 390 Verberibus
768 350 909 388 tamen
942 345 1057 388 haud
1095 346 1177 388 erit
1216 359 1392 400 prorsus
1434 346 1752 401 abstinendum,
1792 346 1911 388 dum-

179 424 304 467 modo
348 427 569 479 caveatur,
615 435 667 465 ne
707 422 808 477 ali0,
850 434 979 475 quam
1019 422 1256 475 virgarum,
1299 422 1602 473 instrumento,
1655 434 1778 473 neve,
1831 421 1912 464 nisi

179 500 426 555 parcissime
458 499 649 553 omnino,
681 497 938 551 infligantur.
1003 497 1168 550 (Sacch.
1210 498 1286 540 loc.
1332 498 1419 549 cit.)
1483 497 1566 540 Sed
1607 510 1743 551 neque
1785 509 1912 538 manu

184 577 411 631 quisquam
457 574 760 630 percutiendus
813 576 901 629 est,
955 577 1030 615 aut
1082 573 1244 627 capillis
1297 573 1530 615 trahendus
1582 573 1647 614 vel
1699 572 1911 614 auriculis.

184 653 246 703 (P.
281 651 424 694 Theod
471 651 664 692 Busaeus
695 662 734 690 n.
760 649 818 701 8.)
865 648 931 689 Ad
964 651 1200 691 extremum
1223 651 1365 690 autem
1398 648 1517 703 illud,
1550 647 1663 701 quod
1685 647 1914 689 maximum

185 726 369 770 omnium
401 725 597 777 habetur,
630 724 847 777 virgarum
879 723 1148 777 supplicium,
1182 723 1260 765 nisi
1283 723 1449 765 conscio
1474 722 1700 776 Superiore
1724 735 1916 765 causam—

186 816 268 857 que
300 801 578 856 approbante,
611 801 743 842 veniri
774 813 993 853 nunquam
1026 800 1162 842 debet.
1228 799 1391 853 (Ordin.
1426 800 1547 841 Prov.
1583 800 1653 853 §8
1687 812 1725 840 n.
1749 799 1837 849 43.)

327 889 400 932 IX.
448 888 633 941 Majores
675 900 854 941 poenas,
903 888 955 930 ob
994 900 1043 929 ea
1089 887 1361 941 praesertim,
1408 899 1516 940 qnae
1563 891 1682 928 extra
1729 885 1917 928 scholam

190 965 310 1020 pueri
343 964 622 1021 deliquerint,
666 964 776 1007 sicut
807 966 850 1006 et
887 976 982 1013 eos,
1026 964 1097 1017 qui
1140 964 1286 1017 plagas
1329 966 1547 1013 recusant,
1589 962 1841 1016 praesertim
1882 961 1918 1004 si

190 1040 438 1094 grandiores
486 1040 589 1090 sint,
636 1039 842 1092 Magister
888 1039 941 1081 ad
981 1038 1244 1092 praefectum
1291 1038 1466 1092 rejiciat.
1538 1038 1655 1090 (Reg.
1688 1038 1742 1079 40
1782 1037 1917 1090 Com.)

191 1117 332 1170 Atque
363 1117 424 1158 ita
449 1115 637 1170 juvabit,
670 1115 705 1157 si
737 1115 809 1168 qui
841 1128 1019 1168 poenam
1052 1115 1179 1156 etiam
1212 1114 1411 1155 leviorem
1444 1113 1700 1164 detrectent,
1734 1125 1804 1155 eos
1836 1112 1920 1167 pri-

190 1205 306 1234 mum
339 1192 526 1234 severius
559 1203 846 1238 commonere3
880 1190 1030 1232 deinde
1062 1194 1225 1231 terrere
1246 1189 1390 1240 minis,
1425 1193 1528 1239 tum,
1562 1189 1597 1231 si
1620 1201 1756 1242 usque
1787 1188 1920 1230 reluc-

191 1271 349 1317 tentur,
380 1279 463 1309 non
495 1279 647 1320 urgere
679 1279 819 1320 porro,
852 1266 927 1309 sed
959 1265 1011 1308 ad
1042 1265 1310 1308 Praefectum
1342 1265 1522 1318 denique
1555 1264 1784 1306 remittere.

330 1361 381 1402 X.
430 1359 509 1410 Qui
542 1360 709 1414 plagas,
743 1360 870 1402 etiam
903 1373 927 1401 a
958 1358 1177 1401 Praefecto
1209 1359 1464 1409 intentatas,
1499 1361 1716 1406 recusant,
1749 1360 1825 1399 aut
1856 1369 1922 1399 co-

193 1440 362 1489 gantur,
395 1436 429 1477 si
462 1439 554 1477 tuto
587 1435 769 1489 possint,
804 1438 891 1487 aut,
925 1435 959 1477 si
992 1435 1162 1489 quando
1194 1435 1236 1476 id
1273 1434 1469 1476 indecore
1501 1433 1622 1476 fieret
1653 1443 1765 1482 (cum
1798 1445 1922 1487 gran-

194 1512 382 1554 dioribus
405 1511 617 1563 videlicet)
650 1511 700 1553 iis
725 1510 1003 1566 Gymnasium
1026 1514 1219 1552 nostrum
1250 1510 1545 1564 interdicatur,
1577 1510 1757 1551 Rectore
1779 1510 1920 1550 tamen

195 1591 321 1630 antea
352 1588 565 1636 consulto,
599 1588 709 1629 sicut
740 1590 782 1629 et
813 1587 876 1639 iis,
910 1587 982 1640 qui
1013 1587 1259 1639 frequenter
1290 1586 1447 1627 absunt
1469 1599 1493 1627 a
1515 1585 1670 1627 schola.
1721 1585 1840 1637 (Reg.
1869 1585 1921 1625 39

195 1663 350 1716 Praef.)
412 1663 528 1705 Alias
561 1675 744 1716 quoque,
779 1675 872 1704 cum
906 1674 982 1704 nec
1015 1662 1164 1713 verba,
1197 1674 1272 1703 nec
1306 1661 1569 1703 Correctoris
1604 1659 1785 1702 officium
1819 1659 1923 1702 satis

195 1744 320 1787 esset,
353 1742 395 1781 et
426 1739 467 1781 in
500 1738 641 1791 aliquo
674 1737 913 1780 emendatio
945 1750 1028 1779 non
1062 1739 1322 1791 speraretur,
1354 1736 1531 1790 aliisque
1564 1749 1655 1778 esse
1673 1736 1923 1778 offendiculo

198 1815 434 1866 videretur,
478 1817 670 1868 praestat
701 1826 725 1854 a
758 1812 920 1855 Scholis
953 1825 1047 1854 eum
1081 1825 1317 1859 removere,
1359 1825 1509 1865 quam,
1548 1812 1619 1853 ubi
1652 1825 1803 1865 parum
1834 1811 1925 1865 ipse

197 1890 364 1945 proficit
404 1895 446 1932 et
487 1890 579 1931 aliis
619 1892 761 1939 nocet,
809 1888 1003 1930 retinere.
1068 1888 1157 1930 Hoc
1205 1891 1346 1929 autem
1388 1887 1595 1941 judicium
1643 1887 1831 1941 Rectori,
1878 1891 1925 1928 ut

199 1966 338 2009 omnia
368 1965 421 2007 ad
453 1965 629 2018 gloriam
662 1967 705 2005 et
745 1963 964 2006 servitium
996 1963 1132 2010 DEI,
1176 1966 1224 2004 ut
1261 1976 1338 2016 par
1381 1966 1463 2015 est,
1506 1962 1759 2015 procedant,
1803 1962 1926 2004 relin-

200 2048 367 2096 quetur.
431 2042 548 2093 (Reg.
582 2041 637 2081 40
680 2040 836 2091 Praef.)
909 2039 1030 2089 Quod
1072 2039 1106 2080 si
1149 2051 1271 2080 casus
1314 2039 1466 2091 aliquis
1508 2038 1730 2091 acciderit,
1772 2038 1843 2081 ubi
1884 2038 1925 2080 in

200 2117 431 2160 remedium
465 2115 701 2157 offendiculi
734 2115 928 2168 praestiti
962 2114 1065 2156 satis
1098 2127 1179 2155 non
1214 2118 1326 2156 esset
1359 2127 1383 2155 a
1415 2113 1577 2156 Scholis
1611 2114 1840 2167 expellere,
1873 2114 1926 2156 ad

200 2194 422 2235 Rectorem
455 2190 699 2232 Praefectus
733 2190 909 2240 referat,
951 2193 999 2231 ut
1029 2189 1064 2231 is
1098 2189 1259 2244 videat,
1301 2189 1401 2242 quid
1445 2191 1666 2242 praeterea
1706 2189 1928 2231 conveniat

202 2267 438 2322 providere.
509 2266 729 2316 Quamvis,
778 2265 917 2318 quoad
960 2265 1048 2318 ejus
1092 2263 1181 2306 fieri
1223 2264 1398 2318 poterit,
1446 2265 1485 2305 in
1529 2265 1680 2317 spiritu
1727 2264 1928 2319 lenitatis,

202 2355 306 2397 pace
346 2346 388 2384 et
431 2342 637 2383 charitate
678 2354 771 2383 cum
814 2340 1008 2382 omnibus
1042 2344 1291 2382 conservata
1333 2340 1388 2381 sit
1427 2340 1649 2392 agendum.
1715 2340 1835 2392 (Reg.
1873 2341 1923 2381 41

203 2418 359 2470 Praef.)
400 2417 579 2459 Reditus
603 2420 743 2457 autem
768 2415 819 2457 ad
845 2415 1018 2457 Scholas
1042 2420 1210 2457 nostras
1233 2415 1388 2457 nemini
1412 2419 1557 2468 pateat
1579 2428 1737 2467 eorum,
1771 2415 1842 2468 qui
1865 2415 1929 2456 vel

205 2494 336 2536 semel
370 2492 489 2547 ejecti
521 2495 622 2534 sunt
643 2492 707 2532 vel
731 2491 843 2532 ultro
874 2491 962 2532 sine
993 2491 1181 2543 legitima
1204 2503 1332 2532 causa
1356 2490 1655 2541 discesserunt,
1689 2490 1789 2544 quin
1812 2490 1929 2543 prius

204 2571 359 2612 Rector
381 2568 682 2611 admoneatur:
706 2568 826 2620 cujus
849 2566 943 2618 erit,
966 2565 1067 2618 quid
1090 2565 1298 2621 expediat,
1316 2565 1521 2619 judicare.
1557 2567 1675 2618 (Reg.
1697 2568 1750 2607 42
1773 2565 1928 2617 Praef.)

343 2656 513 2710 Restat,
552 2659 619 2709 ut,
659 2667 741 2708 quo
774 2658 897 2707 pacto
931 2653 1191 2706 quibuslibet
1222 2653 1367 2706 poenis
1399 2652 1603 2694 utendum
1637 2653 1711 2704 sit,
1751 2665 1929 2706 exequa—

205 2744 312 2773 mur.
374 2730 512 2783 Igitur

344 2818 378 2859 Ι.
425 2818 630 2870 Magister
669 2830 743 2859 nec
781 2818 822 2858 in
866 2816 1076 2870 puniendo
1119 2816 1175 2858 sit
1214 2827 1440 2869 praecepS,
1483 2828 1557 2857 nec
1597 2816 1637 2857 in
1679 2815 1930 2868 inquirendo

208 2894 374 2936 nimius.
457 2892 708 2934 Dissimulet
757 2893 921 2946 potius,
984 2904 1078 2933 cum
1129 2894 1270 2946 potest
1320 2891 1409 2933 sine
1462 2892 1712 2944 cujusquam
1764 2890 1928 2932 damno.

209 2969 327 3022 (Reg.
353 2969 407 3010 40
439 2967 573 3019 Com.)

347 3055 400 3097 II.
449 3055 630 3107 Propter
669 3053 890 3095 domistica
932 3053 1083 3095 delicta
1123 3053 1243 3107 pueri
1285 3065 1368 3094 non
1411 3053 1652 3106 plectantur
1692 3052 1732 3093 in
1775 3051 1931 3099 schola,

210 3131 289 3172 nisi
322 3143 418 3172 raro
451 3134 493 3171 et
524 3141 678 3182 magna
710 3129 760 3170 de
793 3140 930 3169 causa.
986 3128 1105 3182 (Reg.
1130 3129 1183 3169 38
1216 3128 1372 3180 Praef.)
