2164 3535
750 196 978 232 Schriftliche
1005 197 1215 241 Uebungen.
1789 201 1842 241 97

125 337 308 390 gigantis
342 340 553 379 certamen
586 336 830 378 oratorium.
866 359 915 365 -
951 336 1048 378 Vita
1070 336 1229 378 rustica
1251 348 1303 378 an
1326 336 1491 378 urbana
1506 336 1764 390 jucundior?
1791 361 1841 366 -—

124 412 324 454 Austriae
357 412 616 454 Encomium.
662 435 711 441 —
756 411 867 453 Laus
899 411 1252 465 Hypochondriae
1282 410 1540 453 moderatae.
1583 437 1632 442 -
1673 412 1845 454 Pictura

125 501 175 529 an
209 488 372 530 Musica
403 500 471 530 ars
504 486 783 529 excellentior.
820 511 868 516 —
903 487 950 528 In
982 487 1180 530 Politicos
1208 486 1566 529 Monasteriorum
1597 487 1747 540 opibus
1779 487 1839 528 in-

126 563 329 605 videntes.
364 587 414 592 —
448 563 510 604 De
541 561 722 603 miseriis
755 561 865 603 vitae
897 561 1057 603 aulicae
1089 562 1237 604 oratio.
1276 586 1325 592 —-
1359 561 1441 603 Pro
1464 561 1552 603 vita
1573 562 1732 603 Aulica.
1781 561 1844 602 Ex

127 638 312 680 Luciano
354 637 405 678 de
444 637 635 678 mercede
672 636 902 678 conductis.
958 661 1007 667 —
1061 636 1206 678 Gloria
1238 636 1492 679 Germaniae
1524 650 1574 680 ex
1605 636 1845 678 inventione

125 711 455 766 Typographiae.
484 736 533 740 —
558 710 760 752 Vitiferae
792 711 982 762 regiones
1014 723 1065 751 an
1088 711 1390 754 frumentiferis
1413 712 1661 765 praestent?
1695 736 1745 741 ——
1780 711 1845 752 An

124 788 378 828 mercatores
410 785 613 827 nobilium
646 797 821 826 numero
855 784 1067 826 habendi?
1122 810 1170 815 —
1224 786 1273 827 In
1305 787 1467 829 tabacci
1501 799 1626 829 usum
1658 786 1845 839 antiquis

123 861 396 914 incognitum.
439 886 491 890 —
537 860 724 915 Litteris,
757 873 809 901 an
842 860 970 901 armis
1001 862 1125 913 parta
1156 860 1353 903 nobilitas
1386 863 1548 915 major?
1589 887 1638 891 —
1678 861 1742 903 An
1775 874 1847 903 sex

124 936 392 978 humaniores
416 935 590 978 Scholas
623 935 867 991 absolvisse,
899 936 1010 977 omni
1043 935 1259 978 hominum
1292 936 1518 978 conditioni
1552 936 1712 989 aliquid
1736 949 1847 978 com-

124 1012 279 1067 modet,
311 1012 439 1054 etiam
471 1011 756 1054 Mechanicis?
804 1035 857 1041 -
903 1011 1161 1066 Aucupium,
1194 1024 1247 1053 an
1278 1011 1468 1064 piscatus
1495 1011 1754 1064 jucundior?
1791 1035 1841 1041 —

124 1087 340 1129 Invectiva
370 1086 412 1128 in
444 1086 634 1128 alearum
665 1099 738 1128 seu
770 1085 1014 1128 chartarum
1045 1085 1207 1128 ludum.

401 1420 592 1469 Thema
632 1421 826 1469 solutae
865 1420 1147 1487 (orationis)
1187 1437 1276 1486 pro
1315 1418 1574 1467 Praemiis.

775 1513 964 1558 (Wagner
988 1523 1028 1558 p.
1047 1513 1125 1548 263
1140 1512 1194 1556 s.)

126 1630 445 1671 Exercitatio
469 1629 711 1671 Oratoria
743 1641 841 1682 qua
872 1629 1119 1671 suadetur
1140 1628 1405 1670 Friderico
1429 1628 1498 1670 IV.
1524 1628 1759 1681 Imperat.
1793 1630 1850 1669 ut

301 1710 538 1752 obsessae
571 1724 658 1763 per
689 1711 878 1753 Turcas
912 1710 1362 1763 Constantinopoli
1395 1712 1679 1752 succurrat.

265 1825 506 1866 Exordium.
584 1826 707 1867 Dices
750 1826 931 1879 optimos
973 1839 1163 1879 quosque
1206 1839 1230 1867 a
1273 1826 1423 1867 Carolo
1465 1826 1519 1867 M.
1563 1826 1847 1879 Imperatores

125 1901 309 1942 muneris
343 1900 408 1941 sui
442 1900 629 1955 duxisse,
673 1913 796 1953 agere
828 1900 1067 1943 Advocatos
1101 1901 1335 1951 Ecclesiae,
1376 1913 1553 1954 eamque
1584 1900 1846 1954 temporibus

126 1975 242 2017 duris
276 1977 386 2017 omni
421 1988 498 2030 ope
530 1976 651 2017 tueri.

262 2063 469 2116 Proposit.
534 2063 740 2105 Universo
764 2063 1002 2105 Christiano
1023 2063 1192 2105 Nomini
1223 2063 1473 2116 gravissima
1502 2063 1690 2117 pericula
1710 2064 1845 2106 immi-

125 2140 238 2191 nent,
270 2138 303 2179 si
337 2138 497 2179 Turcac
531 2141 655 2191 capta
677 2138 1042 2192 Constantinopoli
1075 2141 1366 2192 occupataque
1397 2141 1534 2180 totum
1557 2138 1741 2182 Orientis
1765 2140 1847 2181 Im-

125 2212 287 2265 perium
320 2216 537 2265 occupent.
603 2213 752 2266 [taque
790 2213 1027 2255 hortaberis
1061 2213 1346 2269 Fridericum,
1380 2218 1427 2255 ut
1459 2214 1645 2256 delectus
1678 2215 1846 2271 habeat,

126 2288 281 2329 auxilia
314 2292 449 2341 cogat,
482 2287 698 2340 suppetias
732 2287 913 2330 obsessis
947 2290 1142 2330 maturet.

266 2373 461 2416 Confirm.
499 2377 534 2416 1.
569 2387 593 2415 a
624 2374 750 2427 facili,
779 2375 977 2417 Nicolaus
1000 2375 1192 2418 Pontifex
1223 2376 1417 2429 expediet
1447 2389 1565 2418 arma
1596 2377 1849 2433 spiritualia,

127 2461 174 2490 ac
206 2449 418 2503 Principes
453 2449 715 2491 Christianos
748 2450 801 2490 ad
834 2450 942 2492 vires
975 2463 1177 2504 armaque
1209 2451 1430 2504 praeeunti
1458 2451 1710 2504 Imperatori
1743 2452 1848 2494 soci-

126 2523 238 2565 anda
258 2524 530 2577 permovebit.
593 2524 798 2567 Probabis
820 2525 861 2566 id
886 2525 938 2567 ab
961 2526 1162 2579 Exemplo
1189 2526 1483 2568 Cruciatarum
1508 2526 1850 2583 Expeditionum,

127 2598 180 2640 ad
211 2611 316 2652 quas
350 2599 560 2653 Myriades
593 2599 822 2655 hominum,
855 2601 1076 2654 Regesque
1108 2614 1155 2642 ac
1186 2601 1403 2655 Principes
1435 2601 1717 2655 potentissimi
1750 2616 1846 2645 con-

126 2673 295 2715 fluxere.
357 2674 540 2727 Urgebis
573 2687 598 2716 a
629 2675 844 2729 Dissimili,
879 2676 1076 2729 dicesque
1113 2677 1237 2729 longe
1274 2676 1490 2730 graviores
1522 2677 1615 2719 illas
1649 2677 1848 2734 Conradi,

126 2749 461 2805 Fridericorum,
519 2749 722 2792 Ludovici
774 2750 814 2792 S.
863 2750 1148 2804 expeditiones
1200 2751 1355 2794 fuisse:
1416 2754 1450 2794 1.
1500 2752 1552 2794 ob
1604 2752 1848 2795 distantiam

126 2824 340 2879 locorum,
388 2837 481 2866 cum
528 2825 570 2867 in
611 2824 775 2879 Syriam
816 2838 950 2878 usque
991 2825 1230 2869 ducendum
1270 2831 1407 2879 esset3
1462 2829 1498 2869 2.
1544 2827 1596 2869 ob
1637 2828 1850 2869 maritima

127 2900 335 2955 pericula,
367 2903 410 2941 et
439 2900 651 2956 ingentes,
691 2913 800 2954 quae
833 2901 874 2942 in
906 2901 1060 2943 classes
1091 2901 1182 2944 fieri
1214 2902 1425 2944 debebant
1454 2915 1683 2955 expensas3
1726 2904 1762 2945 3.
1798 2903 1849 2944 ob

127 2986 320 3016 annonae
361 2974 664 3017 difficultatem.
727 2976 936 3018 Faciliora
972 2989 1082 3018 nunc
1123 2977 1282 3033 omnia,
1323 2977 1605 3031 propinquam
1647 2978 1851 3021 Constan-

128 3049 369 3105 tinopolim,
401 3050 533 3092 solam
565 3051 799 3103 Ungariam
831 3051 1128 3104 emetiendam3
1162 3052 1349 3106 ejusdem
1383 3065 1552 3106 campos
1584 3051 1849 3095 fertilissmos

128 3124 329 3167 frumenti
362 3124 529 3167 abunde
562 3130 841 3168 commeatum
873 3126 1103 3169 secundum
1135 3127 1377 3170 Danubium
1409 3127 1626 3182 praebere.

1575 3198 1594 3211 1⁵⁷

201 3200 390 3227 Monumenta
409 3200 583 3227 Germaniae
602 3201 807 3234 Paedagogica
824 3201 902 3227 XVI.
1581 3208 1589 3232 Α
