2164 3535
193 222 274 263 144
423 217 714 253 Ausserordentl.
734 218 935 261 Uebungen
954 227 985 251 a.
1005 217 1037 251 d.
1057 217 1184 261 Gymn.
1203 216 1235 250 (1.
1255 216 1375 250 oberd.
1394 216 1558 250 Provinz.
1593 217 1690 251 1736.

190 360 326 402 tiones
359 372 406 401 ac
439 358 769 401 discursantium
801 356 1046 410 spectacula
1076 356 1327 397 umbrarum
1360 358 1409 396 ut
1439 355 1598 408 passim
1632 355 1925 410 exhibeantur7

192 435 306 476 haud
339 447 440 476 sane
471 433 692 487 probatur.
757 432 881 484 Ignes
914 435 1057 473 autem
1090 435 1183 472 arte
1215 431 1337 487 sacti,
1371 431 1583 484 displosae
1613 430 1803 486 fistulae,
1841 430 1927 483 gla—

194 510 362 551 diatorii
385 519 638 561 congressus
665 508 794 559 atque
817 506 1012 548 universe
1034 518 1250 547 armorum
1274 506 1473 548 tractatio
1495 519 1579 547 non
1596 505 1724 547 licent
1746 505 1928 558 omnino,

192 586 272 627 nisi
303 585 511 638 permissu
545 582 799 635 Superioris,
833 594 928 622 cum
962 581 1200 633 argumenti
1226 581 1335 622 ratio
1358 581 1612 634 graviorque
1635 581 1778 634 aliqua
1799 591 1930 622 causa

194 660 401 714 ejusmodi
433 658 533 711 quid
565 656 813 710 postulabit.
879 655 1066 708 (Adjum.
1101 655 1211 697 stud,
1250 656 1363 697 hum.
1398 669 1436 697 n.
1462 657 1548 705 37.)
1611 656 1793 697 Demum
1823 654 1928 696 illud

195 748 364 789 quoque
397 732 629 775 cavendum
661 734 740 785 est,
772 742 838 785 119,
871 730 904 771 si
938 730 1051 783 quod
1083 743 1107 772 a
1138 731 1381 772 rhetoribus
1415 732 1476 773 vel
1501 731 1636 784 poetis
1660 731 1808 772 drama
1830 741 1927 783 pro-

196 810 389 863 ducetur,
422 808 464 849 id
496 807 611 848 ultra
641 806 827 859 spatium
859 804 1134 858 sesquihorae
1156 804 1275 848 facile
1299 806 1560 847 extrahatur.
1614 805 1804 858 Reliquis
1826 817 1926 846 vero

195 886 236 926 in
277 883 492 926 Classibus
534 881 747 923 breviores
786 880 994 933 quosdam
1037 880 1227 933 dialogos
1270 880 1466 923 exhibere
1510 881 1720 922 duntaxat
1762 881 1927 929 licebit3

195 959 470 1001 instruendae
493 971 644 1001 scenae
665 971 747 1000 11011
762 957 851 999 nisi
874 970 971 998 raro
994 958 1184 1010 potestas
1206 956 1288 997 fietv
1331 956 1494 1010 (Ordin.
1519 956 1642 998 Prov.
1677 958 1700 1010 ξ
1723 957 1748 998 8
1781 969 1820 997 11.
1843 956 1929 1004 33.)

197 1035 351 1076 Modus
383 1047 533 1087 nempe
565 1032 829 1075 adhibendus
862 1032 902 1072 in
936 1032 1154 1080 omnibus;
1186 1044 1323 1084 neque
1357 1032 1417 1072 ita
1448 1032 1488 1072 id
1520 1044 1653 1084 genus
1676 1031 1800 1082 ludis„
1833 1031 1933 1072 licet

197 1110 373 1151 eruditis
405 1109 584 1150 maxime
617 1112 746 1161 atque
779 1107 831 1148 ad
866 1106 1113 1159 dignitatem
1146 1106 1278 1147 literis
1304 1106 1608 1147 conciliandam
1631 1105 1928 1160 perapposstis,

196 1184 515 1239 indulgendum,
547 1187 608 1239 ut,
641 1183 742 1224 dnm
774 1182 970 1235 populari
1000 1181 1207 1223 servimus
1231 1193 1375 1234 aurae,
1408 1181 1595 1223 scholam
1618 1182 1780 1223 interea
1802 1180 1930 1233 negli-

198 1260 366 1313 gentius
399 1271 608 1311 geramus.
673 1258 779 1309 (Iuv.
815 1257 866 1298 de
899 1256 993 1298 Rat.
1028 1256 1117 1297 doc.
1153 1269 1184 1298 c.
1212 1258 1235 1298 2
1269 1268 1304 1296 a.
1331 1258 1354 1297 3
1389 1257 1494 1310 §30

641 1615 1011 1663 Exci-citium
1060 1614 1502 1662 scholasticum.

896 1707 1048 1752 (Kropf
1069 1717 1109 1751 1).
1129 1707 1181 1741 69
1192 1707 1244 1751 s.)

342 1825 516 1866 Privata
556 1823 829 1874 declamatio,
873 1835 1001 1876 quam
1043 1822 1219 1875 singulis
1259 1821 1346 1863 fere
1389 1820 1608 1862 sabbathis
1640 1820 1878 1862 habendam
1913 1833 1938 1862 a

205 1900 460 1941 Rhetoribns
493 1903 535 1941 et
556 1898 820 1939 Humanistis
844 1910 934 1939 esse
959 1898 981 1951 ἕ
1005 1899 1029 1938 4
1063 1899 1318 1951 monuimus,
1351 1897 1569 1938 minimum
1593 1897 1654 1938 bis
1678 1909 1754 1949 per
1777 1908 1934 1936 annum

207 1976 259 2017 ab
301 1975 496 2027 utrisque
538 1975 760 2016 exhibetur
802 1987 894 2016 cuin
944 1975 1060 2015 brevi
1101 1973 1243 2026 aliqua
1285 1972 1471 2021 actione,
1515 1971 1635 2025 quasi
1678 1971 1718 2012 in
1762 1971 1935 2012 modum

207 2063 358 2092 scenae
380 2050 588 2105 privatae,
622 2049 966 2091 convenientibus
990 2049 1214 2102 utriusque
1238 2047 1395 2089 Classis
1419 2047 1649 2101 discipulis,
1673 2046 1787 2099 quod
1809 2046 1934 2098 vulgo

209 2137 407 2167 vocamus
440 2125 682 2166 exercitium
715 2125 1024 2166 scholasticum.
1079 2124 1160 2176 (Ex
1193 2136 1276 2175 reg.
1306 2124 1356 2164 16
1383 2127 1423 2164 et
1458 2124 1506 2163 19
1540 2122 1661 2163 Rhet.
1695 2121 1937 2175 partimque

209 2212 258 2241 ex
290 2212 370 2241 usu
402 2199 543 2250 Prov.)
607 2199 783 2249 Quando
818 2202 960 2240 autem
992 2199 1033 2239 in
1068 2198 1229 2240 Scholis
1263 2197 1532 2239 inferioribus
1565 2197 1762 2250 privatim
1803 2196 1938 2238 decla-

209 2277 352 2315 matur
385 2274 453 2327 ((19
486 2287 568 2327 (1110
600 2275 700 2315 item
733 2275 804 2327 §4
837 2273 997 2315 dictum
1030 2277 1133 2323 est),
1174 2276 1216 2314 et
1248 2272 1417 2325 quando
1450 2271 1609 2312 nullam
1643 2271 1937 2312 declamationi

210 2349 415 2390 actionem
448 2349 655 2390 Rhetores
699 2349 763 2390 vel
795 2349 1076 2390 Humanistae
1118 2347 1377 2401 adjungunt„
1421 2359 1543 2388 nemo
1582 2346 1669 2387 fere
1711 2346 1761 2387 de
1804 2346 1939 2387 altera

211 2423 356 2465 Classe
388 2424 474 2465 ulla
506 2425 723 2466 invitatur.
786 2427 799 2475 (
808 2425 866 2465 Ex
900 2436 983 2476 reg.
1009 2424 1061 2465 33
1097 2423 1211 2465 Com.
1246 2426 1288 2464 et
1321 2435 1399 2463 usu
1433 2422 1574 2472 Prov.)

377 2779 879 2829 Α111591·01·(19111119119
922 2780 1200 2845 Uebungen
1240 2780 1287 2826 in
1331 2780 1418 2826 (191·
1457 2777 1778 2826 Geschichte.

907 2885 1059 2929 (Kropf
1080 2894 1120 2928 p.
1139 2883 1186 2918 70
1201 2883 1254 2926 s.)

356 2988 553 3029 Ianuario
586 3001 728 3029 mense
760 2992 939 3030 exeunte
972 2988 1022 3029 de
1064 2987 1241 3029 historia
1283 2986 1486 3028 celebrior
1529 2985 1784 3027 concertatio
1825 2983 1943 3025 insti—

217 3063 354 3103 tuitur
386 3063 425 3103 in
451 3063 594 3104 Classe
627 3064 768 3104 infima
801 3064 959 3104 ordinis
992 3063 1223 3113 inferioris3
1258 3061 1490 3103 Februario
1522 3061 1621 3102 item
1656 3059 1940 3111 subsequente

218 3137 260 3177 in
294 3137 435 3178 intima
466 3138 624 3179 ordinis
657 3139 886 3190 superioris
921 3152 967 3180 nc
999 3138 1175 3190 singulis
1208 3137 1403 3189 deinceps
1437 3136 1649 3176 iliensibus
1690 3134 1730 3174 in
1756 3133 1943 3185 reliqua-
