2164 3535
691 235 767 270 Fur
790 235 860 271 den
886 234 1230 279 Studienprafekten
1258 237 1357 270 1832.
1438 258 1444 264 ·
1798 238 1882 278 449

163 376 373 430 inquirat,
415 388 520 428 quos
560 378 602 416 et
643 375 797 428 quibus
837 375 916 417 sub
948 374 1263 417 Professoribus
1295 375 1505 415 tractatus
1534 374 1623 427 jam
1656 373 1881 429 audierint,

164 451 228 492 vel
269 451 501 492 etiamnum
540 449 686 491 audire
726 449 928 505 debeant,
972 463 1023 492 110
1063 462 1158 491 cum
1190 462 1272 491 non
1304 449 1384 490 levi
1416 448 1632 490 doctrinae
1665 448 1883 502 dispendio

164 525 334 567 eosdem
365 527 575 566 tractatus
608 528 800 577 repetere
823 527 898 566 aut
919 537 1137 577 nunquam
1159 524 1328 566 auditos
1350 523 1695 577 praetermittere
1719 524 1885 565 omnino

164 603 382 652 cogantur.

301 680 353 721 29
392 678 515 720 Hunc
547 678 588 719 in
621 677 745 720 finem
778 678 947 731 expedit
979 679 1145 721 omnino
1178 683 1220 721 et
1250 680 1540 722 necessarium
1572 683 1650 735 est,
1683 683 1732 720 ut
1762 679 1888 721 Prae-

161 754 295 795 fectus
338 753 544 806 triplicem
585 765 712 806 penes
755 766 800 795 se
840 753 996 795 habeat
1041 754 1301 807 catalogum:
1354 758 1403 796 κ.)
1436 755 1738 809 Materiarum,
1780 766 1887 808 quas

162 828 317 881 singuli
362 828 538 880 singulis
586 827 738 869 scholis
785 828 1030 880 explicaturi
1082 831 1182 870 sunt
1220 829 1486 872 Professores
1530 830 1718 882 quolibet
1761 841 1882 870 anno.

164 905 216 945 *29
250 903 541 957 Tractatuum,
574 914 679 954 quos
713 902 867 955 singuli
899 903 1119 945 studentes
1152 906 1228 944 aut
1252 904 1342 956 jam
1376 904 1616 959 audierunt,
1649 908 1724 945 aut
1751 903 1888 945 adhuc

163 977 311 1019 audire
351 979 561 1019 tenentur.
625 977 677 1019 3?
712 977 984 1028 Examinum,
1026 990 1135 1030 quae
1167 990 1216 1019 ex
1249 978 1440 1031 qualibet
1471 979 1651 1020 materia
1682 992 1706 1020 a
1738 979 1886 1032 quovis

163 1052 415 1094 Nostrorum
456 1052 683 1105 quotannis
727 1052 948 1094 subeunda
990 1056 1090 1094 sunt
1133 1052 1289 1107 adhuc,
1333 1056 1408 1094 aut
1442 1054 1531 1106 Jam
1571 1054 1651 1095 rite
1681 1057 1784 1095 sunt
1815 1053 1886 1094 ab·

163 1127 314 1168 soluta.

280 1202 332 1244 3¹?
370 1202 519 1254 Neque
550 1204 691 1244 tamen
724 1201 802 1243 hac
834 1202 924 1244 sola
955 1202 1220 1255 promotione
1252 1202 1333 1244 rite
1364 1203 1478 1244 facta
1509 1216 1608 1245 suas
1632 1203 1721 1257 jam
1744 1206 1887 1257 partes

164 1277 394 1330 explevisse
435 1290 479 1319 se
510 1277 722 1319 existimet
752 1277 1018 1328 Praefectus,
1060 1277 1160 1330 quin
1193 1278 1335 1330 potius
1371 1282 1471 1319 tunc
1503 1278 1684 1319 maxime
1716 1277 1887 1320 easdem

163 1352 347 1404 incipere
388 1352 467 1394 sibi
508 1351 790 1407 persuadeat,
833 1352 1177 1405 quandoquidem
1218 1352 1429 1405 agendum
1464 1354 1553 1406 ι13111
1598 1353 1676 1408 sit,
1718 1356 1767 1394 ut
1796 1353 1890 1406 ipsa

164 1426 306 1467 studia
343 1427 384 1467 in
422 1426 576 1468 nostris
619 1428 950 1479 promoveantur
994 1440 1071 1479 pro
1105 1427 1274 1469 viribus.
1338 1428 1455 1469 Inter
1486 1428 1624 1469 varias
1656 1427 1887 1469 industrias

163 1500 491 1554 proficiendique
513 1501 664 1555 media,
697 1514 806 1554 quae
828 1502 936 1543 ratio
961 1501 1207 1544 Studiorum
1233 1514 1280 1543 ac
1303 1501 1579 1556 Superiorum
1602 1502 1887 1545 ordinationes

164 1576 473 1631 praescribunt,
505 1579 547 1617 et
578 1576 725 1618 stricte
756 1577 1022 1618 observanda
1053 1580 1166 1631 sunt,
1200 1578 1421 1630 sequentia
1453 1580 1594 1618 tamen
1618 1577 1890 1630 peculiariter

165 1650 280 1692 cordi
310 1650 466 1692 habeat
496 1651 756 1707 Praefectus,
789 1651 970 1693 scilicet:

304 1729 345 1777 a)
377 1726 435 1768 Ut
465 1725 714 1768 Scholastici
747 1728 882 1768 statos
915 1726 1003 1767 dies
1037 1726 1203 1779 dieique
1234 1727 1360 1769 horas
1394 1728 1589 1777 habeant,
1624 1728 1778 1781 quibus
1811 1741 1889 1770 sua

164 1800 206 1842 in
237 1800 389 1842 studiis
423 1801 551 1843 dubia
583 1814 631 1843 ac
664 1801 934 1843 difficultates
968 1814 1050 1843 non
1083 1802 1171 1843 suis
1205 1802 1342 1843 solum
1366 1803 1610 1855 respectivis
1634 1802 1887 1845 Professori-

165 1876 256 1928 bus,
290 1876 364 1918 sed
396 1876 474 1929 ipsi
507 1876 632 1917 etiam
656 1876 875 1918 Praefecto
910 1888 1144 1929 proponere
1175 1877 1352 1932 possint,
1386 1877 1457 1929 qui
1490 1877 1568 1919 hac
1597 1878 1814 1920 occasione
1846 1878 1887 1919 111

165 1950 316 1999 studiis
359 1963 429 1993 eos
468 1951 668 2004 dirigere,
711 1952 834 1994 utiles
875 1964 950 2004 pro
994 1951 1330 2004 studioprivato
1364 1952 1494 1994 libros
1526 1954 1813 2006 praescribere
1845 1956 1888 1994 et

165 2026 268 2068 alias
310 2027 539 2069 litterarias
583 2027 904 2069 exercitationes
947 2039 994 2069 ac
1027 2027 1368 2069 elucubrationes
1402 2028 1561 2081 proprii
1592 2028 1748 2082 ingenii
1779 2041 1887 2070 com-

163 2101 362 2143 mendare
393 2115 475 2144 non
508 2103 689 2144 omittat.

301 2177 344 2229 b)
378 2178 437 2219 Ut
469 2177 776 2230 disputationes
808 2181 1052 2219 menstruae
1084 2190 1226 2219 coram
1248 2181 1340 2219 tota
1362 2178 1500 2231 domo,
1532 2178 1888 2221 hebdomadariae

164 2263 305 2293 coram
327 2252 656 2305 Professoribus,
690 2255 732 2294 et
764 2252 907 2293 circuli
940 2252 1176 2305 quotidiani
1207 2265 1290 2294 non
1324 2253 1461 2294 solum
1493 2256 1637 2295 exacte
1669 2254 1756 2296 suis
1785 2258 1888 2296 tem-

162 2326 357 2381 poribus,
398 2327 471 2368 sed
517 2327 644 2368 etiam
682 2328 791 2369 serio
823 2326 927 2368 fiant
959 2331 1002 2369 et
1033 2340 1127 2369 cum
1160 2327 1313 2369 fructu.
1377 2327 1536 2378 Quodsi
1568 2329 1702 2370 nostri
1734 2329 1889 2370 hebdo-

163 2401 376 2444 madarias
418 2401 603 2443 habeant
643 2415 885 2444 communes
927 2414 1022 2444 cum
1062 2403 1245 2445 externis
1289 2403 1330 2444 in
1363 2403 1602 2458 academia,
1644 2403 1686 2445 id
1720 2405 1886 2445 omnino

165 2480 359 2532 curetur,
408 2481 455 2518 ut
504 2490 598 2519 cum
645 2477 850 2530 dignitate
897 2477 1001 2519 fiant
1043 2481 1085 2519 et
1124 2478 1427 2530 aemulatione,
1475 2481 1517 2520 et
1560 2478 1888 2521 cohonestentur

166 2551 338 2593 assidua
368 2552 660 2594 Professorum
690 2553 941 2606 praesentia.

304 2629 340 2678 c)
373 2627 452 2678 Ut,
493 2627 591 2669 licet
630 2630 806 2681 propter
847 2628 996 2669 nimias
1029 2627 1285 2681 quandoque
1317 2629 1614 2681 occupationes
1646 2629 1688 2670 111
1721 2628 1887 2670 circulis

166 2700 423 2754 quotidianis
470 2702 693 2755 respectivi
735 2702 1000 2744 Professores
1048 2702 1336 2755 repetentibus
1381 2703 1571 2756 quotidie
1613 2703 1761 2745 adesse
1802 2716 1883 2744 non

165 2775 352 2831 possint,
395 2775 543 2818 adesse
582 2779 724 2818 tamen
766 2779 915 2818 curent
952 2777 1098 2831 toties,
1141 2777 1306 2829 quoties
1340 2790 1416 2830 per
1447 2778 1744 2831 occupationes
1776 2777 1887 2832 licet,

167 2852 209 2890 et
251 2861 350 2891 suos
394 2850 611 2903 dirigendo
653 2854 696 2892 et
735 2851 959 2892 animando
1000 2851 1041 2892 in
1073 2851 1237 2892 ratione
1278 2852 1603 2904 argumentandi
1635 2865 1682 2894 ac
1715 2864 1886 2906 respon-

168 2923 292 2965 dendi
334 2924 375 2965 in
414 2925 550 2967 forma
590 2926 696 2968 bene
737 2929 981 2980 exerceant,
1023 2938 1074 2967 ne
1117 2938 1289 2978 operam
1327 2939 1421 2968 cum
1456 2931 1645 2980 tempore
1677 2929 1719 2968 et
1750 2927 1887 2968 animo

166 2997 359 3051 perdant.
420 2999 468 3040 In
501 2999 668 3042 defectu
702 3013 799 3042 vero
841 3000 1065 3052 respectivi
1097 2999 1353 3043 Professoris
1395 3002 1485 3054 ipse
1516 3000 1782 3055 Praefectus,
1823 3000 1888 3042 vel

168 3071 258 3114 eius
290 3071 557 3116 Substitutus
590 3087 743 3117 munus
774 3074 853 3116 hoc
884 3074 1122 3116 sustinebit.

308 3146 351 3199 d)
385 3147 445 3189 Ut
476 3147 656 3201 denique
686 3148 789 3190 nihil
821 3149 1077 3191 intentatum
1108 3149 1387 3205 relinquatur,
1420 3161 1503 3202 quo
1528 3149 1626 3191 felix
1649 3149 1887 3190 examinum

237 3220 428 3248 Monumenta
447 3221 621 3250 Germaniae
639 3223 845 3256 Paedagogica
861 3223 941 3250 XV1.
1614 3218 1660 3252 29
