2164 3535
520 233 714 276 catalogus
741 236 937 276 perpetuus
965 230 1083 265 Germ.
1111 230 1196 275 Sup.
1226 233 1393 267 1602—4.
1789 234 1814 274 5

242 524 605 598 Bemerkung
651 545 781 580 zum
827 522 1144 597 Catalogus
1190 520 1663 595 Quinquennalis.

889 626 1031 672 1604.

686 709 817 755 (Ibin.
844 709 917 745 fol.
944 708 1021 744 2412
1047 709 1087 745 et
1112 709 1218 753 252)

92 795 250 837 quta
280 793 411 835 hanc
441 791 951 834 Animaduersionem
983 790 1326 843 corrigendus
1348 788 1626 842 Catalogus
1657 788 1814 830 libro-

407 880 516 910 rum
547 866 1039 921 praelegendorum
1070 865 1508 919 quinquennalis.

227 993 550 1037 Animaduersio
582 993 636 1035 ad
668 993 843 1035 Poetam
873 992 916 1034 in
951 995 1004 1035 1²?
1033 991 1356 1034 Grammaticae.

226 1071 275 1113 In
311 1073 359 1112 1?
389 1068 696 1112 Grammatices
726 1080 810 1110 non
842 1067 1069 1110 aduersum
1102 1080 1127 1109 a
1157 1066 1276 1109 nobis
1308 1066 1408 1122 fuit,
1447 1066 1593 1119 duos¹)
1635 1066 1812 1119 singulis

92 1146 212 1188 annis
244 1145 430 1200 praelegi
469 1144 621 1186 debere
655 1143 816 1185 Poeta-s.
879 1142 1044 1195 Regula
1074 1142 1185 1184 enim
1219 1143 1269 1184 1?
1297 1142 1428 1196 priori
1458 1141 1652 1184 semestri
1683 1141 1812 1184 alium

89 1220 354 1276 praescribit,
386 1219 515 1262 alium
546 1218 791 1273 posteriore.

231 1295 344 1339 Ordo
377 1297 519 1338 autem
550 1307 626 1348 pro
659 1292 886 1335 vniuersali
908 1292 1112 1345 Catalogo
1144 1292 1225 1334 iste
1255 1291 1348 1347 erit,
1379 1295 1425 1333 vt
1445 1303 1521 1345 pro
1543 1290 1679 1345 primo
1702 1303 1810 1333 anno

88 1371 229 1426 priore
260 1370 454 1413 semestri
475 1369 671 1423 legantur
691 1368 735 1410 P.
757 1367 899 1409 Ouidii
921 1369 1063 1419 (antea
1083 1366 1328 1409 vocauimus
1352 1366 1571 1421 Heroides,
1604 1366 1679 1408 sed
1711 1366 1811 1420 quia

88 1446 165 1489 hoc
196 1458 347 1488 nomen
378 1445 492 1499 apud
523 1447 688 1487 exteros
720 1443 829 1485 male
852 1442 999 1484 audire
1027 1444 1184 1497 posset,
1216 1441 1479 1484 nominemus
1503 1454 1598 1484 cum
1620 1442 1810 1495 Regulis)

88 1521 306 1575 Epistolae
333 1520 514 1563 select-ae
535 1523 577 1562 et
599 1522 817 1573 purgatae.
865 1517 1106 1560 Posteriore
1128 1530 1226 1559 vero
1248 1517 1293 1559 P.
1319 1517 1481 1571 Virgilij
1506 1516 1810 1570 Georgicorum

89 1596 196 1639 liber
226 1600 417 1650 quartus.

225 1671 418 1713 Secundo
465 1682 574 1712 anno
614 1669 658 1710 P.
699 1667 837 1721 Ouidij
882 1667 1055 1721 Elegiae
1102 1667 1283 1709 selectae
1329 1671 1372 1709 et
1416 1669 1624 1722 purgatae
1668 1666 1810 1721 priore

88 1746 295 1801 semestri,
325 1746 559 1800 posteriore
592 1756 689 1786 vero
722 1743 766 1785 P.
801 1743 962 1796 Virgilij
997 1743 1192 1796 Eclogae.

227 1822 369 1865 Tertio
401 1833 510 1863 anno
542 1819 682 1874 priore
714 1819 908 1861 semestri
939 1818 984 1860 P.
1015 1817 1192 1860 Ouidius
1225 1817 1279 1859 ad
1311 1818 1497 1869 Liuiam;
1539 1829 1633 1860 cum
1667 1821 1808 1860 autem

86 1897 164 1939 hoc
206 1910 373 1939 carmen
419 1900 507 1938 tam
546 1896 719 1948 longum
758 1907 842 1936 non
883 1894 958 1949 sit,
1001 1898 1045 1936 vt
1094 1893 1147 1935 ad
1188 1893 1374 1936 medium
1415 1906 1570 1935 annum
1612 1892 1807 1947 sufficiat,

83 1972 194 2015 idem
223 1972 401 2014 Ouidius
432 1972 475 2013 in
506 1971 600 2013 Ibin
630 1970 690 2012 illi
723 1969 846 2012 adiici
877 1971 1029 2023 potest.
1078 1968 1317 2011 Posteriore
1349 1968 1543 2011 semestri
1573 1968 1617 2010 P.
1642 1968 1804 2022 Virgilij

83 2032 291 2090 Aeneidos
323 2047 429 2090 iiber
461 2049 499 2088 5.

227 2122 386 2173 Quarto
430 2135 539 2164 anno
582 2121 627 2163 P.
662 2120 801 2174 Ouidij
846 2119 1064 2173 Epistolae
1110 2119 1291 2161 selectae
1338 2122 1380 2161 et
1419 2123 1627 2173 purgatae
1667 2118 1808 2172 priore

84 2198 294 2251 semestri,
325 2197 559 2251 posteriore
592 2197 633 2238 P.
667 2195 830 2249 Virgilij
866 2194 1074 2237 Aeneidos
1105 2194 1175 2237 lib.
1210 2196 1248 2235 7.

225 2273 365 2326 Atque
403 2272 445 2314 hi
477 2273 683 2314 Auctores
725 2283 869 2312 omnes
909 2270 951 2311 in
983 2269 1145 2323 Regula
1182 2269 1411 2323 habentur,
1453 2282 1588 2323 neque
1620 2282 1807 2322 unquam

86 2348 271 2390 Primani
314 2348 385 2391 isti
428 2360 523 2390 cum
562 2346 827 2389 Humanistis
870 2345 1142 2398 conuenient‚
1185 2350 1257 2387 aut
1297 2345 1339 2387 in
1380 2344 1605 2398 Superiore
1645 2344 1807 2386 discent

87 2425 200 2478 quod
242 2424 283 2465 in
324 2423 521 2466 inferiore
564 2421 821 2473 didicerunt,
864 2420 975 2462 sicut
1012 2420 1172 2462 clarum
1211 2421 1292 2462 erit
1328 2420 1509 2462 intuenti
1541 2419 1802 2473 Catalogum.

86 2499 324 2541 Posteriore
363 2502 506 2540 autem
545 2496 737 2539 semestri
779 2508 945 2548 semper
985 2495 1158 2548 ponitur
1189 2495 1413 2549 Virgilius,
1453 2494 1565 2548 quod
1598 2493 1806 2537 difficilior

88 2574 239 2616 Ouidio
271 2574 348 2628 sit,
380 2577 422 2615 et
452 2572 644 2626 discipuli
677 2584 725 2613 eo
757 2570 950 2612 semestri
983 2570 1209 2613 doctiores:
1248 2574 1291 2612 vt
1322 2575 1507 2625 taceam,
1540 2583 1610 2612 eos
1649 2569 1806 2612 habere

85 2649 163 2691 hoc
193 2648 316 2691 modo
348 2652 436 2690 tam
467 2647 640 2700 Elegiae
671 2658 798 2700 quam
830 2645 999 2687 Heroici
1030 2646 1225 2688 carminis
1257 2645 1405 2688 ideam.

1141 2749 1390 2806 [Gregon'us
1422 2748 1664 2804 Roseffius.]

223 3173 251 3216 ¹)
278 3171 362 3206 Cod.
390 3170 538 3206 duobus.
