2164 3535
630 192 824 236 Catalogus
850 196 1048 236 perpetuus
1074 191 1204 226 Rheni.
1256 194 1352 227 1622.
1799 197 1848 237 21

130 333 237 376 bunt
267 335 310 375 et
339 333 584 385 loquuntur.
635 331 756 382 Quod
787 343 882 374 cum
914 331 1021 374 aliae
1052 331 1294 385 provinciae
1316 331 1600 386 adverterent,
1635 333 1857 375 materiam

130 408 173 450 in
206 407 358 450 scholis
391 406 642 450 tradendam
674 407 836 449 utiliter
866 410 1087 449 auxerunt.

267 494 338 536 IV.
402 494 518 535 Inter
559 496 729 535 autores
770 493 853 535 duo
885 494 1141 535 recentiores
1174 493 1299 547 positi
1331 496 1449 535 sunt:
1491 494 1695 535 Horatii
1737 495 1858 536 Tur-

129 569 349 620 sellini¹)
384 568 619 610 Chronicon
652 573 694 610 et
726 569 905 610 Pontani
937 572 1324 623 progymnasmata.
1377 568 1443 610 Ad
1476 568 1710 612 Chronicon
1744 569 1857 622 quod

129 644 302 699 attinet,
344 644 630 686 necessarium
668 646 752 699 est,
795 646 837 685 et
878 646 1045 686 nostros
1086 647 1129 686 et
1168 647 1363 687 externos
1404 644 1611 686 rationem
1654 645 1857 698 temporis

129 730 397 771 cognoscere3
430 717 589 771 judicio
629 721 771 760 autem
803 719 1036 772 peritorum
1070 722 1256 774 constat,
1296 719 1578 761 Tursellinum
1610 718 1708 773 styli
1741 719 1857 761 boni-

128 795 215 835 tate
245 793 350 834 nulli
381 795 572 835 veterum
605 792 772 849 cedere,
816 793 966 835 deinde
996 793 1227 836 clarissime
1260 798 1302 836 et
1333 795 1575 837 doctissime
1618 794 1856 847 generalem

127 867 346 910 historiam
391 867 561 910 tradere
608 870 736 921 atque
781 868 822 909 in
875 880 925 910 ea
976 880 1022 909 re
1068 870 1110 909 et
1154 880 1284 910 novos
1331 872 1375 910 et
1426 871 1589 911 veteres
1638 882 1854 923 superare.

128 942 410 993 Quamobrem
448 942 584 984 visum
623 946 707 997 est,
751 946 838 984 tam
869 942 963 984 utili
995 943 1105 984 tanti
1138 943 1299 984 autoris
1331 943 1477 985 labore
1512 943 1717 986 utendum
1750 957 1852 987 esse.

126 1018 343 1059 Pontani
375 1017 790 1071 progymnasmata2)
823 1030 904 1060 non
938 1018 1031 1060 ideo
1064 1020 1373 1072 proponuntur,
1407 1022 1455 1060 ut
1486 1031 1535 1060 ex
1568 1020 1756 1072 professo
1789 1033 1856 1062 ex-

126 1092 354 1147 plicentur,
397 1093 470 1134 sed
502 1092 705 1145 magister
737 1093 986 1148 aliquando,
1028 1095 1200 1146 arrepta
1233 1093 1470 1145 occasione,
1511 1093 1654 1146 aliqua
1686 1107 1735 1136 ex
1774 1095 1855 1137 illis

126 1167 310 1210 breviter
347 1168 544 1222 explicet,
587 1181 637 1210 ea
674 1168 956 1224 commendet,
998 1169 1143 1211 crebro
1184 1169 1347 1223 aliquos
1389 1170 1480 1223 ejus
1522 1169 1711 1223 dialogos
1755 1170 1857 1212 reci-

126 1243 208 1284 tari
242 1243 393 1296 jubeat
434 1246 476 1285 et
515 1243 683 1285 omnino
715 1243 757 1285 id
791 1247 912 1299 agat,
952 1247 1002 1285 ut
1032 1243 1117 1285 sint
1147 1244 1290 1297 pueris
1323 1245 1565 1287 familiares.
1627 1245 1751 1287 Ratio
1792 1249 1857 1288 est

126 1319 293 1374 eadem,
335 1330 444 1371 quae
483 1318 586 1375 alias
626 1319 865 1372 provincias
906 1319 959 1360 ad
1000 1319 1078 1361 hoc
1120 1319 1268 1361 movit:
1312 1321 1359 1361 ut
1397 1320 1528 1361 latine
1568 1320 1683 1373 loqui
1726 1320 1856 1362 disce-

125 1397 221 1436 rent
262 1393 313 1436 de
350 1393 476 1436 rebus
514 1394 814 1449 familiaribus,
855 1394 970 1447 quod
1011 1407 1060 1436 ex
1093 1394 1185 1436 aliis
1219 1394 1440 1436 autoribus
1474 1407 1606 1448 aeque
1639 1395 1855 1437 commode

125 1468 214 1510 fieri
256 1482 338 1511 non
380 1470 498 1511 solet.
561 1469 661 1511 Ideo
700 1472 862 1512 veteres
906 1473 948 1511 et
988 1481 1099 1511 nunc
1138 1470 1350 1512 seculares
1383 1469 1625 1512 Terentium
1659 1473 1701 1511 et
1732 1470 1856 1512 Plau-

127 1549 216 1587 tum
259 1547 474 1598 exponunt
515 1544 739 1586 excolendo
781 1544 979 1586 familiari
1020 1544 1221 1598 sermoni3
1271 1557 1376 1598 quos
1416 1544 1627 1595 Societas,
1678 1557 1772 1587 cum
1812 1546 1854 1587 in

126 1619 291 1662 scholas
333 1632 433 1661 suas
474 1623 644 1661 autores
685 1632 836 1672 parum
877 1619 1076 1661 honestos
1116 1619 1258 1661 induci
1298 1619 1423 1675 nolit,
1473 1620 1634 1674 omisit,
1675 1619 1855 1673 ideoque

126 1694 384 1748 experientia
415 1694 550 1750 docet,
584 1694 667 1735 alia
698 1706 747 1735 ex
778 1696 899 1747 parte
930 1694 1214 1747 supplendum
1246 1707 1349 1736 esse.

265 1780 312 1821 V.
376 1779 481 1822 Cum
521 1780 575 1822 ad
615 1786 858 1822 nostrorum
895 1779 1184 1834 professorum
1227 1780 1511 1822 valetudinem
1550 1784 1592 1822 et
1631 1781 1855 1835 discipulo-

125 1869 218 1897 rum
257 1856 493 1909 profectum
532 1855 699 1897 omnino
749 1856 804 1897 sit
852 1855 1159 1906 necessarium,
1215 1857 1262 1897 ut
1313 1855 1507 1909 discipuli
1556 1856 1655 1911 ipsi,
1710 1869 1854 1909 quem-

125 1930 355 1973 admodum
393 1930 642 1984 quotidiana
674 1934 945 1985 argumenta,
989 1931 1049 1972 ita
1086 1931 1214 1973 etiam
1247 1930 1594 1987 declamationes,
1638 1930 1853 1974 affixiones

125 2005 398 2059 dialogosque
447 2010 720 2061 componant,
770 2006 848 2048 hoc
896 2005 1055 2059 ubique
1100 2005 1209 2048 serio
1260 2006 1568 2059 diligenterque
1618 2006 1853 2048 curandum

124 2085 190 2123 est
230 2084 278 2122 ut
314 2080 399 2123 fiat.
477 2081 567 2123 Hoc
605 2082 715 2123 enim
755 2085 1077 2135 praeceptorum
1120 2094 1205 2134 reg.
1250 2083 1316 2122 32.
1359 2081 1591 2123 communis
1634 2081 1762 2134 exigit
1811 2086 1854 2123 et

129 2158 193 2198 18.
240 2156 433 2198 rhetoris.
523 2157 586 2197 Ex
637 2156 789 2198 harum
845 2157 1090 2209 regularum
1147 2157 1341 2210 neglectu
1397 2156 1532 2198 multa
1588 2156 1853 2198 incommoda

126 2232 333 2274 oriuntur.
404 2232 512 2273 Nam
559 2235 854 2285 praeceptores
897 2232 976 2285 ipsi
1027 2232 1108 2274 illis
1156 2231 1454 2285 componendis
1502 2234 1764 2284 occupantur
1812 2234 1853 2273 et

126 2307 399 2358 deseruntur;
447 2306 599 2348 deinde
638 2319 731 2348 cum
771 2307 913 2360 aliqua
950 2307 1218 2361 rejiciuntur,
1264 2319 1389 2360 aegre
1430 2307 1593 2361 ferunt,
1640 2307 1762 2359 quasi
1801 2305 1853 2348 de

125 2395 202 2424 suo
240 2382 407 2435 ingenio
447 2385 489 2423 et
529 2381 721 2423 doctrina
766 2381 1003 2437 Judicetur,
1050 2394 1144 2423 cum
1186 2382 1334 2434 regula
1374 2385 1495 2423 vocet
1537 2381 1629 2423 illas
1672 2380 1852 2434 discipu-

124 2457 262 2499 lorum
301 2457 643 2512 exercitationes,
695 2470 789 2499 cum
827 2457 1041 2509 ingenium
1088 2456 1257 2498 illorum
1304 2469 1380 2510 per
1419 2456 1512 2498 illas
1561 2456 1691 2498 excoli
1737 2455 1851 2511 velit,

127 2544 222 2573 cum
263 2531 443 2584 denique
481 2531 612 2586 dicat,
654 2544 871 2585 nunquam
914 2531 964 2573 de
996 2532 1160 2584 integro
1192 2531 1402 2585 facienda,
1446 2544 1540 2573 cum
1573 2530 1851 2573 disertissime

127 2606 239 2648 dicat
278 2605 486 2660 affigenda
524 2607 712 2648 carmina
752 2606 1027 2649 selectissima
1067 2619 1259 2659 quaeque
1304 2619 1329 2648 a
1367 2605 1581 2659 discipulis
1624 2605 1848 2659 descripta.

265 2768 292 2811 1)
316 2766 490 2801 Horatius
508 2765 733 2801 Tursellinus
762 2765 794 2799 S.
813 2765 849 2799 J.
878 2764 981 2809 (Rom
1001 2768 1099 2810 1545,
1129 2768 1229 2810 1562,
1259 2769 1358 2810 1599)
1384 2765 1671 2801 ver'offentlichte
1697 2766 1850 2800 Histo-

125 2825 292 2859 riarum
317 2825 367 2859 ab
394 2824 568 2867 origine
594 2823 740 2858 mundi
773 2834 910 2866 usque
944 2823 995 2857 ad
1022 2834 1084 2858 an.
1112 2827 1209 2860 1598.
1235 2824 1457 2868 Epitome,
1489 2824 1596 2859 libri
1620 2824 1663 2858 X.
1714 2824 1850 2858 Romae

129 2885 228 2918 1598.
279 2882 506 2918 Unzahlbare
540 2881 753 2925 Ausgaben3
787 2887 881 2916 erste
914 2881 950 2915 in
982 2881 1232 2917 Deutschland
1265 2882 1434 2917 Coloniae
1464 2884 1561 2918 1621.
1607 2882 1678 2917 120.
1722 2885 1789 2917 503
1815 2892 1849 2925 p.

125 2940 218 2974 Eine
252 2939 385 2974 andere
417 2939 554 2974 Kolner
578 2939 749 2983 Ausgabe
783 2949 850 2973 von
885 2941 969 2974 1631
1004 2943 1101 2983 tragt
1138 2940 1207 2975 den
1242 2940 1352 2975 Titel:
1394 2940 1645 2984 Chronicon
1679 2939 1723 2974 ab
1762 2939 1849 2974 urbe

125 2996 270 3032 condito
303 2997 348 3031 ad
379 2996 470 3031 haec
502 3001 665 3041 tempora
697 2996 794 3031 brevi
827 2996 1039 3040 compendio
1067 2996 1255 3041 digestum.
1305 2998 1431 3033 Letzte
1458 2998 1627 3041 Ausgabe
1657 2997 1849 3041 Ultrajecti

129 3054 227 3090 1786.
266 3056 322 3089 80.
366 3054 415 3097 (S.
442 3053 473 3087 d.
501 3053 696 3088 Abschnitt
722 3053 810 3088 iiber
836 3052 1080 3098 Geschichte.)

263 3111 293 3156 2>
320 3112 355 3146 S.
382 3110 417 3146 S.
438 3114 491 3158 14,
518 3113 623 3147 Anm.
648 3115 680 3147 2.
