2164 3535
228 228 312 270 338
811 226 886 260 Das
913 226 1177 261 Theresianum
1201 226 1239 261 in
1266 226 1384 261 Wien.

994 482 1204 526 Theses

801 574 856 603 ex
896 562 1111 616 physica
1148 563 1391 616 generali.

921 643 1279 694 Quaestiones.

368 749 479 799 Quid
513 749 696 802 corpus?
748 748 869 799 Quod
904 749 1107 790 Veterum
1139 749 1469 798 Atomistarum,
1513 750 1625 803 quod
1665 750 1964 792 Recentiorum

229 824 480 878 praesertim
513 823 722 866 Gassendi
762 824 812 865 de
846 824 1093 877 corporibus
1135 826 1354 878 systema?

1425 825 1542 876 Quae
1576 825 1815 880 Cartesius‚
1858 837 1967 878 quae

231 900 463 941 Newtonus
506 911 732 953 corporum
783 899 989 952 principia
1036 900 1221 941 statuit?

1285 899 1363 950 Qui
1411 900 1687 942 Elementarii
1735 900 1965 942 dicuntur?

233 974 340 1025 Quid
383 974 536 1016 Thales
570 974 781 1023 Milesius,
826 975 1062 1031 Digbaeus,
1106 976 1402 1029 Empedocles,
1444 976 1486 1017 P.
1534 976 1778 1017 Honoratus
1826 977 1965 1030 Fabry

231 1050 487 1092 senserunt?
549 1050 741 1103 Denique
774 1063 883 1103 quae
916 1050 1128 1104 Principia
1162 1050 1345 1092 Chemici
1378 1052 1608 1092 statuunt?

368 1126 430 1167 De
462 1125 732 1179 generalibus
765 1138 990 1178 corporum
1023 1124 1330 1168 affectionibus.

925 1347 1267 1390 Assertiones

373 1440 537 1493 Corpus
578 1453 701 1482 omne
739 1444 980 1491 extensum,
1032 1438 1375 1494 impenetrabile,
1421 1442 1463 1481 et
1506 1438 1734 1492 figuratum
1778 1443 1855 1482 est.
1920 1439 1966 1481 In

233 1515 538 1557 minutissimas
572 1519 716 1568 partes
748 1528 879 1569 aqua,
923 1516 986 1557 vel
1020 1521 1136 1565 aere,
1179 1516 1242 1557 vel
1275 1516 1390 1569 igne,
1435 1516 1498 1557 vel
1532 1515 1612 1556 alio
1656 1518 1874 1557 menstruo
1908 1515 1965 1567 (1³)

234 1590 492 1643 stupendum
525 1591 565 1632 in
599 1591 770 1632 modum
803 1591 956 1633 resolvi
989 1595 1145 1644 potest.

378 1665 518 1708 Habet
549 1678 648 1708 suos
681 1679 822 1719 poros,
856 1670 1036 1719 meatus,
1070 1670 1112 1708 et
1144 1666 1388 1708 interstitia.

373 1741 512 1783 Datur
546 1741 586 1782 in
620 1741 809 1794 quolibet
841 1755 1016 1795 corpore
1041 1742 1101 1783 vis
1136 1742 1280 1795 aliqua
1308 1754 1352 1783 se
1377 1740 1655 1783 conservandi
1686 1740 1726 1781 in
1751 1752 1827 1782 suo
1851 1743 1967 1782 statu

234 1816 421 1857 naturali
455 1829 529 1858 seu
563 1816 732 1869 quietis,
766 1830 841 1859 seu
874 1820 1027 1859 motus.

376 1892 438 1933 Ex
471 1904 696 1945 corporum
731 1892 993 1943 cohaesione,
1027 1897 1175 1934 mutuo
1209 1905 1380 1934 accessu
1414 1892 1639 1933 fluidorum
1670 1895 1711 1933 et
1734 1891 1966 1946 firmorum,

236 1967 489 2019 praesertim
522 1980 620 2008 vero
654 1980 702 2008 ex
736 1967 1052 2020 operationibus
1086 1967 1280 2009 chemicis
1319 1968 1527 2009 evincitur
1569 1968 1659 2009 (lari
1699 1968 1885 2020 aliquam
1928 1967 1966 2008 in

238 2042 485 2094 corporibus
519 2043 825 2096 proprietatem
857 2043 910 2084 ab
943 2043 1035 2084 aliis
1069 2043 1333 2089 distinctam,
1366 2055 1492 2095 quam
1528 2055 1600 2083 seu
1634 2055 1727 2084 cum
1762 2042 1966 2083 Newtono

240 2118 549 2159 Attractionem
597 2130 671 2159 seu
721 2130 813 2159 cum
855 2117 1055 2159 Mariotto
1104 2130 1319 2159 accessum
1368 2122 1587 2165 mutuum,
1635 2117 1969 2167 adhaerentiam„

238 2195 399 2233 motum
434 2192 620 2240 unionis,
665 2205 739 2234 seu
779 2193 958 2245 (lenique
1001 2193 1326 2246 gravitationem
1369 2193 1651 2235 universalem
1693 2205 1834 2241 voces,
1880 2192 1969 2234 solo

238 2267 406 2309 nomine
440 2267 676 2309 dissidebis.

764 2464 832 2506 De
871 2477 1143 2518 corporum
1181 2465 1452 2517 gravitate.

925 2546 1278 2596 Quaestiones.

383 2649 498 2699 Quae
530 2651 783 2704 praecipuae
814 2652 1098 2705 proprietates
1132 2664 1355 2704 corporum
1390 2651 1581 2703 gravium
1594 2652 1613 2692 ⁸?

383 2723 499 2773 Quae
531 2725 782 2778 praecipuae
816 2726 867 2767 de
901 2738 1127 2779 corporum
1160 2726 1370 2778 gravitate
1402 2726 1669 2766 sententiae?

383 2798 491 2847 Quid
523 2812 599 2852 per
630 2799 796 2852 pondus
830 2800 1017 2853 corporis
1050 2800 1332 2853 intelligitur?

932 2995 1272 3037 Assertiones.

384 3085 556 3126 Pondus
588 3098 812 3139 corporum
847 3100 870 3128 a
903 3088 1113 3140 gravitate
1146 3088 1357 3139 destingui
1390 3087 1526 3128 debet.

383 3160 553 3202 Pondus
587 3165 651 3202 est
682 3163 997 3215 proportionale
1030 3163 1209 3204 Massae.
