2164 3535
460 212 728 258 Hausordnung
755 212 818 247 des
845 211 1078 255 Wirzburger
1104 211 1297 247 Seminars.
1347 211 1450 247 Nach
1480 215 1577 248 1608.
1794 217 1876 258 313

296 352 451 406 Ijsdem
496 352 643 395 diebus
686 351 898 394 ordinarie
938 351 1044 394 hora
1089 351 1238 405 quinta
1277 351 1569 405 pomeridiana
1609 350 1780 394 finietur
1815 365 1879 394 re-

161 427 329 469 creatio.
402 428 458 469 Et
506 426 801 468 humaniorum
849 426 1019 480 quidem
1065 427 1307 469 litterarum
1351 426 1532 469 studiosi
1574 426 1764 468 themata
1801 439 1880 468 sua

159 501 201 542 in
243 505 488 555 sequentem
530 501 639 543 diem
680 500 925 554 expedient,
966 500 1166 553 Theologi
1199 502 1242 543 et
1273 500 1515 554 Philosophi
1547 501 1611 543 vel
1643 501 1880 543 intererunt

164 576 374 618 communi
407 575 699 629 disputationi,
731 574 796 616 vel
828 575 1024 628 privatim
1057 575 1217 629 aliquid
1248 575 1413 618 utiliter
1442 575 1702 618 tractabunt.

571 889 904 956 Regulae
957 890 1467 957 famulorum.ยน)

741 981 984 1035 (Seminarii
1018 982 1300 1035 Wirceburg.)

846 1074 908 1118 (L.
935 1084 970 1110 c.
996 1074 1069 1110 fol.
1089 1073 1200 1118 346.)

299 1180 334 1218 1.
383 1177 537 1219 Omnes
570 1177 745 1219 audient
768 1177 944 1220 Sacrum
978 1177 1167 1231 quotidie
1198 1189 1320 1219 mane
1351 1180 1448 1219 ante
1481 1178 1624 1220 studia
1654 1180 1697 1220 et
1718 1179 1881 1233 vesperi

160 1251 343 1301 litanias,
375 1254 450 1293 aut
481 1256 593 1294 certe
625 1265 719 1294 cum
753 1253 1061 1295 convictoribus
1094 1266 1267 1295 examen
1301 1252 1582 1294 conscientiae
1615 1253 1781 1295 facient.

298 1328 334 1369 2.
384 1326 709 1369 Confitebuntur
731 1341 847 1370 more
876 1329 1055 1370 aliorum
1078 1327 1381 1382 studiosorum,
1414 1327 1626 1376 nimirum,
1659 1328 1693 1370 si
1715 1327 1880 1370 sodales

159 1400 256 1454 sint,
289 1404 437 1442 octavo
469 1413 638 1455 quoque
670 1402 756 1453 die3
789 1403 852 1444 sin
885 1403 1038 1458 minus,
1071 1402 1246 1455 singulis
1279 1401 1429 1444 saltem
1463 1402 1690 1444 mensibus.

295 1477 333 1517 3.
382 1475 480 1518 Sine
511 1476 680 1518 licentia
713 1489 794 1518 non
827 1477 1099 1530 egredientur
1128 1478 1264 1529 foras,
1305 1476 1439 1517 multo
1471 1477 1609 1519 minus
1644 1477 1745 1519 foris
1790 1490 1882 1530 per-

160 1549 405 1592 noctabunt.

295 1628 332 1666 4.
378 1625 621 1679 Singulares
647 1625 945 1668 Gonvictorum
977 1627 1240 1680 aliorumque
1263 1627 1550 1670 studiosorum
1572 1625 1881 1668 familiaritates

160 1713 242 1741 non
285 1702 510 1754 quaerent,
552 1713 627 1742 nec
660 1701 712 1742 ab
744 1701 824 1743 illis
858 1702 1083 1755 quicquam
1116 1702 1205 1744 sine
1236 1702 1465 1756 superioris
1498 1702 1605 1743 scitu
1638 1703 1778 1743 ement
1809 1704 1884 1742 aut

161 1774 270 1816 dono
303 1775 519 1828 accipient.

296 1851 337 1890 5.
387 1850 434 1891 In
474 1850 668 1893 omnibns
713 1850 833 1905 officij
874 1852 939 1893 sui
972 1852 1151 1906 negotijs
1184 1852 1349 1905 plenam
1382 1852 1663 1894 obedientiam
1695 1854 1883 1905 praesta-

163 1923 282 1978 bunt,
313 1936 395 1966 non
428 1927 595 1966 tantum
627 1926 674 1967 R.
702 1926 749 1968 D.
785 1927 975 1979 Regenti,
1010 1926 1082 1967 sed
1117 1927 1241 1969 etiam
1276 1927 1319 1968 P.
1345 1926 1537 1968 Ministro
1571 1939 1618 1968 ac
1649 1927 1880 1968 Praefecto,

298 2000 334 2040 6.
383 1999 567 2052 Regulas
607 2012 849 2043 communes
883 2002 1190 2052 convictorum,
1235 2001 1423 2043 ordinem
1457 2001 1606 2043 domus
1640 2014 1687 2043 ac
1719 2004 1883 2043 statuta

159 2074 242 2116 alia
264 2087 346 2116 non
368 2075 507 2117 minus
531 2088 658 2129 quam
687 2076 947 2118 convictores
971 2076 1126 2118 caeteri
1150 2076 1450 2132 observabunt,
1484 2080 1692 2130 quantum
1714 2077 1882 2118 illorum

159 2149 455 2203 occupationes
487 2151 747 2203 permittent.

299 2226 334 2265 7.
385 2223 636 2277 Comprimis
669 2229 811 2267 autem
843 2227 1142 2278 necessarium,
1180 2230 1227 2268 ut
1258 2227 1343 2269 sint
1375 2226 1518 2269 fideles
1553 2231 1596 2269 et
1617 2227 1722 2269 bene
1746 2226 1882 2269 affecti

160 2311 260 2351 erga
303 2298 550 2352 Superiores
591 2301 633 2340 et
674 2302 806 2341 totam
849 2300 1033 2341 domum.
1097 2302 1247 2354 Itaque
1287 2314 1363 2344 nec
1404 2301 1483 2355 ipsi
1524 2301 1682 2354 aliquid
1723 2315 1881 2352 eorum,

160 2385 269 2425 quae
301 2372 412 2414 domi
445 2376 557 2425 sunt,
589 2373 631 2414 in
663 2386 786 2415 suum
820 2387 943 2416 usum
977 2378 1236 2429 convertent,
1277 2388 1353 2418 nec
1385 2376 1477 2429 alijs
1511 2375 1771 2418 distribuent
1802 2377 1881 2418 alio

160 2447 299 2502 modo,
332 2460 459 2500 quam
494 2447 695 2501 Superior
727 2449 940 2490 statuerit.

299 2523 336 2563 8.
385 2522 613 2564 Praeterea
645 2523 867 2578 cavebunt,
899 2536 951 2566 ne
984 2536 1049 2565 res
1083 2523 1160 2565 sibi
1192 2525 1437 2568 commissas
1471 2526 1550 2578 (uti
1574 2530 1675 2569 sunt
1696 2527 1882 2580 supellex

161 2600 203 2638 et
233 2596 516 2639 instrumenta
548 2597 798 2651 domestica,
832 2598 1052 2650 candelae,
1099 2598 1214 2651 ligna
1245 2603 1286 2640 et
1317 2600 1486 2653 similia)
1519 2614 1597 2643 sua
1627 2602 1884 2655 negligentia

162 2672 377 2727 amittant,
408 2671 609 2725 frangant
640 2676 716 2714 aut
746 2673 827 2714 alio
860 2673 1004 2726 iniquo
1037 2673 1161 2715 modo
1194 2673 1387 2716 alienent.

299 2748 335 2787 9.
383 2746 520 2789 Inscio
563 2746 790 2800 Superiore
839 2747 942 2789 nihil
988 2760 1064 2801 pro
1105 2748 1426 2791 Convictoribus
1474 2750 1575 2792 foris
1622 2754 1762 2793 ement
1809 2755 1884 2793 aut

162 2820 364 2875 vendent,
406 2820 489 2862 imo
521 2833 596 2863 nec
628 2821 792 2864 litteras
825 2835 900 2864 nec
932 2835 1020 2863 rem
1053 2822 1183 2865 ullam
1217 2824 1342 2865 aliam
1374 2825 1491 2878 prius
1525 2825 1578 2866 ad
1612 2825 1882 2869 Convictores

162 2895 373 2951 deferent,
413 2908 539 2949 quam
571 2895 787 2950 Superiori
829 2896 1113 2953 ostenderint,
1159 2898 1239 2941 nisi
1279 2897 1389 2940 forte
1430 2899 1683 2942 vestimenta
1723 2913 1882 2955 eorum,

164 2969 317 3023 quibus
349 2968 621 3023 peculiarit'er
652 2971 902 3023 inserviunt,
935 2972 999 3014 vel
1028 2972 1183 3014 inferre
1216 2973 1281 3015 vel
1312 2971 1459 3015 efferre
1492 2973 1684 3016 debeant.

303 3132 330 3171 1)
356 3130 421 3166 Als
447 3131 743 3167 Conviotsdiener
768 3134 913 3167 wurden
941 3132 992 3168 oft
1017 3136 1154 3168 armere
1183 3133 1421 3169 Studierende
1448 3134 1657 3179 gebraucht.
