2164 3535
560 205 784 249 Anordnung
809 206 872 241 des
898 206 953 249 3j.
981 206 1108 251 philos.
1135 206 1272 241 Kurses
1302 209 1397 242 1858.
1764 212 1844 251 569

263 347 331 387 21.
380 346 567 388 Extenso
601 346 750 388 relatio
795 346 846 387 ad
889 346 1072 400 spatium
1116 346 1176 387 ita
1218 349 1282 388 est
1322 345 1580 401 essentialis,
1621 350 1669 388 ut
1710 360 1845 400 neque

123 421 427 474 omnipotentia
459 421 599 463 divina
630 421 721 462 tolli
752 421 944 474 possit¹).

262 497 328 536 22.
379 495 672 549 Philosophiae
706 495 1048 546 demonstratur,
1087 495 1320 537 accidentia
1353 508 1577 549 corporum
1611 496 1739 538 etiam
1772 511 1848 551 per

126 569 470 622 omnipotentiam
506 571 581 611 Dei
615 584 639 612 a
670 571 911 613 substantia
943 573 1140 624 separata
1172 572 1411 614 conservari
1444 584 1525 614 11011
1558 572 1740 626 posse2).

263 646 328 685 2³3.
378 644 629 687 Substantia
671 646 904 699 generatim
947 650 1075 699 atque
1115 647 1356 689 substantia
1395 648 1583 701 eorporis
1626 648 1843 702 speciatim

121 720 222 761 nihil
264 724 328 762 est
371 720 508 770 aliud,
557 733 682 773 quam
727 721 787 762 vis
831 721 1040 774 quaedam
1082 722 1278 776 simplex,
1326 723 1489 776 reliqua
1531 723 1691 777 omnia,
1738 736 1846 777 quae

120 798 290 849 praeter
321 808 412 837 eam
447 796 526 836 vim
561 796 726 848 corpori
758 796 918 849 insunt,
950 796 1183 838 accidentia
1215 800 1326 839 sunt.
1382 798 1497 839 Haec
1531 798 1724 840 doctrina
1749 799 1843 841 usui

121 882 213 912 esse
245 873 386 924 potest
417 870 457 910 in
491 870 776 923 philosophia,
821 870 990 923 quando
1024 871 1271 924 explicanda
1303 876 1367 913 est
1399 873 1515 923 origo
1559 874 1727 915 animae
1769 873 1845 915 hu-

124 957 285 994 manae„
318 947 446 997 atque
479 944 607 986 etiam
640 944 680 985 in
715 945 957 996 Theologia,
990 958 1084 987 cum
1117 946 1167 987 de
1201 945 1284 988 SS.
1322 947 1590 990 Eucharistia
1623 949 1782 1001 agitur.

257 1021 323 1061 24.
365 1019 608 1061 Penetratio
631 1031 854 1072 corporum
880 1020 1049 1073 proprie
1072 1020 1185 1062 dicta
1206 1021 1379 1063 involvit
1411 1023 1842 1070 contradictionem-²).

262 1096 327 1136 25.
372 1095 522 1136 Potest
554 1094 642 1135 dari
677 1098 888 1150 creatura,
921 1108 1029 1148 quae
1053 1099 1207 1137 natura
1238 1108 1315 1137 sua
1337 1096 1493 1139 habeat
1515 1098 1711 1140 virtutem
1735 1099 1846 1152 prin-

120 1170 296 1223 cipalem
329 1170 556 1219 creandi4).

260 1248 325 1286 26.
375 1244 543 1288 Creatio
576 1259 659 1287 non
692 1250 758 1288 est
788 1247 1011 1300 productio
1052 1248 1110 1289 rei
1143 1261 1192 1289 ex
1225 1248 1374 1298 nihilo,
1409 1248 1480 1290 sed
1514 1248 1736 1302 productio
1771 1249 1844 1298 rei,

118 1332 227 1373 quae
259 1319 306 1361 fit
337 1333 362 1361 a
393 1320 482 1362 solo
516 1321 602 1363 Deo
636 1321 724 1363 sine
757 1323 970 1364 consortio
1003 1323 1179 1364 alterius
1212 1336 1364 1365 causae
1397 1323 1674 1373 efficientis5).

260 1397 322 1436 27Δ
368 1395 470 1437 Idea
501 1397 726 1439 creationis
759 1403 824 1439 est
856 1399 1083 1452 primitiva,
1115 1403 1158 1440 et
1180 1398 1231 1440 ad
1254 1412 1344 1441 eam
1369 1399 1595 1441 ascendere
1620 1400 1843 1453 nequimus

120 1483 196 1524 per
227 1471 507 1524 cognitionem
542 1484 683 1513 rerum
717 1476 979 1524 creatarum3
1022 1486 1097 1515 ncc
1135 1474 1292 1515 creatio
1332 1487 1380 1515 ex
1424 1474 1689 1516 causalitatis
1732 1475 1844 1528 prin—

125 1546 245 1599 cipio,
278 1546 352 1588 sed
384 1547 634 1600 principium
671 1548 745 1589 hoc
778 1560 825 1589 ex
858 1548 1069 1590 creatione
1102 1548 1250 1590 deduci
1284 1548 1419 1590 debet.

256 1623 322 1664 28.
367 1622 483 1665 Finis
515 1623 660 1664 mundi
692 1636 773 1664 non
807 1627 872 1665 cst
894 1624 1028 1675 gloria
1051 1624 1279 1675 Creatoris,
1312 1624 1385 1666 scd
1410 1624 1586 1667 felicitas
1610 1628 1842 1667 creaturae..

264 1699 329 1739 29.
379 1697 654 1740 Conservatio
688 1711 828 1740 rerum
874 1703 1113 1741 creatarum
1162 1712 1242 1741 non
1285 1704 1350 1741 est
1389 1700 1498 1741 actio
1531 1700 1607 1741 Dei
1650 1701 1844 1754 positiva,

131 1771 203 1813 sed
235 1771 312 1814 hoc
343 1773 434 1827 ipso
467 1785 533 1815 res
567 1777 883 1824 conservantur,
917 1775 1029 1828 quod
1062 1788 1142 1817 11011
1177 1775 1467 1817 destruuntur.

261 1847 327 1889 30.
378 1848 504 1890 Nulla
548 1849 789 1891 substantia
831 1862 967 1902 neque
1009 1850 1243 1903 spiritualis
1286 1863 1421 1903 neque
1462 1863 1663 1903 corporea
1705 1854 1846 1904 potest

119 1922 185 1963 vel
220 1922 272 1965 ab
305 1923 396 1977 ipso
430 1924 518 1965 Deo
551 1924 603 1964 ad
636 1923 811 1966 nihilum
846 1924 1035 1977 redigi⁶).

257 1999 322 2039 31.
374 1999 487 2040 Deus
511 2012 591 2040 non
626 1999 880 2051 immediate,
915 2000 952 2040 h.
978 2013 1011 2041 e.
1047 2000 1210 2042 actione
1234 2012 1257 2041 a
1290 2000 1608 2042 conservatione
1632 2000 1843 2049 distincta,

121 2072 172 2113 ad
207 2085 349 2115 omnes
382 2073 554 2115 effectus
587 2087 812 2116 causarum
845 2075 1127 2117 secundarum
1161 2075 1427 2126 concurristi.

261 2148 328 2188 32.
363 2148 477 2189 Deus
496 2149 610 2191 solus
628 2163 703 2203 per
725 2162 874 2191 causas
893 2154 1056 2191 creatas
1079 2149 1186 2202 agit3
1210 2149 1313 2190 nulli
1331 2154 1473 2192 autem
1497 2155 1717 2193 creaturae
1736 2165 1845 2193 com-

118 2225 264 2275 petere
296 2226 437 2275 potest
468 2225 658 2277 potentia
690 2237 764 2267 seu
788 2226 847 2267 vis
882 2226 1053 2279 propria
1085 2228 1128 2267 et
1160 2226 1387 2267 intrinseca
1419 2226 1569 2279 agendi
1594 2227 1645 2268 acl
1670 2228 1841 2277 extrass).

256 2298 323 2339 33.
375 2299 539 2352 Corpus
574 2301 730 2342 moveri
764 2301 865 2342 nihil
897 2304 963 2343 est
994 2301 1130 2352 aliud,
1166 2301 1244 2341 nisi
1278 2300 1381 2342 illud
1415 2314 1438 2342 a
1473 2303 1559 2343 Deo
1602 2303 1843 2345 conservari

115 2372 207 2414 aliis
243 2377 373 2426 atque
407 2373 498 2415 aliis
532 2375 571 2415 in
606 2375 706 2416 locis
740 2377 1034 2423 siiccessix⁷e⁹).

255 2449 322 2489 34.
373 2448 495 2490 Solus
532 2450 643 2490 Deus
685 2455 768 2503 est,
811 2451 882 2504 qui
923 2464 1090 2493 movere
1134 2451 1268 2504 possit
1309 2463 1505 2504 corpora:
1548 2453 1695 2505 Angeli
1730 2466 1842 2505 vero,

116 2523 259 2564 anima
301 2524 520 2565 rationalis
554 2525 730 2578 ipsaque
763 2538 941 2578 corpora
972 2539 1053 2567 non
1087 2534 1186 2568 sunt
1231 2539 1383 2567 causac
1416 2531 1555 2569 motus
1600 2526 1842 2577 efficientes,

115 2597 188 2639 sed
222 2599 505 2641 occasionales
539 2602 777 2649 tantulum).

257 2737 280 2780 ¹)
309 2735 362 2770 Cf.
390 2736 513 2770 Tamb.
543 2747 642 2781 prop.
674 2740 714 2771 10
746 2743 780 2771 et
811 2741 859 2772 11.
912 2738 1028 2782 Epist.
1063 2739 1104 2773 R.
1132 2739 1169 2773 P.
1210 2740 1265 2775 Fr.
1293 2741 1392 2775 Reiz.
1420 2742 1462 2775 de
1495 2745 1543 2776 19.
1579 2752 1721 2786 propos.
1756 2742 1841 2786 phil.

117 2794 307 2838 proscript.
336 2793 367 2829 d.
396 2794 427 2828 d.
454 2797 485 2828 8.
513 2793 601 2830 Nov.
632 2796 729 2838 1732,
756 2806 856 2839 prop.
889 2800 915 2830 1.

257 2851 285 2895 2)
311 2851 363 2887 Cf.
390 2852 514 2886 Tamb.
543 2863 594 2896 pr.
613 2855 666 2887 29.
710 2852 810 2898 Retz,
839 2854 943 2897 epist.
971 2855 1002 2887 d.
1036 2858 1085 2889 13.
1105 2856 1197 2899 Aug.
1227 2857 1323 2891 1735.
1367 2857 1482 2900 Epist.
1511 2857 1552 2890 R.
1577 2857 1615 2891 P.
1643 2857 1717 2900 lgn.
1738 2857 1840 2891 Vice-

118 2909 257 2943 comitis
284 2909 327 2943 dc
356 2911 448 2945 stud.
476 2910 562 2954 phil.
590 2921 621 2945 a.
652 2912 703 2946 17.
731 2911 795 2947 Iul.
826 2914 922 2947 1752.
974 2912 1241 2958 Piccolominei,
1269 2925 1368 2958 prop.
1396 2915 1503 2950 theol.
1536 2918 1587 2949 13.

254 2968 282 3010 3)
308 2968 431 3002 Tamb.
458 2979 560 3013 prop.
592 2972 641 3003 12.
850 2972 877 3015 ⁴)
904 2970 1034 3005 Piccol.
1064 2982 1165 3016 prop.
1197 2975 1246 3007 12.
1457 2975 1484 3015 ⁵)
1512 2973 1550 3007 Id
1590 2983 1689 3017 prop.
1720 2976 1770 3008 13.

253 3026 280 3067 ⁶)
308 3024 432 3059 Tamb.
460 3037 560 3070 prop.
581 3029 612 3061 9.
823 3028 849 3072 7)
877 3028 927 3062 Cf.
955 3028 1148 3064 Piccolom.
1176 3040 1276 3074 prop.
1295 3034 1349 3064 21.

254 3084 281 3125 8)
308 3082 497 3117 Ordinatio
533 3095 597 3128 pro
633 3085 725 3119 stud.
761 3096 880 3129 super.
917 3086 1010 3120 edita
1048 3097 1069 3119 a
1095 3086 1136 3120 R.
1165 3087 1202 3121 P.
1228 3087 1369 3121 Joanno
1399 3088 1585 3122 Roothaan
1620 3098 1712 3121 anno
1742 3091 1839 3121 1850.

114 3149 215 3183 prop.
235 3142 266 3174 6.
477 3143 504 3185 ³)
531 3141 654 3178 Tamb.
685 3154 786 3187 prop.
810 3146 858 3177 18.
1076 3147 1116 3188 ¹¹¹)
1143 3144 1266 3179 Tamb.
1295 3155 1394 3190 prop
1422 3149 1470 3180 19.
