2164 3535
202 200 284 242 288
434 197 697 242 Bedingungen
723 207 787 231 zur
813 194 1018 231 Aufnahme
1044 195 1080 230 in
1107 195 1172 230 das
1198 195 1359 230 Fuldaer
1385 195 1560 230 Seminar.
1603 197 1699 231 1603.

202 339 319 381 intra
353 342 515 380 certum
547 342 715 391 tempus
747 337 1019 392 provideant,
1062 337 1217 391 sciant,
1259 336 1338 379 hac
1371 349 1419 378 ex
1452 349 1581 379 causa
1613 337 1836 379 alumnatu
1869 349 1936 378 ex-

203 414 435 456 cludendos
469 414 726 467 domumque
759 412 1048 455 remittendos.

344 509 398 548 72}
439 506 616 548 Praeter
652 506 853 547 vestitum
896 505 1110 547 curabunt
1148 505 1229 546 illis
1269 508 1466 557 parentes
1508 504 1688 555 lectum,
1728 503 1935 557 lecticam,

201 582 379 637 lodices,
412 581 573 633 velum,
607 593 690 633 quo
712 580 868 622 lectum
892 579 1087 621 vestiant.
1136 580 1243 621 Item
1267 592 1343 633 pro
1365 580 1504 635 lignis,
1535 579 1734 633 candelis,
1764 579 1935 633 lotione,

202 661 245 699 et
276 656 485 698 similibus
518 656 683 697 solvent
714 655 755 696 in
787 655 879 708 ipso
910 655 1104 707 ingressu
1138 658 1181 696 et
1202 658 1352 707 postea
1374 667 1553 708 semper,
1586 653 1789 707 quamdiu
1819 666 1935 695 man-

203 732 291 773 suri
324 735 436 781 sunt,
470 730 522 772 ad
555 731 721 772 initium
755 730 980 772 cuiuslibet
1012 729 1237 772 Semestris
1271 732 1294 770 5
1327 730 1587 783 imperiales„
1628 729 1689 771 ita
1719 733 1767 770 ut
1799 741 1937 770 annue

203 819 279 859 pro
312 806 378 848 his
412 805 775 858 extraordinarijs,
808 807 856 847 ut
888 810 1053 856 vocant,
1086 805 1330 858 pendantur
1365 806 1417 847 10
1449 805 1701 859 imperiales.

343 900 396 941 82}
438 899 664 952 Deponant
704 900 926 951 praeterea
970 899 1010 939 111
1060 898 1151 951 ipso
1195 898 1389 951 ingressu
1430 899 1484 939 -20
1516 898 1657 940 Daler.
1692 897 1937 950 Imperiales

203 974 315 1027 apud
349 974 676 1016 Procuratorem
710 973 957 1029 Seminarij‚
1000 976 1046 1015 ut
1089 974 1304 1028 impensae
1345 973 1435 1015 fieri
1468 974 1633 1027 possint
1670 973 1710 1014 in
1752 972 1938 1014 medicos

203 1054 247 1091 et
277 1049 527 1102 pharmaca,
569 1049 603 1090 si
636 1048 805 1102 quando
840 1051 1080 1101 aegrotent„
1114 1052 1156 1091 et
1188 1049 1409 1101 viaticum,
1449 1049 1483 1090 si
1516 1049 1692 1101 abeant,
1727 1061 1836 1101 quae
1870 1061 1940 1101 pe—

206 1124 332 1166 cunia
363 1124 621 1166 abeuntibus
653 1124 820 1175 integra
851 1124 1067 1179 reddetur,
1102 1124 1137 1165 si
1169 1123 1272 1165 nihil
1304 1124 1433 1166 fuerit
1462 1125 1712 1178 impensum.

343 1220 395 1260 9²?
436 1219 529 1260 Non
561 1219 682 1261 facile
716 1231 740 1260 a
761 1218 1010 1272 parentibus
1033 1217 1347 1262 auocabuntur:
1381 1230 1476 1259 cum
1500 1217 1668 1271 urgebit
1689 1218 1936 1267 necessitas

203 1297 401 1347 parentes
434 1297 644 1346 exponent
675 1306 847 1335 causam
881 1296 923 1335 et
954 1305 1219 1346 responsum,
1252 1293 1286 1333 si
1310 1292 1400 1334 fieri
1428 1297 1583 1349 potest,
1616 1293 1933 1346 exspectabunt.

205 1369 284 1419 Qui
318 1369 478 1410 dimissi
510 1369 685 1423 diutius,
717 1381 846 1422 quam
879 1368 1161 1411 constitutum
1193 1372 1270 1420 est,
1305 1368 1519 1410 abfuerint
1542 1368 1721 1410 reddent
1743 1368 1938 1411 similiter

204 1444 484 1486 diuturnioris
517 1444 735 1486 absentiae
769 1456 940 1486 causam
973 1447 1015 1485 et
1048 1448 1215 1496 tempus
1253 1443 1331 1486 sibi
1364 1445 1586 1497 prorogari
1630 1448 1792 1497 petent:
1840 1444 1938 1485 alio-

205 1520 305 1573 quin
338 1520 405 1571 alii
440 1520 481 1561 in
515 1520 653 1561 locum
686 1519 855 1561 illorum
888 1519 1208 1561 submittentur.

343 1613 482 1665 Atque
513 1612 555 1653 hi
588 1614 611 1653 5
644 1612 901 1664 posteriores
936 1613 987 1666 ἕξ
1020 1611 1244 1664 diligenter
1274 1612 1523 1665 parentibus
1548 1613 1611 1654 vel
1644 1613 1715 1666 qui
1740 1613 1936 1655 alumnos

205 1686 408 1729 habentes
441 1687 701 1729 conditiones
735 1686 916 1729 offerunt
947 1691 1239 1741 proponentur
1279 1688 1483 1741 praxique
1523 1688 1742 1730 exercendi
1782 1689 1940 1731 indica-

205 1762 378 1803 buntur.
441 1763 498 1803 Et
528 1762 699 1815 quidem
732 1766 823 1803 tum
856 1762 1129 1815 Provinciali,
1168 1768 1260 1804 tum
1294 1763 1494 1805 Fulclensi
1528 1764 1572 1805 P.
1608 1764 1777 1806 Rectori
1816 1768 1859 1806 et
1891 1765 1936 1806 P.

207 1837 384 1889 Regenti
417 1837 565 1879 horum
600 1837 786 1879 omnium
819 1837 1058 1880 observatio
1092 1838 1316 1891 diligenter
1349 1839 1681 1881 commendatur.

1212 1964 1397 2006 Ferdin
1410 1965 1570 2007 andus
1603 1966 1820 2007 Alberus

1395 2041 1614 2083 Visitator.
