2164 3535
672 234 944 277 Heranbildung
970 233 1033 268 der
1058 234 1196 269 Lehrer
1223 237 1330 277 1622„
1772 240 1853 280 203

279 372 485 423 Quartum
528 374 711 416 medium
755 375 1057 417 declamatio
1090 389 1164 417 scu
1197 388 1299 417 usus
1332 375 1511 428 linguae.
1575 376 1758 418 Tametsi
1792 376 1858 418 hic

140 446 182 488 in
214 447 382 488 sublimi
414 461 566 499 genere
597 451 760 490 excurri
794 451 857 490 vix
890 451 1036 503 possit,
1070 450 1188 492 dabit
1213 454 1354 492 tamen
1378 463 1563 502 operam,
1597 454 1656 500 ut,
1688 451 1857 505 quando

142 534 186 564 sc
219 521 340 564 offert
372 523 681 577 opportunitas,
712 528 906 577 prompte
938 527 980 565 et
1011 525 1226 566 elaborate
1257 524 1394 566 faciat.
1450 525 1558 566 Ante
1591 525 1732 566 omnia
1761 538 1859 567 vero

142 598 348 639 rationem
381 597 551 639 habebit
582 598 692 639 illius
725 598 765 639 in
796 597 989 640 familiari
1014 612 1218 651 sermone,
1252 602 1298 640 ut
1320 599 1517 641 nimirum
1543 612 1685 641 omnes
1709 599 1859 642 barba-

143 672 313 722 rismos,
358 675 444 713 tam
485 672 525 713 in
559 672 698 714 verbis
730 672 990 726 simplicibus
1023 686 1149 728 quam
1184 674 1224 715 in
1258 675 1497 725 sententiis,
1540 677 1742 729 tanquam
1774 687 1862 717 sco-

141 746 263 799 pulos
295 746 463 788 devitet.

282 833 371 874 Iam
405 845 502 875 vero
536 834 673 875 omnia
705 834 790 887 illa,
828 847 936 888 quac
968 833 1033 876 hic
1067 834 1269 887 magistro
1303 835 1469 876 infimae
1502 835 1862 888 praescribuntur,

145 907 271 949 ctiam
306 921 329 949 a
362 908 513 950 ceteris
546 909 758 961 magistris
792 909 1005 951 observari
1040 909 1208 963 debent,
1241 909 1387 951 habita
1419 913 1557 951 tamen
1590 910 1750 952 ratione
1771 921 1865 962 gra-

146 982 223 1024 dus
257 983 424 1025 scholae
456 987 498 1026 et
529 996 688 1038 eorum,
721 997 830 1040 quae
862 985 903 1026 in
936 984 1210 1040 sequentibus
1243 984 1479 1026 tradentur.

546 1249 590 1302 d)
638 1250 729 1292 Pro
769 1250 1011 1303 magistro
1050 1249 1242 1291 mediae
1281 1249 1475 1291 classis.

286 1364 460 1406 Praeter
491 1368 662 1407 autores
697 1378 841 1408 omncs
872 1365 942 1407 illo
976 1378 1084 1407 anno
1117 1365 1157 1406 in
1182 1365 1333 1407 scholis
1357 1365 1638 1418 exponendos,
1671 1365 1869 1418 privatim

148 1440 260 1492 leget
299 1440 428 1481 libros
471 1440 781 1494 philosophicos
825 1440 1107 1491 Ciceronis,
1153 1440 1190 1481 h.
1227 1453 1259 1483 e.
1305 1440 1434 1483 libros
1478 1439 1528 1481 de
1577 1440 1734 1482 Officiis
1775 1453 1869 1481 cum

149 1515 361 1569 opusculis
395 1515 620 1571 adjunctis,
653 1516 913 1558 Tusculanas
946 1516 1229 1571 quaestiones,
1264 1528 1368 1569 opus
1401 1514 1452 1556 de
1482 1515 1647 1556 Natura
1671 1515 1870 1569 Deorum,

151 1591 201 1632 de
233 1591 513 1645 Divinatione,
546 1591 693 1633 sedulo
727 1591 961 1641 observatis
994 1591 1056 1645 iis,
1089 1604 1198 1646 quae
1231 1590 1282 1632 ad
1318 1591 1494 1631 virtutes
1527 1602 1631 1643 pure
1661 1590 1871 1632 Ciceronis

152 1666 377 1719 pertinent.
440 1666 601 1707 Poterit
639 1666 765 1708 etiam
806 1666 885 1708 sub
926 1667 1050 1708 tinem
1093 1666 1189 1707 anni
1222 1666 1434 1707 orationes
1468 1665 1632 1719 aliquas
1665 1665 1871 1707 faciliores

152 1741 339 1795 ejusdem
382 1741 599 1796 evolvere,
642 1742 788 1797 quales
828 1744 927 1784 sunt
958 1754 1033 1795 pro
1067 1741 1239 1795 Archia,
1282 1754 1357 1794 pro
1391 1739 1611 1793 Marcello,
1653 1753 1728 1793 pro
1764 1740 1874 1791 Lege

151 1815 335 1858 Manilia.

292 1903 326 1944 E
357 1903 525 1957 po'ctis
550 1903 589 1944 in
613 1903 759 1956 primis
781 1903 892 1955 leget
911 1903 1206 1955 Claudianum,
1230 1902 1379 1944 deinde
1403 1902 1630 1951 Catullum,
1649 1901 1874 1955 Tibullum,

154 1978 445 2032 Propertium,
494 1979 799 2031 epigrammata
845 1979 982 2019 omnia
1026 1978 1252 2027 Martialis,
1309 1978 1352 2018 l'.
1396 1977 1662 2031 Bauhusii¹),
1712 1976 1755 2017 P.
1797 1976 1875 2017 Re-

156 2052 352 2106 mondi2).
420 2053 545 2095 Dabit
585 2066 682 2095 vero
725 2066 917 2107 operam,
956 2056 1002 2094 ut
1041 2066 1089 2094 ex
1122 2053 1393 2094 Institutione
1426 2052 1589 2105 poetica
1622 2051 1715 2093 Iulii
1749 2050 1877 2092 Scali-

156 2129 243 2182 geri
275 2129 504 2183 intelligat,
548 2141 655 2184 quae
687 2129 743 2170 sit
774 2133 928 2170 natura
959 2128 1164 2182 cujusque
1197 2132 1392 2180 poeseos:
1433 2127 1527 2181 quis
1559 2127 1754 2167 nimirum
1788 2126 1877 2179 ejus

157 2204 212 2246 sit
251 2216 428 2257 scopus,
471 2204 639 2259 qualem
681 2204 925 2259 dictionem,
967 2203 1137 2257 phrasin
1182 2205 1224 2244 et
1264 2215 1486 2243 muncrum
1532 2202 1710 2243 maxime
1753 2203 1878 2255 amet,

159 2278 339 2334 denique
371 2279 409 2320 in
443 2291 526 2334 quo
560 2279 759 2332 perfectio
793 2282 836 2320 et
867 2278 1050 2331 dignitas
1084 2279 1287 2332 cujusque
1320 2277 1458 2330 posita
1490 2277 1557 2318 sit.

298 2366 359 2406 Ex
392 2366 659 2408 historicis
692 2366 869 2419 accipiat
900 2366 1079 2419 primam
1122 2358 1319 2406 decadem
1355 2364 1479 2414 Livii,
1521 2364 1621 2405 item
1654 2363 1878 2411 Iustinum,

159 2443 201 2481 et
232 2453 306 2493 pro
338 2440 573 2483 eruditione
605 2440 888 2482 Alexandrum
922 2440 974 2481 ab
996 2440 1235 2482 Alexandro
1268 2452 1362 2481 cum
1396 2438 1741 2480 annotationibus
1765 2438 1880 2479 Tira-

159 2515 311 2570 quelli,
365 2516 578 2557 Valerium
630 2517 881 2564 Maximum,
932 2517 1120 2558 Velleum
1175 2516 1468 2567 Paterculuin,
1520 2514 1675 2556 Iulium
1732 2514 1882 2554 Caesa-

162 2602 247 2631 rem
280 2592 429 2633 totum.

300 2666 333 2707 E
367 2667 566 2719 graecis
600 2667 717 2708 initio
749 2667 864 2720 legat
896 2670 1110 2708 auctorem
1141 2666 1179 2707 in
1204 2665 1367 2719 syntaxi
1391 2663 1698 2717 explicandum,
1734 2662 1883 2704 deinde

162 2740 326 2784 fabulas
359 2742 526 2795 Aesopi,
558 2742 719 2784 Aeliani
752 2741 985 2796 historiam,
1017 2740 1308 2795 Xenophontis
1342 2738 1659 2793 Cyl-opaediam.

305 2927 329 2965 1)
356 2926 481 2960 Bern.
509 2926 730 2960 Bauhusii
759 2927 791 2960 S.
811 2926 845 2959 J.
873 2925 1061 2968 (Bauhuis,
1088 2926 1260 2968 Antverp.
1290 2926 1376 2959 1575
1398 2925 1420 2966 †
1450 2926 1547 2963 1619)
1577 2922 1883 2966 Epigrammatum

166 2983 381 3018 selectorum
409 2984 490 3019 libri
518 2985 567 3029 V3
601 2985 773 3028 Antverp.
804 2987 900 3019 1616.
942 3005 983 3009 -
1029 2983 1152 3025 Ejusd.
1180 2982 1305 3026 Epigr.
1333 2981 1385 3016 ed.
1405 2984 1426 3016 2
1452 2980 1534 3015 ibid.
1564 2982 1661 3014 1620.
1705 2999 1746 3003 —-
1789 2977 1883 3011 Edit·

167 3042 402 3086 Coloniensis‚
429 3053 454 3077 s.
483 3053 525 3087 a,
555 3044 628 3078 120.

304 3112 331 3151 2)
358 3111 472 3145 Fran
485 3122 512 3145 c.
539 3111 753 3146 Remondi
784 3110 1010 3145 Divionensis
1039 3111 1072 3143 S.
1090 3110 1124 3144 J.
1154 3109 1424 3153 Epigrammata
1451 3113 1485 3143 et
1512 3107 1670 3151 Elegiae.
1713 3107 1885 3150 Antverp.

174 3173 270 3213 1606,
300 3172 377 3204 120.
405 3191 444 3195 —
474 3170 599 3205 Altera
625 3171 680 3205 ed.
707 3170 923 3213 Rothomagi
954 3172 1056 3213 1616,
1083 3168 1191 3203 tertia
1219 3167 1303 3203 ibid.
1333 3169 1429 3202 1620.
