<?xml version="1.0" encoding="UTF-8"?>
<!DOCTYPE html PUBLIC "-//W3C//DTD XHTML 1.0 Transitional//EN"
    "http://www.w3.org/TR/xhtml1/DTD/xhtml1-transitional.dtd">
<html xmlns="http://www.w3.org/1999/xhtml" xml:lang="en" lang="en">
 <head>
  <title>
</title>
<meta http-equiv="Content-Type" content="text/html;charset=utf-8" />
  <meta name='ocr-system' content='tesseract 3.04.00' />
  <meta name='ocr-capabilities' content='ocr_page ocr_carea ocr_par ocr_line ocrx_word'/>
</head>
<body>
  <div class='ocr_page' id='page_1' title='image "./ratiostudiorumet16jesu_0177.png"; bbox 0 0 2164 3535; ppageno 0'>
   <div class='ocr_carea' id='block_1_1' title="bbox 698 229 1840 275">
    <p class='ocr_par' dir='ltr' id='par_1_1' title="bbox 698 229 1840 275">
     <span class='ocr_line' id='line_1_1' title="bbox 698 229 1840 275; baseline 0.008 -11"><span class='ocrx_word' id='word_1_1' title='bbox 698 230 904 275; x_wconf 86' lang='lat' dir='ltr'>Gymnasial</span> <span class='ocrx_word' id='word_1_2' title='bbox 915 251 927 256; x_wconf 92' lang='lat'>-</span> <span class='ocrx_word' id='word_1_3' title='bbox 937 229 1147 273; x_wconf 72' lang='lat' dir='ltr'>Padagogik</span> <span class='ocrx_word' id='word_1_4' title='bbox 1177 230 1274 265; x_wconf 85' lang='lat'>1736.</span> <span class='ocrx_word' id='word_1_5' title='bbox 1762 233 1840 274; x_wconf 88' lang='lat'>153</span> 
     </span>
    </p>
   </div>
   <div class='ocr_carea' id='block_1_2' title="bbox 184 299 1725 308">
    <p class='ocr_par' dir='ltr' id='par_1_2' title="bbox 184 299 1725 308">
     <span class='ocr_line' id='line_1_2' title="bbox 184 299 1725 308; baseline 0 0"><span class='ocrx_word' id='word_1_6' title='bbox 184 299 1725 308; x_wconf 95' lang='lat' dir='ltr'> </span> 
     </span>
    </p>
   </div>
   <div class='ocr_carea' id='block_1_3' title="bbox 737 524 1226 569">
    <p class='ocr_par' dir='ltr' id='par_1_3' title="bbox 737 524 1226 569">
     <span class='ocr_line' id='line_1_3' title="bbox 737 524 1226 569; baseline -0.002 -1"><span class='ocrx_word' id='word_1_7' title='bbox 737 525 780 568; x_wconf 86' lang='lat'>3.</span> <span class='ocrx_word' id='word_1_8' title='bbox 830 524 1226 569; x_wconf 83' lang='lat' dir='ltr'>Pfliehteifer.</span> 
     </span>
    </p>
   </div>
   <div class='ocr_carea' id='block_1_4' title="bbox 423 638 1549 762">
    <p class='ocr_par' dir='ltr' id='par_1_4' title="bbox 423 638 1549 762">
     <span class='ocr_line' id='line_1_4' title="bbox 423 638 1549 691; baseline -0.001 -11"><span class='ocrx_word' id='word_1_9' title='bbox 423 639 490 680; x_wconf 87' lang='lat' dir='ltr'>De</span> <span class='ocrx_word' id='word_1_10' title='bbox 527 638 743 680; x_wconf 77' lang='lat' dir='ltr'>solertia</span> <span class='ocrx_word' id='word_1_11' title='bbox 781 638 992 680; x_wconf 85' lang='lat' dir='ltr'>docendi</span> <span class='ocrx_word' id='word_1_12' title='bbox 1034 640 1188 691; x_wconf 88' lang='lat' dir='ltr'>atque</span> <span class='ocrx_word' id='word_1_13' title='bbox 1225 638 1549 681; x_wconf 75' lang='lat' dir='ltr'>assiduitate.</span> 
     </span>
     <span class='ocr_line' id='line_1_5' title="bbox 824 717 1147 762; baseline 0 -10"><span class='ocrx_word' id='word_1_14' title='bbox 824 717 974 762; x_wconf 75' lang='lat' dir='ltr'>(Kropf</span> <span class='ocrx_word' id='word_1_15' title='bbox 996 717 1061 752; x_wconf 81' lang='lat'>217</span> <span class='ocrx_word' id='word_1_16' title='bbox 1073 717 1147 761; x_wconf 81' lang='lat' dir='ltr'>ss.)</span> 
     </span>
    </p>
   </div>
   <div class='ocr_carea' id='block_1_5' title="bbox 125 831 1847 2915">
    <p class='ocr_par' dir='ltr' id='par_1_5' title="bbox 125 831 1847 2915">
     <span class='ocr_line' id='line_1_6' title="bbox 265 831 1846 886; baseline 0.001 -13"><span class='ocrx_word' id='word_1_17' title='bbox 265 831 328 874; x_wconf 81' lang='lat' dir='ltr'>Sit</span> <span class='ocrx_word' id='word_1_18' title='bbox 349 832 552 885; x_wconf 79' lang='lat' dir='ltr'>Magister</span> <span class='ocrx_word' id='word_1_19' title='bbox 584 832 624 874; x_wconf 93' lang='lat' dir='ltr'>in</span> <span class='ocrx_word' id='word_1_20' title='bbox 657 832 849 875; x_wconf 90' lang='lat' dir='ltr'>omnibus</span> <span class='ocrx_word' id='word_1_21' title='bbox 882 833 1021 874; x_wconf 86' lang='lat' dir='ltr'>divina</span> <span class='ocrx_word' id='word_1_22' title='bbox 1053 833 1267 885; x_wconf 79' lang='lat' dir='ltr'>aspirante</span> <span class='ocrx_word' id='word_1_23' title='bbox 1300 834 1449 886; x_wconf 72' lang='lat' dir='ltr'>gratia,</span> <span class='ocrx_word' id='word_1_24' title='bbox 1483 833 1658 885; x_wconf 83' lang='lat' dir='ltr'>diligens</span> <span class='ocrx_word' id='word_1_25' title='bbox 1681 835 1723 874; x_wconf 89' lang='lat' dir='ltr'>et</span> <span class='ocrx_word' id='word_1_26' title='bbox 1744 832 1846 874; x_wconf 87' lang='lat' dir='ltr'>assi-</span> 
     </span>
     <span class='ocr_line' id='line_1_7' title="bbox 129 906 1842 962; baseline 0 -14"><span class='ocrx_word' id='word_1_27' title='bbox 129 906 258 962; x_wconf 75' lang='lat' dir='ltr'>duus,</span> <span class='ocrx_word' id='word_1_28' title='bbox 299 908 512 960; x_wconf 85' lang='lat' dir='ltr'>profectus</span> <span class='ocrx_word' id='word_1_29' title='bbox 546 907 806 949; x_wconf 87' lang='lat' dir='ltr'>studentium</span> <span class='ocrx_word' id='word_1_30' title='bbox 837 910 928 949; x_wconf 88' lang='lat' dir='ltr'>tum</span> <span class='ocrx_word' id='word_1_31' title='bbox 959 908 999 949; x_wconf 92' lang='lat' dir='ltr'>in</span> <span class='ocrx_word' id='word_1_32' title='bbox 1032 908 1280 949; x_wconf 87' lang='lat' dir='ltr'>lectionibus</span> <span class='ocrx_word' id='word_1_33' title='bbox 1314 913 1404 950; x_wconf 89' lang='lat' dir='ltr'>tum</span> <span class='ocrx_word' id='word_1_34' title='bbox 1444 908 1481 949; x_wconf 91' lang='lat' dir='ltr'>in</span> <span class='ocrx_word' id='word_1_35' title='bbox 1516 908 1606 950; x_wconf 92' lang='lat' dir='ltr'>aliis</span> <span class='ocrx_word' id='word_1_36' title='bbox 1646 907 1842 949; x_wconf 90' lang='lat' dir='ltr'>literariis</span> 
     </span>
     <span class='ocr_line' id='line_1_8' title="bbox 128 981 1844 1037; baseline -0.001 -13"><span class='ocrx_word' id='word_1_37' title='bbox 128 982 495 1024; x_wconf 81' lang='lat' dir='ltr'>exercitationibus</span> <span class='ocrx_word' id='word_1_38' title='bbox 527 983 755 1025; x_wconf 86' lang='lat' dir='ltr'>studiosus.</span> <span class='ocrx_word' id='word_1_39' title='bbox 810 984 916 1036; x_wconf 87' lang='lat' dir='ltr'>(Reg</span> <span class='ocrx_word' id='word_1_40' title='bbox 954 984 1007 1024; x_wconf 85' lang='lat'>50</span> <span class='ocrx_word' id='word_1_41' title='bbox 1041 983 1173 1034; x_wconf 67' lang='lat' dir='ltr'>Com.)</span> <span class='ocrx_word' id='word_1_42' title='bbox 1225 983 1285 1024; x_wconf 89' lang='lat' dir='ltr'>Ac</span> <span class='ocrx_word' id='word_1_43' title='bbox 1316 983 1496 1037; x_wconf 87' lang='lat' dir='ltr'>primum</span> <span class='ocrx_word' id='word_1_44' title='bbox 1529 982 1713 1037; x_wconf 76' lang='lat' dir='ltr'>studeat,</span> <span class='ocrx_word' id='word_1_45' title='bbox 1742 981 1844 1035; x_wconf 88' lang='lat' dir='ltr'>quid</span> 
     </span>
     <span class='ocr_line' id='line_1_9' title="bbox 127 1056 1845 1111; baseline 0 -14"><span class='ocrx_word' id='word_1_46' title='bbox 127 1057 182 1098; x_wconf 90' lang='lat' dir='ltr'>sit</span> <span class='ocrx_word' id='word_1_47' title='bbox 213 1069 386 1098; x_wconf 88' lang='lat' dir='ltr'>suarum</span> <span class='ocrx_word' id='word_1_48' title='bbox 418 1058 618 1111; x_wconf 77' lang='lat' dir='ltr'>partium,</span> <span class='ocrx_word' id='word_1_49' title='bbox 651 1058 781 1111; x_wconf 90' lang='lat' dir='ltr'>probe</span> <span class='ocrx_word' id='word_1_50' title='bbox 811 1058 1058 1110; x_wconf 70' lang='lat' dir='ltr'>intelligere,</span> <span class='ocrx_word' id='word_1_51' title='bbox 1091 1058 1348 1111; x_wconf 87' lang='lat' dir='ltr'>modumque</span> <span class='ocrx_word' id='word_1_52' title='bbox 1379 1056 1554 1099; x_wconf 88' lang='lat' dir='ltr'>docendi</span> <span class='ocrx_word' id='word_1_53' title='bbox 1587 1060 1715 1109; x_wconf 87' lang='lat' dir='ltr'>atque</span> <span class='ocrx_word' id='word_1_54' title='bbox 1737 1056 1845 1098; x_wconf 88' lang='lat' dir='ltr'>ordi-</span> 
     </span>
     <span class='ocr_line' id='line_1_10' title="bbox 127 1131 1846 1186; baseline 0 -14"><span class='ocrx_word' id='word_1_55' title='bbox 127 1144 220 1173; x_wconf 86' lang='lat' dir='ltr'>nem</span> <span class='ocrx_word' id='word_1_56' title='bbox 252 1131 452 1173; x_wconf 83' lang='lat' dir='ltr'>Instituto</span> <span class='ocrx_word' id='word_1_57' title='bbox 486 1136 630 1174; x_wconf 85' lang='lat' dir='ltr'>nostro</span> <span class='ocrx_word' id='word_1_58' title='bbox 665 1137 993 1174; x_wconf 88' lang='lat' dir='ltr'>consentaneum</span> <span class='ocrx_word' id='word_1_59' title='bbox 1025 1145 1199 1186; x_wconf 88' lang='lat' dir='ltr'>prorsus</span> <span class='ocrx_word' id='word_1_60' title='bbox 1233 1132 1387 1174; x_wconf 88' lang='lat' dir='ltr'>habere</span> <span class='ocrx_word' id='word_1_61' title='bbox 1414 1136 1700 1186; x_wconf 86' lang='lat' dir='ltr'>perspectum:</span> <span class='ocrx_word' id='word_1_62' title='bbox 1734 1131 1846 1173; x_wconf 90' lang='lat' dir='ltr'>ideo-</span> 
     </span>
     <span class='ocr_line' id='line_1_11' title="bbox 127 1206 1846 1261; baseline 0.001 -14"><span class='ocrx_word' id='word_1_63' title='bbox 127 1218 208 1259; x_wconf 90' lang='lat' dir='ltr'>que</span> <span class='ocrx_word' id='word_1_64' title='bbox 239 1206 422 1261; x_wconf 73' lang='lat' dir='ltr'>regulas,</span> <span class='ocrx_word' id='word_1_65' title='bbox 455 1209 541 1248; x_wconf 88' lang='lat' dir='ltr'>tam</span> <span class='ocrx_word' id='word_1_66' title='bbox 575 1219 815 1249; x_wconf 88' lang='lat' dir='ltr'>communes</span> <span class='ocrx_word' id='word_1_67' title='bbox 839 1207 1025 1249; x_wconf 90' lang='lat' dir='ltr'>omnium</span> <span class='ocrx_word' id='word_1_68' title='bbox 1048 1207 1296 1250; x_wconf 81' lang='lat' dir='ltr'>Scholarum</span> <span class='ocrx_word' id='word_1_69' title='bbox 1327 1208 1570 1249; x_wconf 87' lang='lat' dir='ltr'>inferiorum</span> <span class='ocrx_word' id='word_1_70' title='bbox 1595 1220 1722 1260; x_wconf 90' lang='lat' dir='ltr'>quam</span> <span class='ocrx_word' id='word_1_71' title='bbox 1745 1219 1846 1248; x_wconf 89' lang='lat' dir='ltr'>suae</span> 
     </span>
     <span class='ocr_line' id='line_1_12' title="bbox 128 1280 1846 1336; baseline 0.001 -14"><span class='ocrx_word' id='word_1_72' title='bbox 128 1280 281 1323; x_wconf 86' lang='lat' dir='ltr'>Classis</span> <span class='ocrx_word' id='word_1_73' title='bbox 313 1282 525 1335; x_wconf 78' lang='lat' dir='ltr'>proprias,</span> <span class='ocrx_word' id='word_1_74' title='bbox 568 1282 734 1335; x_wconf 84' lang='lat' dir='ltr'>aliaque</span> <span class='ocrx_word' id='word_1_75' title='bbox 773 1282 826 1323; x_wconf 88' lang='lat' dir='ltr'>ad</span> <span class='ocrx_word' id='word_1_76' title='bbox 857 1296 1010 1324; x_wconf 88' lang='lat' dir='ltr'>munus</span> <span class='ocrx_word' id='word_1_77' title='bbox 1049 1296 1173 1324; x_wconf 89' lang='lat' dir='ltr'>suum</span> <span class='ocrx_word' id='word_1_78' title='bbox 1204 1283 1459 1336; x_wconf 84' lang='lat' dir='ltr'>pertinentia</span> <span class='ocrx_word' id='word_1_79' title='bbox 1502 1282 1697 1331; x_wconf 82' lang='lat' dir='ltr'>(maxime</span> <span class='ocrx_word' id='word_1_80' title='bbox 1737 1293 1846 1334; x_wconf 87' lang='lat' dir='ltr'>quae</span> 
     </span>
     <span class='ocr_line' id='line_1_13' title="bbox 127 1355 1845 1411; baseline 0 -14"><span class='ocrx_word' id='word_1_81' title='bbox 127 1355 204 1398; x_wconf 87' lang='lat' dir='ltr'>hoc</span> <span class='ocrx_word' id='word_1_82' title='bbox 247 1356 387 1398; x_wconf 86' lang='lat' dir='ltr'>libello</span> <span class='ocrx_word' id='word_1_83' title='bbox 431 1357 860 1411; x_wconf 85' lang='lat' dir='ltr'>comprehenduntur)</span> <span class='ocrx_word' id='word_1_84' title='bbox 909 1358 1130 1411; x_wconf 84' lang='lat' dir='ltr'>diligenter</span> <span class='ocrx_word' id='word_1_85' title='bbox 1171 1358 1285 1411; x_wconf 90' lang='lat' dir='ltr'>legat</span> <span class='ocrx_word' id='word_1_86' title='bbox 1331 1358 1540 1410; x_wconf 88' lang='lat' dir='ltr'>certisque</span> <span class='ocrx_word' id='word_1_87' title='bbox 1586 1356 1845 1410; x_wconf 88' lang='lat' dir='ltr'>temporibus</span> 
     </span>
     <span class='ocr_line' id='line_1_14' title="bbox 127 1430 1845 1487; baseline 0 -15"><span class='ocrx_word' id='word_1_88' title='bbox 127 1431 298 1484; x_wconf 90' lang='lat' dir='ltr'>relegat.</span> <span class='ocrx_word' id='word_1_89' title='bbox 353 1432 513 1474; x_wconf 89' lang='lat' dir='ltr'>Deinde</span> <span class='ocrx_word' id='word_1_90' title='bbox 543 1434 675 1487; x_wconf 71' lang='lat' dir='ltr'>curet,</span> <span class='ocrx_word' id='word_1_91' title='bbox 709 1437 769 1487; x_wconf 82' lang='lat' dir='ltr'>ut,</span> <span class='ocrx_word' id='word_1_92' title='bbox 802 1446 911 1486; x_wconf 88' lang='lat' dir='ltr'>quae</span> <span class='ocrx_word' id='word_1_93' title='bbox 942 1432 1178 1475; x_wconf 86' lang='lat' dir='ltr'>traditurus</span> <span class='ocrx_word' id='word_1_94' title='bbox 1211 1436 1289 1487; x_wconf 75' lang='lat' dir='ltr'>est,</span> <span class='ocrx_word' id='word_1_95' title='bbox 1322 1446 1396 1475; x_wconf 88' lang='lat' dir='ltr'>seu</span> <span class='ocrx_word' id='word_1_96' title='bbox 1430 1432 1480 1474; x_wconf 89' lang='lat' dir='ltr'>de</span> <span class='ocrx_word' id='word_1_97' title='bbox 1509 1430 1681 1474; x_wconf 86' lang='lat' dir='ltr'>Graecis</span> <span class='ocrx_word' id='word_1_98' title='bbox 1714 1432 1845 1473; x_wconf 87' lang='lat' dir='ltr'>literis</span> 
     </span>
     <span class='ocr_line' id='line_1_15' title="bbox 126 1505 1845 1561; baseline 0.001 -14"><span class='ocrx_word' id='word_1_99' title='bbox 126 1519 200 1548; x_wconf 89' lang='lat' dir='ltr'>seu</span> <span class='ocrx_word' id='word_1_100' title='bbox 233 1505 283 1548; x_wconf 89' lang='lat' dir='ltr'>de</span> <span class='ocrx_word' id='word_1_101' title='bbox 305 1506 481 1557; x_wconf 61' lang='lat' dir='ltr'>Latinis,</span> <span class='ocrx_word' id='word_1_102' title='bbox 514 1508 680 1561; x_wconf 78' lang='lat' dir='ltr'>egregie</span> <span class='ocrx_word' id='word_1_103' title='bbox 711 1508 800 1561; x_wconf 91' lang='lat' dir='ltr'>ipse</span> <span class='ocrx_word' id='word_1_104' title='bbox 832 1508 1006 1551; x_wconf 83' lang='lat' dir='ltr'>calleat:</span> <span class='ocrx_word' id='word_1_105' title='bbox 1040 1520 1216 1561; x_wconf 87' lang='lat' dir='ltr'>eamque</span> <span class='ocrx_word' id='word_1_106' title='bbox 1247 1507 1298 1549; x_wconf 92' lang='lat' dir='ltr'>ob</span> <span class='ocrx_word' id='word_1_107' title='bbox 1331 1520 1502 1549; x_wconf 83' lang='lat' dir='ltr'>causam</span> <span class='ocrx_word' id='word_1_108' title='bbox 1533 1508 1588 1549; x_wconf 91' lang='lat' dir='ltr'>sit</span> <span class='ocrx_word' id='word_1_109' title='bbox 1608 1507 1773 1560; x_wconf 87' lang='lat' dir='ltr'>privato</span> <span class='ocrx_word' id='word_1_110' title='bbox 1804 1506 1845 1548; x_wconf 90' lang='lat' dir='ltr'>in</span> 
     </span>
     <span class='ocr_line' id='line_1_16' title="bbox 126 1581 1845 1636; baseline 0 -13"><span class='ocrx_word' id='word_1_111' title='bbox 126 1581 265 1623; x_wconf 90' lang='lat' dir='ltr'>studio</span> <span class='ocrx_word' id='word_1_112' title='bbox 298 1584 542 1635; x_wconf 79' lang='lat' dir='ltr'>accuratus,</span> <span class='ocrx_word' id='word_1_113' title='bbox 583 1586 713 1635; x_wconf 88' lang='lat' dir='ltr'>atque</span> <span class='ocrx_word' id='word_1_114' title='bbox 751 1583 791 1623; x_wconf 93' lang='lat' dir='ltr'>in</span> <span class='ocrx_word' id='word_1_115' title='bbox 831 1583 1113 1636; x_wconf 89' lang='lat' dir='ltr'>comparando</span> <span class='ocrx_word' id='word_1_116' title='bbox 1152 1595 1243 1625; x_wconf 86' lang='lat' dir='ltr'>sese</span> <span class='ocrx_word' id='word_1_117' title='bbox 1287 1583 1339 1625; x_wconf 90' lang='lat' dir='ltr'>ad</span> <span class='ocrx_word' id='word_1_118' title='bbox 1378 1582 1618 1625; x_wconf 88' lang='lat' dir='ltr'>habendam</span> <span class='ocrx_word' id='word_1_119' title='bbox 1659 1582 1845 1625; x_wconf 91' lang='lat' dir='ltr'>scholam</span> 
     </span>
     <span class='ocr_line' id='line_1_17' title="bbox 127 1657 1846 1713; baseline 0.001 -15"><span class='ocrx_word' id='word_1_120' title='bbox 127 1660 292 1698; x_wconf 87' lang='lat' dir='ltr'>tantum</span> <span class='ocrx_word' id='word_1_121' title='bbox 326 1657 527 1710; x_wconf 90' lang='lat' dir='ltr'>temporis</span> <span class='ocrx_word' id='word_1_122' title='bbox 560 1670 798 1710; x_wconf 85' lang='lat' dir='ltr'>operaeque</span> <span class='ocrx_word' id='word_1_123' title='bbox 831 1670 997 1711; x_wconf 82' lang='lat' dir='ltr'>semper</span> <span class='ocrx_word' id='word_1_124' title='bbox 1029 1659 1216 1713; x_wconf 76' lang='lat' dir='ltr'>collocet,</span> <span class='ocrx_word' id='word_1_125' title='bbox 1251 1660 1457 1711; x_wconf 87' lang='lat' dir='ltr'>quantum</span> <span class='ocrx_word' id='word_1_126' title='bbox 1481 1658 1583 1700; x_wconf 92' lang='lat' dir='ltr'>satis</span> <span class='ocrx_word' id='word_1_127' title='bbox 1616 1660 1692 1711; x_wconf 73' lang='lat' dir='ltr'>est,</span> <span class='ocrx_word' id='word_1_128' title='bbox 1726 1661 1774 1699; x_wconf 91' lang='lat' dir='ltr'>ut</span> <span class='ocrx_word' id='word_1_129' title='bbox 1805 1659 1846 1699; x_wconf 84' lang='lat' dir='ltr'>et</span> 
     </span>
     <span class='ocr_line' id='line_1_18' title="bbox 127 1731 1847 1786; baseline 0.001 -14"><span class='ocrx_word' id='word_1_130' title='bbox 127 1745 221 1773; x_wconf 90' lang='lat' dir='ltr'>cum</span> <span class='ocrx_word' id='word_1_131' title='bbox 252 1731 393 1773; x_wconf 87' lang='lat' dir='ltr'>fructu</span> <span class='ocrx_word' id='word_1_132' title='bbox 425 1744 578 1774; x_wconf 92' lang='lat' dir='ltr'>munus</span> <span class='ocrx_word' id='word_1_133' title='bbox 610 1745 734 1773; x_wconf 90' lang='lat' dir='ltr'>suum</span> <span class='ocrx_word' id='word_1_134' title='bbox 767 1736 809 1774; x_wconf 92' lang='lat' dir='ltr'>et</span> <span class='ocrx_word' id='word_1_135' title='bbox 840 1746 933 1774; x_wconf 91' lang='lat' dir='ltr'>cum</span> <span class='ocrx_word' id='word_1_136' title='bbox 967 1733 1171 1785; x_wconf 86' lang='lat' dir='ltr'>dignitate</span> <span class='ocrx_word' id='word_1_137' title='bbox 1204 1733 1351 1781; x_wconf 53' lang='lat' dir='ltr'>obeam</span> <span class='ocrx_word' id='word_1_138' title='bbox 1391 1746 1526 1786; x_wconf 88' lang='lat' dir='ltr'>neque</span> <span class='ocrx_word' id='word_1_139' title='bbox 1557 1734 1598 1774; x_wconf 92' lang='lat' dir='ltr'>in</span> <span class='ocrx_word' id='word_1_140' title='bbox 1630 1733 1700 1783; x_wconf 78' lang='lat' dir='ltr'>iis,</span> <span class='ocrx_word' id='word_1_141' title='bbox 1739 1745 1847 1786; x_wconf 89' lang='lat' dir='ltr'>quae</span> 
     </span>
     <span class='ocr_line' id='line_1_19' title="bbox 126 1807 1845 1862; baseline 0.001 -14"><span class='ocrx_word' id='word_1_142' title='bbox 126 1807 253 1848; x_wconf 85' lang='lat' dir='ltr'>semel</span> <span class='ocrx_word' id='word_1_143' title='bbox 284 1807 522 1860; x_wconf 81' lang='lat' dir='ltr'>percepisse</span> <span class='ocrx_word' id='word_1_144' title='bbox 552 1807 629 1849; x_wconf 90' lang='lat' dir='ltr'>sibi</span> <span class='ocrx_word' id='word_1_145' title='bbox 662 1808 776 1849; x_wconf 80' lang='lat' dir='ltr'>visus</span> <span class='ocrx_word' id='word_1_146' title='bbox 808 1807 954 1859; x_wconf 72' lang='lat' dir='ltr'>fuerit,</span> <span class='ocrx_word' id='word_1_147' title='bbox 992 1809 1218 1850; x_wconf 90' lang='lat' dir='ltr'>memoriae</span> <span class='ocrx_word' id='word_1_148' title='bbox 1256 1809 1314 1850; x_wconf 87' lang='lat' dir='ltr'>sic</span> <span class='ocrx_word' id='word_1_149' title='bbox 1354 1808 1478 1861; x_wconf 78' lang='lat' dir='ltr'>fidat,</span> <span class='ocrx_word' id='word_1_150' title='bbox 1517 1809 1616 1862; x_wconf 90' lang='lat' dir='ltr'>quin</span> <span class='ocrx_word' id='word_1_151' title='bbox 1656 1821 1748 1850; x_wconf 88' lang='lat' dir='ltr'>eam</span> <span class='ocrx_word' id='word_1_152' title='bbox 1786 1808 1845 1849; x_wconf 93' lang='lat' dir='ltr'>in-</span> 
     </span>
     <span class='ocr_line' id='line_1_20' title="bbox 126 1882 1846 1936; baseline 0.002 -14"><span class='ocrx_word' id='word_1_153' title='bbox 126 1885 291 1923; x_wconf 86' lang='lat' dir='ltr'>stauret</span> <span class='ocrx_word' id='word_1_154' title='bbox 330 1882 558 1923; x_wconf 88' lang='lat' dir='ltr'>identidem</span> <span class='ocrx_word' id='word_1_155' title='bbox 602 1882 854 1936; x_wconf 86' lang='lat' dir='ltr'>refricetque</span> <span class='ocrx_word' id='word_1_156' title='bbox 900 1883 1054 1925; x_wconf 78' lang='lat' dir='ltr'>iterata</span> <span class='ocrx_word' id='word_1_157' title='bbox 1100 1884 1296 1933; x_wconf 73' lang='lat' dir='ltr'>lectione,</span> <span class='ocrx_word' id='word_1_158' title='bbox 1346 1888 1574 1936; x_wconf 84' lang='lat' dir='ltr'>antequam</span> <span class='ocrx_word' id='word_1_159' title='bbox 1621 1883 1846 1936; x_wconf 88' lang='lat' dir='ltr'>quicquam</span> 
     </span>
     <span class='ocr_line' id='line_1_21' title="bbox 128 1956 1844 2013; baseline 0.002 -16"><span class='ocrx_word' id='word_1_160' title='bbox 128 1957 276 1998; x_wconf 89' lang='lat' dir='ltr'>doceat</span> <span class='ocrx_word' id='word_1_161' title='bbox 307 1957 471 1998; x_wconf 87' lang='lat' dir='ltr'>etiamsi</span> <span class='ocrx_word' id='word_1_162' title='bbox 501 1956 612 1998; x_wconf 86' lang='lat' dir='ltr'>idem</span> <span class='ocrx_word' id='word_1_163' title='bbox 644 1958 811 2011; x_wconf 86' lang='lat' dir='ltr'>saepius</span> <span class='ocrx_word' id='word_1_164' title='bbox 842 1957 1043 2000; x_wconf 86' lang='lat' dir='ltr'>docuerit.</span> <span class='ocrx_word' id='word_1_165' title='bbox 1091 1959 1310 2000; x_wconf 84' lang='lat' dir='ltr'>Postremo</span> <span class='ocrx_word' id='word_1_166' title='bbox 1332 1959 1404 2000; x_wconf 91' lang='lat' dir='ltr'>det</span> <span class='ocrx_word' id='word_1_167' title='bbox 1425 1971 1609 2013; x_wconf 68' lang='lat' dir='ltr'>operam,</span> <span class='ocrx_word' id='word_1_168' title='bbox 1642 1962 1702 2010; x_wconf 71' lang='lat' dir='ltr'>ut,</span> <span class='ocrx_word' id='word_1_169' title='bbox 1736 1971 1844 2012; x_wconf 89' lang='lat' dir='ltr'>quae</span> 
     </span>
     <span class='ocr_line' id='line_1_22' title="bbox 125 2031 1846 2087; baseline 0.001 -14"><span class='ocrx_word' id='word_1_170' title='bbox 125 2031 317 2074; x_wconf 88' lang='lat' dir='ltr'>facienda</span> <span class='ocrx_word' id='word_1_171' title='bbox 354 2032 433 2073; x_wconf 87' lang='lat' dir='ltr'>sibi</span> <span class='ocrx_word' id='word_1_172' title='bbox 474 2031 767 2085; x_wconf 88' lang='lat' dir='ltr'>tradendaque</span> <span class='ocrx_word' id='word_1_173' title='bbox 809 2034 1073 2087; x_wconf 77' lang='lat' dir='ltr'>cognoverit,</span> <span class='ocrx_word' id='word_1_174' title='bbox 1121 2037 1292 2075; x_wconf 92' lang='lat' dir='ltr'>strenue</span> <span class='ocrx_word' id='word_1_175' title='bbox 1334 2034 1461 2076; x_wconf 87' lang='lat' dir='ltr'>faeiat</span> <span class='ocrx_word' id='word_1_176' title='bbox 1502 2036 1630 2086; x_wconf 89' lang='lat' dir='ltr'>atque</span> <span class='ocrx_word' id='word_1_177' title='bbox 1668 2033 1846 2087; x_wconf 88' lang='lat' dir='ltr'>impigre</span> 
     </span>
     <span class='ocr_line' id='line_1_23' title="bbox 126 2107 1846 2162; baseline 0.001 -14"><span class='ocrx_word' id='word_1_178' title='bbox 126 2107 281 2162; x_wconf 78' lang='lat' dir='ltr'>tradat,</span> <span class='ocrx_word' id='word_1_179' title='bbox 313 2119 405 2149; x_wconf 88' lang='lat' dir='ltr'>eam</span> <span class='ocrx_word' id='word_1_180' title='bbox 436 2110 640 2160; x_wconf 87' lang='lat' dir='ltr'>perpetuo</span> <span class='ocrx_word' id='word_1_181' title='bbox 672 2108 713 2149; x_wconf 92' lang='lat' dir='ltr'>in</span> <span class='ocrx_word' id='word_1_182' title='bbox 747 2109 1042 2161; x_wconf 87' lang='lat' dir='ltr'>cogitationem</span> <span class='ocrx_word' id='word_1_183' title='bbox 1074 2109 1280 2151; x_wconf 90' lang='lat' dir='ltr'>intentus:</span> <span class='ocrx_word' id='word_1_184' title='bbox 1322 2111 1370 2150; x_wconf 88' lang='lat' dir='ltr'>ut</span> <span class='ocrx_word' id='word_1_185' title='bbox 1401 2122 1444 2151; x_wconf 90' lang='lat' dir='ltr'>se</span> <span class='ocrx_word' id='word_1_186' title='bbox 1476 2109 1599 2162; x_wconf 89' lang='lat' dir='ltr'>plane</span> <span class='ocrx_word' id='word_1_187' title='bbox 1630 2108 1846 2162; x_wconf 90' lang='lat' dir='ltr'>impendat</span> 
     </span>
     <span class='ocr_line' id='line_1_24' title="bbox 125 2182 1845 2238; baseline 0 -14"><span class='ocrx_word' id='word_1_188' title='bbox 125 2182 293 2224; x_wconf 86' lang='lat' dir='ltr'>scholae</span> <span class='ocrx_word' id='word_1_189' title='bbox 324 2194 439 2227; x_wconf 69' lang='lat' dir='ltr'>suae.</span> <span class='ocrx_word' id='word_1_190' title='bbox 473 2186 520 2223; x_wconf 93' lang='lat' dir='ltr'>ut</span> <span class='ocrx_word' id='word_1_191' title='bbox 549 2183 728 2225; x_wconf 88' lang='lat' dir='ltr'>alumnis</span> <span class='ocrx_word' id='word_1_192' title='bbox 752 2183 995 2236; x_wconf 84' lang='lat' dir='ltr'>disciplinae</span> <span class='ocrx_word' id='word_1_193' title='bbox 1027 2196 1129 2225; x_wconf 88' lang='lat' dir='ltr'>suae</span> <span class='ocrx_word' id='word_1_194' title='bbox 1152 2183 1357 2238; x_wconf 77' lang='lat' dir='ltr'>consulat,</span> <span class='ocrx_word' id='word_1_195' title='bbox 1390 2186 1438 2225; x_wconf 90' lang='lat' dir='ltr'>ut</span> <span class='ocrx_word' id='word_1_196' title='bbox 1461 2196 1630 2237; x_wconf 87' lang='lat' dir='ltr'>operam</span> <span class='ocrx_word' id='word_1_197' title='bbox 1654 2183 1845 2225; x_wconf 86' lang='lat' dir='ltr'>omnibus</span> 
     </span>
     <span class='ocr_line' id='line_1_25' title="bbox 125 2256 1846 2313; baseline 0.001 -15"><span class='ocrx_word' id='word_1_198' title='bbox 125 2256 333 2299; x_wconf 84' lang='lat' dir='ltr'>indefesse</span> <span class='ocrx_word' id='word_1_199' title='bbox 366 2257 641 2310; x_wconf 87' lang='lat' dir='ltr'>studioseque</span> <span class='ocrx_word' id='word_1_200' title='bbox 673 2257 861 2313; x_wconf 84' lang='lat' dir='ltr'>addicat,</span> <span class='ocrx_word' id='word_1_201' title='bbox 903 2263 949 2299; x_wconf 93' lang='lat' dir='ltr'>ut</span> <span class='ocrx_word' id='word_1_202' title='bbox 980 2262 1096 2300; x_wconf 90' lang='lat' dir='ltr'>totus</span> <span class='ocrx_word' id='word_1_203' title='bbox 1130 2259 1309 2311; x_wconf 86' lang='lat' dir='ltr'>denique</span> <span class='ocrx_word' id='word_1_204' title='bbox 1355 2259 1410 2301; x_wconf 93' lang='lat' dir='ltr'>sit</span> <span class='ocrx_word' id='word_1_205' title='bbox 1446 2259 1485 2300; x_wconf 91' lang='lat' dir='ltr'>in</span> <span class='ocrx_word' id='word_1_206' title='bbox 1525 2258 1739 2312; x_wconf 89' lang='lat' dir='ltr'>provincia</span> <span class='ocrx_word' id='word_1_207' title='bbox 1769 2271 1846 2299; x_wconf 92' lang='lat' dir='ltr'>sua</span> 
     </span>
     <span class='ocr_line' id='line_1_26' title="bbox 126 2331 1845 2388; baseline 0.001 -15"><span class='ocrx_word' id='word_1_208' title='bbox 126 2332 204 2373; x_wconf 89' lang='lat' dir='ltr'>rite</span> <span class='ocrx_word' id='word_1_209' title='bbox 236 2331 582 2373; x_wconf 87' lang='lat' dir='ltr'>administranda.</span> <span class='ocrx_word' id='word_1_210' title='bbox 647 2332 808 2383; x_wconf 74' lang='lat' dir='ltr'>(Ordin.</span> <span class='ocrx_word' id='word_1_211' title='bbox 843 2333 963 2374; x_wconf 88' lang='lat' dir='ltr'>Prov.</span> <span class='ocrx_word' id='word_1_212' title='bbox 1005 2334 1028 2387; x_wconf 63' lang='grc' dir='ltr'>ξ</span> <span class='ocrx_word' id='word_1_213' title='bbox 1059 2334 1083 2375; x_wconf 75' lang='grc'><strong>8</strong></span> <span class='ocrx_word' id='word_1_214' title='bbox 1117 2334 1241 2376; x_wconf 79' lang='lat' dir='ltr'>variis</span> <span class='ocrx_word' id='word_1_215' title='bbox 1283 2334 1403 2385; x_wconf 65' lang='lat' dir='ltr'>locis,</span> <span class='ocrx_word' id='word_1_216' title='bbox 1446 2334 1690 2375; x_wconf 88' lang='lat' dir='ltr'>nominatim</span> <span class='ocrx_word' id='word_1_217' title='bbox 1732 2346 1770 2374; x_wconf 89' lang='lat' dir='ltr'>n.</span> <span class='ocrx_word' id='word_1_218' title='bbox 1806 2335 1845 2388; x_wconf 71' lang='lat'>2,</span> 
     </span>
     <span class='ocr_line' id='line_1_27' title="bbox 126 2407 1844 2462; baseline 0.001 -14"><span class='ocrx_word' id='word_1_219' title='bbox 126 2408 165 2462; x_wconf 77' lang='lat'>3,</span> <span class='ocrx_word' id='word_1_220' title='bbox 197 2408 236 2460; x_wconf 77' lang='lat'>5,</span> <span class='ocrx_word' id='word_1_221' title='bbox 269 2407 323 2448; x_wconf 80' lang='lat'>:20</span> <span class='ocrx_word' id='word_1_222' title='bbox 355 2410 397 2448; x_wconf 93' lang='lat' dir='ltr'>et</span> <span class='ocrx_word' id='word_1_223' title='bbox 428 2407 617 2448; x_wconf 80' lang='lat' dir='ltr'>Sacchin.</span> <span class='ocrx_word' id='word_1_224' title='bbox 652 2408 692 2448; x_wconf 90' lang='lat' dir='ltr'>in</span> <span class='ocrx_word' id='word_1_225' title='bbox 725 2408 886 2450; x_wconf 87' lang='lat' dir='ltr'>Paraen</span> <span class='ocrx_word' id='word_1_226' title='bbox 933 2422 964 2450; x_wconf 91' lang='lat' dir='ltr'>c.</span> <span class='ocrx_word' id='word_1_227' title='bbox 1000 2413 1033 2460; x_wconf 85' lang='lat'>1,</span> <span class='ocrx_word' id='word_1_228' title='bbox 1067 2411 1090 2451; x_wconf 81' lang='lat'>3</span> <span class='ocrx_word' id='word_1_229' title='bbox 1124 2414 1165 2451; x_wconf 87' lang='lat' dir='ltr'>et</span> <span class='ocrx_word' id='word_1_230' title='bbox 1196 2411 1255 2462; x_wconf 81' lang='lat'>4)</span> <span class='ocrx_word' id='word_1_231' title='bbox 1318 2409 1484 2450; x_wconf 86' lang='lat' dir='ltr'>Etenim</span> <span class='ocrx_word' id='word_1_232' title='bbox 1521 2421 1596 2462; x_wconf 88' lang='lat' dir='ltr'>pro</span> <span class='ocrx_word' id='word_1_233' title='bbox 1629 2409 1844 2462; x_wconf 80' lang='lat' dir='ltr'>explorato</span> 
     </span>
     <span class='ocr_line' id='line_1_28' title="bbox 125 2482 1845 2538; baseline 0 -14"><span class='ocrx_word' id='word_1_234' title='bbox 125 2482 281 2524; x_wconf 85' lang='lat' dir='ltr'>habere</span> <span class='ocrx_word' id='word_1_235' title='bbox 304 2482 442 2538; x_wconf 74' lang='lat' dir='ltr'>debet,</span> <span class='ocrx_word' id='word_1_236' title='bbox 475 2483 611 2536; x_wconf 88' lang='lat' dir='ltr'>qualis</span> <span class='ocrx_word' id='word_1_237' title='bbox 644 2483 732 2536; x_wconf 87' lang='lat' dir='ltr'>ipse</span> <span class='ocrx_word' id='word_1_238' title='bbox 764 2484 804 2524; x_wconf 92' lang='lat' dir='ltr'>in</span> <span class='ocrx_word' id='word_1_239' title='bbox 827 2497 1000 2526; x_wconf 87' lang='lat' dir='ltr'>munere</span> <span class='ocrx_word' id='word_1_240' title='bbox 1023 2497 1099 2526; x_wconf 87' lang='lat' dir='ltr'>suo</span> <span class='ocrx_word' id='word_1_241' title='bbox 1131 2484 1272 2538; x_wconf 70' lang='lat' dir='ltr'>fuerit,</span> <span class='ocrx_word' id='word_1_242' title='bbox 1304 2484 1411 2526; x_wconf 90' lang='lat' dir='ltr'>tales</span> <span class='ocrx_word' id='word_1_243' title='bbox 1442 2484 1483 2525; x_wconf 89' lang='lat' dir='ltr'>in</span> <span class='ocrx_word' id='word_1_244' title='bbox 1507 2496 1583 2525; x_wconf 89' lang='lat' dir='ltr'>suo</span> <span class='ocrx_word' id='word_1_245' title='bbox 1615 2482 1704 2525; x_wconf 82' lang='lat' dir='ltr'>fore</span> <span class='ocrx_word' id='word_1_246' title='bbox 1726 2483 1845 2525; x_wconf 85' lang='lat' dir='ltr'>disci-</span> 
     </span>
     <span class='ocr_line' id='line_1_29' title="bbox 126 2557 1845 2614; baseline 0.001 -16"><span class='ocrx_word' id='word_1_247' title='bbox 126 2557 259 2610; x_wconf 89' lang='lat' dir='ltr'>pulos.</span> <span class='ocrx_word' id='word_1_248' title='bbox 323 2557 476 2599; x_wconf 87' lang='lat' dir='ltr'>Literis</span> <span class='ocrx_word' id='word_1_249' title='bbox 507 2558 597 2610; x_wconf 88' lang='lat' dir='ltr'>ipse</span> <span class='ocrx_word' id='word_1_250' title='bbox 636 2558 670 2599; x_wconf 88' lang='lat' dir='ltr'>si</span> <span class='ocrx_word' id='word_1_251' title='bbox 703 2557 870 2599; x_wconf 89' lang='lat' dir='ltr'>deditus</span> <span class='ocrx_word' id='word_1_252' title='bbox 903 2560 944 2600; x_wconf 84' lang='lat' dir='ltr'>et</span> <span class='ocrx_word' id='word_1_253' title='bbox 981 2558 1115 2601; x_wconf 88' lang='lat' dir='ltr'>labori</span> <span class='ocrx_word' id='word_1_254' title='bbox 1147 2559 1293 2614; x_wconf 82' lang='lat' dir='ltr'>fuerit,</span> <span class='ocrx_word' id='word_1_255' title='bbox 1332 2557 1520 2612; x_wconf 86' lang='lat' dir='ltr'>profecto</span> <span class='ocrx_word' id='word_1_256' title='bbox 1552 2559 1745 2612; x_wconf 89' lang='lat' dir='ltr'>utrisque</span> <span class='ocrx_word' id='word_1_257' title='bbox 1776 2558 1845 2600; x_wconf 91' lang='lat' dir='ltr'>de—</span> 
     </span>
     <span class='ocr_line' id='line_1_30' title="bbox 127 2632 1843 2688; baseline 0.001 -15"><span class='ocrx_word' id='word_1_258' title='bbox 127 2633 200 2675; x_wconf 91' lang='lat' dir='ltr'>diti</span> <span class='ocrx_word' id='word_1_259' title='bbox 233 2635 275 2674; x_wconf 92' lang='lat' dir='ltr'>et</span> <span class='ocrx_word' id='word_1_260' title='bbox 304 2632 363 2674; x_wconf 91' lang='lat' dir='ltr'>illi</span> <span class='ocrx_word' id='word_1_261' title='bbox 396 2634 531 2673; x_wconf 88' lang='lat' dir='ltr'>erunt.</span> <span class='ocrx_word' id='word_1_262' title='bbox 583 2632 625 2674; x_wconf 81' lang='lat' dir='ltr'>si</span> <span class='ocrx_word' id='word_1_263' title='bbox 657 2645 705 2674; x_wconf 86' lang='lat' dir='ltr'>ex</span> <span class='ocrx_word' id='word_1_264' title='bbox 739 2634 876 2675; x_wconf 91' lang='lat' dir='ltr'>animo</span> <span class='ocrx_word' id='word_1_265' title='bbox 909 2634 951 2674; x_wconf 94' lang='lat' dir='ltr'>in</span> <span class='ocrx_word' id='word_1_266' title='bbox 980 2646 1100 2676; x_wconf 86' lang='lat' dir='ltr'>suam</span> <span class='ocrx_word' id='word_1_267' title='bbox 1132 2635 1219 2688; x_wconf 90' lang='lat' dir='ltr'>ipse</span> <span class='ocrx_word' id='word_1_268' title='bbox 1244 2634 1440 2688; x_wconf 82' lang='lat' dir='ltr'>Spartam</span> <span class='ocrx_word' id='word_1_269' title='bbox 1471 2634 1701 2685; x_wconf 68' lang='lat' dir='ltr'>incumbat„</span> <span class='ocrx_word' id='word_1_270' title='bbox 1734 2634 1843 2676; x_wconf 89' lang='lat' dir='ltr'>serio</span> 
     </span>
     <span class='ocr_line' id='line_1_31' title="bbox 126 2707 1846 2763; baseline 0.001 -14"><span class='ocrx_word' id='word_1_271' title='bbox 126 2711 169 2750; x_wconf 93' lang='lat' dir='ltr'>et</span> <span class='ocrx_word' id='word_1_272' title='bbox 199 2708 258 2749; x_wconf 92' lang='lat' dir='ltr'>illi</span> <span class='ocrx_word' id='word_1_273' title='bbox 297 2707 540 2750; x_wconf 85' lang='lat' dir='ltr'>incumbent</span> <span class='ocrx_word' id='word_1_274' title='bbox 582 2708 623 2749; x_wconf 92' lang='lat' dir='ltr'>in</span> <span class='ocrx_word' id='word_1_275' title='bbox 657 2720 790 2749; x_wconf 89' lang='lat' dir='ltr'>suam.</span> <span class='ocrx_word' id='word_1_276' title='bbox 854 2708 1113 2751; x_wconf 80' lang='lat' dir='ltr'>Scholastica</span> <span class='ocrx_word' id='word_1_277' title='bbox 1151 2722 1282 2763; x_wconf 85' lang='lat' dir='ltr'>pensa</span> <span class='ocrx_word' id='word_1_278' title='bbox 1321 2712 1518 2751; x_wconf 85' lang='lat' dir='ltr'>accurate</span> <span class='ocrx_word' id='word_1_279' title='bbox 1559 2710 1593 2751; x_wconf 90' lang='lat' dir='ltr'>si</span> <span class='ocrx_word' id='word_1_280' title='bbox 1634 2713 1846 2763; x_wconf 87' lang='lat' dir='ltr'>proponat</span> 
     </span>
     <span class='ocr_line' id='line_1_32' title="bbox 127 2783 1845 2839; baseline 0.001 -15"><span class='ocrx_word' id='word_1_281' title='bbox 127 2786 254 2836; x_wconf 89' lang='lat' dir='ltr'>atque</span> <span class='ocrx_word' id='word_1_282' title='bbox 286 2784 445 2839; x_wconf 74' lang='lat' dir='ltr'>exigat,</span> <span class='ocrx_word' id='word_1_283' title='bbox 479 2785 674 2824; x_wconf 85' lang='lat' dir='ltr'>accurate</span> <span class='ocrx_word' id='word_1_284' title='bbox 707 2784 913 2837; x_wconf 87' lang='lat' dir='ltr'>accipient</span> <span class='ocrx_word' id='word_1_285' title='bbox 950 2784 1009 2826; x_wconf 91' lang='lat' dir='ltr'>illi</span> <span class='ocrx_word' id='word_1_286' title='bbox 1050 2797 1097 2826; x_wconf 90' lang='lat' dir='ltr'>ac</span> <span class='ocrx_word' id='word_1_287' title='bbox 1134 2785 1387 2838; x_wconf 87' lang='lat' dir='ltr'>persolvent.</span> <span class='ocrx_word' id='word_1_288' title='bbox 1451 2783 1592 2826; x_wconf 80' lang='lat' dir='ltr'>Solers</span> <span class='ocrx_word' id='word_1_289' title='bbox 1634 2785 1764 2837; x_wconf 88' lang='lat' dir='ltr'>igitur</span> <span class='ocrx_word' id='word_1_290' title='bbox 1804 2788 1845 2825; x_wconf 84' lang='lat' dir='ltr'>et</span> 
     </span>
     <span class='ocr_line' id='line_1_33' title="bbox 127 2858 1844 2915; baseline 0 -15"><span class='ocrx_word' id='word_1_291' title='bbox 127 2858 298 2900; x_wconf 89' lang='lat' dir='ltr'>sedulus</span> <span class='ocrx_word' id='word_1_292' title='bbox 330 2859 371 2900; x_wconf 93' lang='lat' dir='ltr'>in</span> <span class='ocrx_word' id='word_1_293' title='bbox 405 2858 566 2911; x_wconf 86' lang='lat' dir='ltr'>schola,</span> <span class='ocrx_word' id='word_1_294' title='bbox 606 2858 801 2900; x_wconf 88' lang='lat' dir='ltr'>assiduus</span> <span class='ocrx_word' id='word_1_295' title='bbox 833 2859 873 2900; x_wconf 90' lang='lat' dir='ltr'>in</span> <span class='ocrx_word' id='word_1_296' title='bbox 907 2860 1074 2912; x_wconf 87' lang='lat' dir='ltr'>negotio</span> <span class='ocrx_word' id='word_1_297' title='bbox 1108 2872 1199 2902; x_wconf 90' lang='lat' dir='ltr'>esse</span> <span class='ocrx_word' id='word_1_298' title='bbox 1231 2860 1478 2915; x_wconf 80' lang='lat' dir='ltr'>contendat,</span> <span class='ocrx_word' id='word_1_299' title='bbox 1518 2860 1664 2913; x_wconf 89' lang='lat' dir='ltr'>procul</span> <span class='ocrx_word' id='word_1_300' title='bbox 1697 2872 1720 2900; x_wconf 85' lang='lat' dir='ltr'>a</span> <span class='ocrx_word' id='word_1_301' title='bbox 1753 2871 1844 2912; x_wconf 84' lang='lat' dir='ltr'>seg-</span> 
     </span>
    </p>
   </div>
   <div class='ocr_carea' id='block_1_6' title="bbox 126 2996 1844 3217">
    <p class='ocr_par' dir='ltr' id='par_1_6' title="bbox 126 2996 1844 3217">
     <span class='ocr_line' id='line_1_34' title="bbox 127 2996 1842 3042; baseline 0 -12"><span class='ocrx_word' id='word_1_302' title='bbox 127 2996 253 3041; x_wconf 87' lang='lat' dir='ltr'>eessio,</span> <span class='ocrx_word' id='word_1_303' title='bbox 281 2997 422 3031; x_wconf 83' lang='lat' dir='ltr'>similia.</span> <span class='ocrx_word' id='word_1_304' title='bbox 472 3000 503 3031; x_wconf 85' lang='lat'>4.</span> <span class='ocrx_word' id='word_1_305' title='bbox 531 2997 788 3041; x_wconf 77' lang='lat' dir='ltr'>Compellandi,</span> <span class='ocrx_word' id='word_1_306' title='bbox 815 2998 991 3041; x_wconf 78' lang='lat' dir='ltr'>monendi,</span> <span class='ocrx_word' id='word_1_307' title='bbox 1018 2998 1200 3042; x_wconf 84' lang='lat' dir='ltr'>carpendi,</span> <span class='ocrx_word' id='word_1_308' title='bbox 1228 2998 1363 3033; x_wconf 85' lang='lat' dir='ltr'>salibus</span> <span class='ocrx_word' id='word_1_309' title='bbox 1390 2998 1514 3032; x_wconf 88' lang='lat' dir='ltr'>utendi</span> <span class='ocrx_word' id='word_1_310' title='bbox 1541 2998 1656 3032; x_wconf 85' lang='lat' dir='ltr'>forma</span> <span class='ocrx_word' id='word_1_311' title='bbox 1674 3008 1715 3032; x_wconf 83' lang='lat' dir='ltr'>ac</span> <span class='ocrx_word' id='word_1_312' title='bbox 1736 2997 1842 3031; x_wconf 88' lang='lat' dir='ltr'>ratio.</span> 
     </span>
     <span class='ocr_line' id='line_1_35' title="bbox 126 3054 1844 3100; baseline -0.002 -10"><span class='ocrx_word' id='word_1_313' title='bbox 126 3059 157 3090; x_wconf 88' lang='lat'>5.</span> <span class='ocrx_word' id='word_1_314' title='bbox 184 3055 345 3089; x_wconf 87' lang='lat' dir='ltr'>Vestitus</span> <span class='ocrx_word' id='word_1_315' title='bbox 371 3055 561 3099; x_wconf 87' lang='lat' dir='ltr'>cultusque</span> <span class='ocrx_word' id='word_1_316' title='bbox 587 3057 759 3100; x_wconf 89' lang='lat' dir='ltr'>corporis.</span> <span class='ocrx_word' id='word_1_317' title='bbox 811 3060 840 3092; x_wconf 86' lang='grc'>6.</span> <span class='ocrx_word' id='word_1_318' title='bbox 868 3057 1034 3091; x_wconf 82' lang='lat' dir='ltr'>Ineessus</span> <span class='ocrx_word' id='word_1_319' title='bbox 1061 3057 1134 3091; x_wconf 86' lang='lat' dir='ltr'>sive</span> <span class='ocrx_word' id='word_1_320' title='bbox 1168 3057 1274 3091; x_wconf 89' lang='lat' dir='ltr'>unius</span> <span class='ocrx_word' id='word_1_321' title='bbox 1307 3068 1427 3092; x_wconf 86' lang='lat' dir='ltr'>secum</span> <span class='ocrx_word' id='word_1_322' title='bbox 1461 3057 1534 3091; x_wconf 88' lang='lat' dir='ltr'>sive</span> <span class='ocrx_word' id='word_1_323' title='bbox 1568 3057 1641 3090; x_wconf 81' lang='lat' dir='ltr'>una</span> <span class='ocrx_word' id='word_1_324' title='bbox 1674 3054 1844 3099; x_wconf 86' lang='lat' dir='ltr'>plurium.</span> 
     </span>
     <span class='ocr_line' id='line_1_36' title="bbox 127 3113 1842 3158; baseline -0.001 -11"><span class='ocrx_word' id='word_1_325' title='bbox 127 3115 158 3148; x_wconf 89' lang='lat'>7.</span> <span class='ocrx_word' id='word_1_326' title='bbox 185 3113 406 3157; x_wconf 84' lang='lat' dir='ltr'>Congressus</span> <span class='ocrx_word' id='word_1_327' title='bbox 438 3113 509 3157; x_wconf 86' lang='lat' dir='ltr'>ipsi</span> <span class='ocrx_word' id='word_1_328' title='bbox 541 3120 576 3149; x_wconf 90' lang='lat' dir='ltr'>et</span> <span class='ocrx_word' id='word_1_329' title='bbox 609 3115 799 3158; x_wconf 87' lang='lat' dir='ltr'>colloquia.</span> <span class='ocrx_word' id='word_1_330' title='bbox 849 3118 880 3149; x_wconf 77' lang='grc'>8.</span> <span class='ocrx_word' id='word_1_331' title='bbox 907 3115 1087 3149; x_wconf 89' lang='lat' dir='ltr'>Decorum</span> <span class='ocrx_word' id='word_1_332' title='bbox 1112 3115 1149 3149; x_wconf 87' lang='lat' dir='ltr'>in</span> <span class='ocrx_word' id='word_1_333' title='bbox 1174 3125 1308 3150; x_wconf 85' lang='lat' dir='ltr'>mensa.</span> <span class='ocrx_word' id='word_1_334' title='bbox 1358 3119 1388 3150; x_wconf 77' lang='lat'>9.</span> <span class='ocrx_word' id='word_1_335' title='bbox 1415 3113 1659 3149; x_wconf 86' lang='lat' dir='ltr'>Ministerium</span> <span class='ocrx_word' id='word_1_336' title='bbox 1686 3122 1842 3146; x_wconf 86' lang='lat' dir='ltr'>mensae.</span> 
     </span>
     <span class='ocr_line' id='line_1_37' title="bbox 131 3170 1842 3217; baseline -0.001 -11"><span class='ocrx_word' id='word_1_337' title='bbox 131 3174 170 3206; x_wconf 84' lang='lat' dir='ltr'>lo</span> <span class='ocrx_word' id='word_1_338' title='bbox 208 3170 414 3206; x_wconf 80' lang='lat' dir='ltr'>Nocturnus</span> <span class='ocrx_word' id='word_1_339' title='bbox 442 3171 640 3207; x_wconf 87' lang='lat' dir='ltr'>decubitus.</span> <span class='ocrx_word' id='word_1_340' title='bbox 692 3173 968 3207; x_wconf 77' lang='lat' dir='ltr'>Schlussmotto:</span> <span class='ocrx_word' id='word_1_341' title='bbox 1008 3170 1159 3217; x_wconf 75' lang='grc' dir='ltr'><em>Ιιάρπὸς</em></span> <span class='ocrx_word' id='word_1_342' title='bbox 1185 3173 1223 3205; x_wconf 75' lang='grc' dir='ltr'>δὲ</span> <span class='ocrx_word' id='word_1_343' title='bbox 1250 3172 1390 3216; x_wconf 71' lang='grc' dir='ltr'><em>ἀγαθός</em></span> <span class='ocrx_word' id='word_1_344' title='bbox 1416 3172 1512 3205; x_wconf 69' lang='grc' dir='ltr'><em>ἐστιν</em></span> <span class='ocrx_word' id='word_1_345' title='bbox 1545 3170 1719 3209; x_wconf 80' lang='grc' dir='ltr'><em>εὔτακτος</em></span> <span class='ocrx_word' id='word_1_346' title='bbox 1752 3170 1842 3212; x_wconf 71' lang='grc' dir='ltr'><strong><em>βίος.</em></strong></span> 
     </span>
    </p>
   </div>
  </div>
 </body>
</html>
