2164 3535
186 202 269 243 476
448 197 659 233 Beibericht
684 197 748 232 der
775 196 1205 232 Studien-Kommissare
1231 207 1295 231 zur
1320 196 1362 232 R.
1389 200 1431 231 st.
1458 206 1526 231 von
1554 199 1652 232 1832.

184 340 408 382 Rationem
448 339 684 381 habendam
725 337 983 393 suadebant,
1025 341 1116 379 tum
1149 338 1262 391 quod
1303 338 1479 379 innuere
1520 337 1688 380 videtur
1720 338 1912 382 clausula

184 415 320 458 finalis
353 415 462 457 decr.
486 415 536 456 13
561 414 711 467 Congr.
731 414 846 468 XXI,
880 416 970 454 tum
994 413 1108 467 quod
1141 413 1331 455 accidere
1352 413 1499 469 possit,
1535 413 1717 466 aliquem
1741 414 1910 467 egregia

184 491 340 533 habere
373 491 533 532 talenta
565 489 619 531 ad
651 489 944 543 Theologiam,
988 489 1087 542 quin
1120 489 1256 530 multa
1289 488 1340 530 de
1371 488 1681 531 mathematicis
1714 490 1778 531 vel
1811 489 1912 544 phy-

184 567 280 609 sicis
311 566 531 619 intelligat.
596 563 679 607 Sed
711 564 912 606 obstabat
943 564 1040 606 huic
1072 563 1225 606 favori:
1277 567 1327 606 19
1363 564 1511 619 timor,
1553 577 1605 606 ne
1637 564 1780 607 studia
1811 565 1913 619 phy-

183 642 288 684 sices
311 645 352 683 et
374 640 576 683 Mathesis
609 640 945 694 languescerent,
979 639 1013 681 si
1030 640 1207 694 juvenes
1240 640 1409 695 scirent,
1442 653 1491 682 ea
1514 639 1567 681 ad
1598 640 1907 694 promotionem

183 729 267 759 non
308 716 588 769 undecunque
621 728 713 758 esse
744 715 995 757 necessaria.
1060 716 1111 757 29
1145 715 1259 757 Rara
1291 715 1424 757 videri
1454 715 1696 769 hujusmodi
1727 715 1910 772 ingenia,

185 792 358 846 capacia
387 791 716 847 Metaphysicae,
748 791 966 845 incapacia
997 791 1216 846 Mathesis,
1250 803 1349 833 rara
1380 794 1522 833 autem
1555 803 1636 833 non
1670 804 1762 834 esse
1788 791 1909 845 juris.

184 869 236 911 3¹?
271 868 371 922 Ipsa
403 867 532 910 verba
562 879 645 919 reg.
674 868 724 909 19
759 868 781 920 ξ
808 869 825 908 ],
863 866 915 907 ad
938 865 1082 908 finem:
1115 866 1193 908 cui
1227 866 1515 919 (Provinciali)
1549 866 1692 908 nulla
1722 867 1770 908 in
1804 879 1913 910 cae-

182 944 308 986 teris
342 942 545 997 (exceptis
576 942 806 995 praeclaris
830 942 883 984 ad
916 942 1241 995 gubernandum
1274 945 1317 985 et
1348 943 1680 986 concionandum
1715 944 1907 997 talentis)

183 1018 516 1073 dispensandi
555 1018 622 1060 sit
662 1018 904 1061 facultas.
968 1018 1012 1060 Si
1055 1022 1198 1060 autem
1231 1031 1298 1061 res
1331 1019 1385 1060 ad
1418 1019 1461 1060 P.
1487 1019 1536 1061 N.
1581 1019 1801 1061 referenda
1833 1022 1910 1075 est,

183 1094 349 1137 difficile
380 1094 538 1149 poterit
567 1093 810 1148 hujusmodi
843 1094 945 1147 quid
977 1094 1018 1136 in
1047 1094 1279 1136 Provinciis
1312 1094 1550 1148 longinquis
1584 1094 1784 1145 obtineri;
1818 1108 1912 1138 sus-

181 1183 313 1225 pensa
344 1171 454 1212 enim
487 1170 687 1212 haereret
728 1169 949 1223 dispositio
982 1169 1256 1212 Provincialis
1295 1182 1371 1223 pro
1415 1182 1523 1211 anno
1563 1170 1729 1224 futuro,
1772 1171 1807 1212 si
1848 1184 1911 1214 re-

186 1259 387 1300 sponsum
411 1247 547 1288 Roma
576 1248 798 1299 expectare
821 1245 1006 1286 deberet.
1061 1244 1341 1295 Quaeritur
1371 1245 1515 1300 igitur,
1548 1245 1649 1298 quid
1672 1245 1908 1288 faciendum

183 1322 234 1364 de
255 1322 318 1374 115,
351 1322 423 1375 qui
450 1322 492 1363 in
515 1322 704 1364 examine
726 1321 949 1363 universae
970 1320 1266 1374 Philosophiae
1297 1321 1632 1363 mediocritatem
1654 1322 1695 1363 in
1720 1321 1908 1376 Physicis

182 1402 258 1440 aut
284 1397 597 1440 Mathematicis
628 1410 710 1439 non
745 1397 990 1451 superarint
1021 1400 1096 1439 aut
1125 1410 1208 1439 non
1241 1397 1473 1451 attigerint.

322 1480 372 1522 N.
397 1479 458 1522 17.
519 1479 591 1521 Ad
623 1491 720 1532 reg.
749 1480 800 1520 19
834 1480 917 1533 §4
980 1482 1147 1521 mutata
1177 1481 1353 1533 propter
1384 1479 1570 1522 rationes
1603 1479 1651 1521 N.
1681 1480 1732 1522 10
1764 1480 1848 1534 §5.

319 1555 368 1597 N.
394 1555 458 1599 18.
521 1555 584 1596 Ex
614 1554 859 1597 melioribus
892 1554 1162 1596 Editionibus
1193 1554 1390 1596 instituti.

319 1631 370 1674 N.
393 1632 461 1675 19.
522 1631 638 1672 ibid.
673 1632 758 1685 §62
820 1630 1034 1673 Omissum
1066 1630 1146 1685 hic,
1178 1631 1334 1684 legitur
1364 1631 1407 1672 in
1439 1630 1684 1673 melioribus
1717 1631 1909 1674 editioni-

180 1705 272 1748 bus.
325 1705 407 1748 Sed
439 1707 697 1749 mutavimus
732 1710 781 1750 19
815 1706 1067 1760 imponendo
1100 1719 1273 1748 examen
1303 1708 1432 1749 trium
1464 1707 1753 1760 quadrantum
1776 1707 1908 1749 horae

180 1785 356 1835 propter
385 1782 608 1825 Mathesin.
674 1783 721 1824 V.
766 1795 804 1824 n.
841 1785 904 1825 15.
979 1784 1030 1825 29
1066 1782 1309 1824 Omittendo
1348 1795 1518 1824 examen
1563 1795 1587 1824 a
1629 1782 1812 1825 secundo
1854 1782 1907 1824 ad

180 1857 355 1899 tertium
397 1869 553 1899 annum
595 1860 770 1911 propter
810 1858 995 1900 rationes
1041 1857 1248 1900 indicatas
1288 1871 1326 1899 n.
1365 1860 1430 1899 15.
1503 1859 1555 1900 39
1591 1858 1841 1913 Omisimus,
1883 1871 1907 1900 a

179 1933 388 1975 Paschate
410 1934 574 1975 initium
607 1934 698 1977 fieri
721 1935 922 1976 examinis
955 1947 1030 1987 pro
1053 1933 1369 1989 Metaphysicis,
1402 1934 1501 1986 quia
1524 1947 1673 1976 cursus
1696 1933 1905 1976 Paschate

180 2021 261 2050 non
293 2008 438 2050 finitur
469 2013 518 2051 ut
549 2010 659 2051 olim.

318 2086 368 2127 N.
392 2087 468 2129 20.
530 2087 648 2128 ibid.
680 2088 762 2140 §8
827 2087 890 2128 Ex
922 2086 1167 2128 melioribus
1200 2084 1457 2128 editionibus
1491 2084 1746 2126 desumtum.

318 2161 367 2202 N.
392 2162 456 2204 21.
517 2162 635 2203 ibid.
670 2163 754 2215 §st
816 2162 997 2215 Propter
1028 2162 1213 2204 rationes
1246 2174 1284 2202 n.
1312 2163 1363 2202 15
1397 2161 1468 2215 §4
1501 2160 1666 2202 allatas.

318 2236 367 2277 N.
392 2238 462 2280 22.
524 2238 640 2279 ibid.
676 2239 699 2292 ξ
726 2240 786 2279 12.
848 2238 1018 2279 Additio
1051 2237 1290 2280 necessaria
1321 2250 1370 2279 ex
1402 2236 1516 2280 decr.
1538 2237 1588 2278 18
1613 2236 1763 2290 Congr.
1788 2237 1903 2279 XXI.

318 2312 368 2353 N.
393 2314 464 2356 23.
525 2313 641 2355 ibid.
677 2314 790 2367 §lc
860 2312 1098 2367 Additur§
1141 2326 1190 2355 ex
1232 2315 1371 2354 mente
1415 2324 1555 2365 congr.
1580 2312 1672 2353 XX.
1716 2312 1828 2354 decr.
1852 2313 1905 2354 25

180 2388 263 2441 §L
327 2386 410 2429 Sed
443 2388 515 2441 qui
546 2388 667 2430 unice
709 2388 945 2441 theologiae
978 2388 1127 2430 morali
1167 2387 1342 2430 student
1372 2388 1551 2441 longiori
1594 2387 1774 2429 examini
1807 2387 1906 2429 sub-

174 2462 395 2519 jiciuntur,
428 2463 528 2516 quia
558 2464 759 2506 incertior
790 2464 959 2505 illorum
990 2463 1178 2505 scientia.

316 2538 366 2579 N.
390 2540 460 2582 24.
512 2539 583 2580 Ad
615 2552 712 2592 reg.
737 2540 803 2581 20.
855 2539 980 2581 Patet
1010 2539 1241 2581 necessitas
1264 2538 1389 2591 hujus
1423 2538 1594 2592 regulae
1629 2550 1677 2580 ex
1699 2538 1764 2594 iis,
1797 2550 1906 2591 quae

180 2613 359 2665 praefati
400 2626 546 2656 sumus
590 2617 632 2656 et
673 2628 723 2657 ex
765 2629 801 2658 n.
838 2616 887 2656 15
931 2615 1021 2668 §.3
1095 2614 1138 2655 Si
1178 2614 1286 2656 enim
1328 2614 1567 2656 necessaria
1608 2613 1811 2656 mathesis
1852 2613 1905 2655 ad

180 2686 418 2741 physicam,
461 2689 608 2731 audire
649 2702 741 2731 eam
784 2689 939 2731 debent
979 2689 1218 2742 philosophi
1257 2689 1391 2743 primo
1434 2701 1554 2730 anno.
1620 2689 1662 2731 Si
1704 2690 1811 2731 tanti
1843 2688 1904 2741 fit.

179 2763 515 2815 procurandum„
558 2767 607 2805 ut
637 2764 721 2806 sint
760 2764 871 2805 inter
902 2765 1081 2806 Nostros
1114 2764 1186 2816 qui
1227 2763 1403 2805 eandem
1436 2776 1530 2805 cum
1573 2763 1778 2817 dignitate
1809 2776 1906 2817 pro-

179 2836 289 2879 fiteri
320 2838 495 2890 possint.

316 2913 365 2954 N.
391 2915 460 2957 25.
521 2914 591 2955 Ad
623 2927 723 2967 reg.
750 2916 815 2956 23.
880 2914 1110 2956 Divisimus
1144 2914 1334 2967 regulam
1367 2915 1408 2955 in
1441 2918 1527 2956 tres
1551 2915 1622 2969 ἕξ,
1655 2927 1706 2956 ne
1738 2915 1904 2967 regula-

181 3001 274 3029 rum
317 2989 418 3030 ordo
461 2992 504 3031 et
545 3003 768 3046 numerus,
813 3003 921 3043 quae
953 2990 994 3031 in
1036 2990 1127 3031 aliis
1168 2989 1294 3031 etiam
1326 2989 1518 3031 Instituti
1558 2989 1660 3031 locis
1704 2990 1902 3045 citantur,

178 3063 500 3106 interturbetur.
556 3066 578 3119 ξ
605 3067 622 3106 1
659 3065 747 3118 agit
778 3066 829 3107 de
861 3066 1138 3119 grammatica
1166 3065 1454 3108 Emmanuelis
1477 3065 1634 3121 Alvari,
1668 3066 1786 3120 cujus
1819 3065 1903 3107 vim

179 3141 222 3179 et
244 3139 544 3192 proprietatem
580 3140 841 3183 retinendam
865 3154 1008 3183 omnes
1041 3143 1213 3183 censent
1243 3140 1317 3182 sed
1338 3140 1532 3183 fortassis
1565 3140 1696 3182 vitato
1719 3140 1902 3196 nomine,
