2164 3535
230 216 315 256 440
540 213 642 248 Neue
670 212 1035 256 Studienvorschlage
1062 212 1125 248 der
1150 213 1349 248 deutschen
1373 213 1527 249 Provinz
1556 218 1654 251 1830.

223 355 390 398 soribus
422 353 682 409 Provinciae,
714 366 803 395 rem
834 355 970 395 totam
1002 353 1235 397 decretorio
1262 354 1421 408 judicio
1452 355 1498 397 P.
1524 355 1574 398 N.
1600 355 1818 399 Generalis
1859 370 1954 411 pro-

224 434 412 486 poneret.

362 506 434 548 Ad
464 518 561 558 reg.
600 506 663 547 15.
727 504 805 546 Die
836 504 1069 547 vacationis
1113 505 1230 547 nulla
1267 506 1376 548 solet
1405 505 1552 548 haberi
1584 506 1727 562 lectio,
1773 507 1848 549 sed
1879 507 1957 550 hac

226 582 292 624 die
323 581 431 623 solet
461 580 608 623 haberi
639 592 861 622 consessus
894 579 1184 636 Academicus,
1217 584 1265 622 ut
1296 580 1457 623 dictum
1490 593 1620 634 supra
1652 582 1706 624 ad
1738 595 1822 636 reg.
1856 586 1890 625 1.

363 668 434 709 Ad
473 681 569 721 reg.
606 670 670 709 17.
733 667 988 710 Addendum
1032 668 1222 724 videtur,
1263 672 1312 711 ut
1352 670 1482 712 etiam
1522 670 1773 712 vernaculae
1813 669 1958 724 huius-

230 744 344 786 modi
379 743 702 786 exercitationes
733 744 986 786 habeantur.
1023 770 1073 775 —
1106 744 1307 803 ‘Ceterum
1339 745 1419 788 hae
1452 746 1773 788 exercitationes
1799 758 1960 788 accom-

229 819 465 862 modandae
497 821 597 861 sunt
628 818 682 860 ad
714 832 905 861 normam
937 819 1179 862 tentaminis
1212 820 1392 874 publici,
1425 834 1501 863 nec
1531 822 1640 864 sorte
1673 822 1714 863 in
1747 821 1960 863 facultati-

230 895 308 937 bus
341 894 630 948 superioribus
663 907 839 949 prorsus
863 895 1134 947 omittendae,
1167 908 1218 937 ne
1240 896 1474 950 pubescens
1497 897 1764 950 eloquentiae
1787 908 1958 949 germen

229 971 340 1013 inter
384 971 657 1013 scientiarum
698 972 959 1013 severiorum
1000 971 1142 1024 spinas
1182 984 1230 1014 ac
1272 971 1452 1014 tribulos
1499 973 1666 1014 omnino
1716 971 1958 1015 suffocetur.

369 1058 440 1100 Ad
472 1071 574 1111 reg.
608 1059 672 1100 18.
734 1058 783 1100 In
815 1059 972 1101 nostris
1004 1058 1247 1111 regionibus
1279 1059 1407 1100 moris
1440 1062 1518 1114 est,
1551 1063 1599 1101 ut
1630 1059 1758 1102 semel
1792 1062 1960 1101 tantum

232 1135 273 1176 in
307 1147 429 1190 anno,
462 1134 590 1188 idque
623 1135 733 1176 circa
764 1133 903 1189 finem,
936 1133 1181 1176 auditorum
1212 1133 1554 1176 elucubrationes
1587 1133 1829 1190 affigantur,
1861 1134 1962 1188 quia

234 1210 421 1264 alioquin
452 1210 606 1252 nimius
639 1212 753 1252 esset
784 1209 1091 1262 Magistrorum
1122 1209 1243 1251 labor
1274 1209 1316 1251 in
1349 1209 1609 1262 corrigendo.

609 1556 834 1624 Regulae
873 1556 1178 1606 Professoris
1218 1557 1584 1606 Humanitatis

376 1697 446 1739 Ad
479 1709 576 1750 reg.
603 1699 638 1738 1.
703 1696 810 1739 Cum
842 1696 1001 1749 gradus
1033 1696 1159 1751 hujus
1190 1696 1359 1739 scholae
1380 1696 1437 1740 sit
1458 1708 1773 1750 praeparare
1804 1696 1966 1738 solum

238 1772 585 1828 eloquentiae,
619 1775 805 1826 optatur,
838 1775 887 1814 ut
918 1772 960 1814 in
991 1772 1070 1814 hac
1101 1772 1257 1827 schola,
1289 1775 1461 1826 praeter
1491 1774 1719 1826 praecepta
1753 1770 1966 1825 generalia

239 1848 290 1891 de
332 1848 449 1905 stilo,
490 1847 718 1890 tradantur
758 1850 987 1902 praecepta
1018 1848 1218 1902 specialia
1249 1848 1361 1890 circa
1391 1847 1603 1907 faciliores
1636 1850 1728 1889 tum
1758 1847 1801 1888 in
1836 1858 1966 1901 prosa

239 1927 331 1965 tum
375 1924 417 1965 in
464 1923 655 1966 versibus
701 1923 1045 1979 exercitationes,
1097 1923 1244 1977 quales
1299 1926 1400 1965 sunt
1454 1923 1753 1978 Epigramma,
1805 1921 1966 1977 Elegia,

240 1999 399 2052 Ecloga
431 2003 529 2050 etc.;
577 1999 873 2054 Narrationes,
912 1998 1150 2054 Epistolae,
1190 1998 1413 2040 Orationes
1445 1998 1677 2062 brffi'iores:
1728 1998 1776 2038 ut
1806 1996 1965 2039 scilicet

242 2075 337 2117 dein
368 2075 595 2117 Rhetorica
626 2075 760 2116 solum
793 2074 834 2116 in
867 2074 982 2128 poesi
1014 2074 1166 2128 lyrica,
1200 2073 1434 2115 dramatica
1465 2076 1508 2115 et
1539 2073 1680 2127 epica,
1723 2075 1766 2114 et
1795 2072 1838 2113 in
1881 2071 1966 2114 elo-

245 2151 419 2204 quentia
449 2162 572 2192 sacra
604 2152 646 2192 et
677 2150 833 2191 forensi
866 2149 1062 2203 occupari
1093 2149 1239 2202 possit.
1294 2148 1416 2199 Quod
1448 2147 1618 2202 quidem
1648 2147 1690 2188 in
1722 2160 1802 2189 usu
1833 2146 1966 2189 fuisse

247 2225 360 2279 apud
383 2225 565 2279 Majores
593 2229 761 2267 nostros
793 2225 858 2266 vel
889 2224 985 2266 inde
1017 2227 1150 2280 patet,
1184 2224 1295 2277 quod
1328 2223 1407 2266 hac
1438 2223 1582 2266 schola
1612 2222 1769 2277 passim
1801 2222 1842 2264 in
1866 2221 1969 2264 Ger-

244 2301 385 2343 mania
414 2301 690 2343 Rhetorica
720 2300 882 2354 prima
914 2304 1102 2342 vocatur.

382 2376 461 2418 Hic
492 2376 619 2418 etiam
658 2376 921 2429 explicantur
952 2375 1135 2429 Eclogae
1163 2374 1328 2428 Virgilii
1364 2377 1400 2429 1,
1432 2376 1472 2429 4,
1506 2376 1545 2428 5,
1578 2375 1615 2415 9.
1652 2398 1702 2403 —
1737 2372 1969 2416 Conficien-

247 2453 325 2494 dus
358 2464 526 2507 quoque
558 2451 726 2494 videtur
756 2451 863 2493 liber
890 2453 1216 2506 praeceptorum
1238 2464 1315 2505 pro
1337 2450 1415 2492 hac
1441 2449 1597 2506 schola,
1629 2449 1692 2491 uti
1715 2452 1967 2491 annotatum

247 2528 301 2570 ad
332 2540 416 2580 reg.
453 2528 477 2569 6
509 2526 620 2570 Prof.
654 2527 775 2569 Rhet.

386 2613 459 2655 Ad
495 2627 593 2667 reg.
630 2616 667 2656 2.
737 2614 800 2657 De
843 2613 1046 2655 divisione
1090 2612 1293 2666 temporis
1335 2611 1445 2654 idem
1487 2610 1818 2666 observandum,
1858 2610 1972 2666 quod

248 2702 379 2743 supra
410 2690 463 2731 ad
494 2703 580 2743 reg.
605 2692 628 2732 2
661 2690 772 2732 Prof.
806 2689 927 2731 Rhet.
976 2689 1053 2730 Die
1084 2692 1224 2730 tamen
1257 2687 1425 2729 sabbati
1448 2699 1529 2728 non
1552 2686 1657 2728 fiunt
1680 2686 1968 2740 repetitiones,

249 2765 322 2807 sed
354 2765 484 2807 semel
514 2768 682 2806 tantum
713 2765 754 2806 in
786 2777 940 2806 mense.

387 2851 458 2893 Ad
490 2864 587 2904 reg.
621 2853 658 2893 3.
722 2852 784 2893 De
824 2851 987 2892 ratione
1027 2850 1263 2903 corrigendi
1305 2849 1553 2903 scriptiones
1595 2847 1705 2888 idem
1747 2846 1972 2888 observan-

251 2927 367 2981 dum,
401 2926 514 2981 quod
547 2939 677 2981 supra
708 2926 761 2968 ad
794 2938 878 2979 reg.
913 2929 938 2968 4
971 2926 1081 2968 Prof.
1116 2926 1237 2967 Rhet.
1271 2928 1314 2966 et
1345 2937 1430 2977 reg.
1464 2924 1632 2965 21—24
1666 2921 1824 2964 Comm.
1858 2920 1970 2964 Prof.

253 3002 383 3044 Class.
416 3002 535 3044 infer.

390 3076 461 3118 Ad
493 3089 591 3127 reg.
616 3078 653 3118 5.
708 3075 828 3126 Quod
861 3076 927 3118 hic
959 3075 1141 3118 habetur
1172 3075 1223 3117 de
1254 3074 1387 3116 latina
1417 3073 1574 3127 lingua,
1606 3072 1718 3115 idem
1749 3072 1971 3114 dicendum

254 3151 420 3193 videtur
452 3151 504 3193 de
535 3152 679 3204 lingua
710 3151 948 3193 vernacula.
