2164 3535
732 218 807 252 Das
833 216 1095 252 Theresianum
1120 215 1156 250 in
1183 215 1300 251 Wien.
1793 217 1871 259 341

292 361 432 402 Datur
472 359 602 413 ratio,
643 371 719 401 cur
756 357 964 399 cadavera
1005 355 1219 410 innatent,
1261 366 1337 396 cur
1376 366 1504 396 naves
1537 354 1664 396 etiam
1696 356 1875 396 onustae

155 448 237 477 non
270 439 539 488 mergantur,
582 433 696 487 quod
729 431 999 474 Archimedes
1031 431 1072 472 in
1105 429 1301 472 Hieronis
1335 429 1501 471 Corona
1532 428 1744 470 Fraudem
1777 428 1877 470 arti-

154 509 242 552 ficis
274 509 490 552 detexerit.

763 701 835 742 De
874 698 1265 741 electricitate.

293 794 416 837 Unde
457 793 641 835 nomen‘?
689 805 798 845 quae
830 791 1020 833 Historia
1052 791 1383 833 Electricitatis‘?
1445 790 1555 841 Quid
1595 790 1876 844 primigenia?

154 869 256 923 quid
288 868 629 911 communicata?
661 880 770 921 quae
801 867 1029 921 praecipua
1061 865 1350 907 electricitatis
1383 865 1705 918 phaenomena‘.>
1768 865 1879 916 Quid

153 944 306 986 flumen
340 943 614 986 electricum‘?

827 1136 1200 1179 Assertiones.

293 1231 594 1274 Electricitatis
626 1229 798 1271 effectus
830 1229 964 1283 repeti
996 1221 1213 1282 nequeunt
1244 1229 1296 1271 ab
1329 1233 1449 1283 aere,
1488 1240 1625 1280 neque
1658 1241 1683 1269 a
1713 1227 1878 1280 vapori-

154 1307 233 1349 bus
266 1306 426 1362 aqueis‚
458 1318 594 1358 neque
627 1317 651 1346 a
682 1304 861 1346 materia
892 1304 1143 1359 magnetica,
1176 1304 1250 1346 sed

299 1381 335 1422 A
373 1381 551 1423 materia
588 1380 785 1423 continua
816 1380 939 1432 ignea
971 1379 1256 1421 exhalationes
1287 1377 1706 1431 acido-sulphureas
1738 1389 1882 1419 secum

156 1457 344 1499 vehente.

294 1531 590 1574 Phaenomena
620 1531 823 1585 pleraque
845 1530 1110 1584 explicantur
1132 1543 1208 1583 per
1231 1529 1439 1582 duplicem
1463 1530 1716 1577 torrentem3
1750 1539 1882 1567 unum

157 1620 241 1660 quo
284 1608 462 1649 materia
502 1607 584 1650 ista
622 1620 670 1649 ex
704 1619 878 1660 corpore
911 1606 1105 1648 electrico
1139 1618 1215 1659 per
1246 1605 1468 1647 fasciculos
1501 1603 1718 1645 radiorum
1750 1601 1884 1643 diver-

157 1682 343 1735 gentium
377 1682 554 1737 prosilit,
587 1682 769 1724 alterum
802 1693 886 1734 quo
919 1681 1010 1734 ejus
1044 1681 1208 1733 generis
1236 1679 1415 1721 materia
1437 1692 1484 1721 ex
1508 1683 1618 1728 aereq
1653 1676 1883 1729 vicinisque

157 1756 403 1810 corporibus
436 1756 582 1799 affluit.

903 1973 971 2014 De
1010 1985 1143 2015 sono.

811 2053 1227 2105 Quaestiones.

299 2159 407 2210 Quid
446 2171 574 2201 sonus
607 2162 735 2212 prout
773 2158 814 2198 in
857 2157 1104 2211 corporibus
1137 2155 1333 2198 sonoris?
1380 2154 1481 2207 quid
1513 2157 1640 2208 prout
1671 2153 1714 2194 in
1747 2152 1885 2195 medio

158 2238 419 2289 propagatus
432 2235 451 2275 5>

298 2310 406 2361 Quid
438 2321 567 2352 sonus
601 2308 815 2351 directus?
848 2307 950 2360 quid
984 2306 1191 2348 reflexus‘.>

304 2385 421 2436 Quae
452 2385 543 2427 soni
577 2384 796 2426 celeritas‘.>
856 2382 978 2425 Unde
1012 2381 1222 2434 augetur?

301 2460 410 2511 Quid
441 2460 545 2501 tuba
576 2459 810 2501 stentoria‘?
853 2470 961 2511 quae
995 2455 1218 2498 methodus
1251 2454 1410 2508 optima
1442 2454 1549 2495 hanc
1581 2453 1886 2495 construendi?

301 2534 409 2585 Quid
441 2534 570 2576 echo‘?
630 2534 753 2577 Unde
786 2532 900 2575 Echo
934 2530 1220 2585 Monophona‚
1251 2529 1527 2583 Polyphona‘?

302 2610 408 2652 Item
438 2608 731 2663 Monosyllaba
763 2611 805 2650 et
836 2606 1139 2661 Polysyllaba‘?

838 2825 1214 2868 Assertiones.

305 2923 442 2965 Sonus
483 2922 525 2963 in
566 2921 669 2975 ipsis
710 2919 955 2973 corporibus
1001 2920 1218 2971 spectatus
1260 2915 1453 2958 consistit
1483 2915 1525 2955 in
1557 2917 1675 2955 motu
1707 2912 1889 2954 tremulo

168 3000 355 3054 partium
387 2997 654 3039 minimarum
686 2995 968 3038 elasticarum.

309 3073 446 3116 Sonus
485 3072 527 3113 in
568 3071 704 3114 medio
748 3072 966 3123 spectatus
1007 3071 1072 3110 est
1113 3068 1252 3108 motus
1293 3064 1501 3108 tremulus
1534 3068 1576 3105 et
1607 3061 1888 3105 oscillatorius

174 3150 280 3192 aeris
314 3148 517 3201 analogus
549 3147 714 3200 corpori
746 3157 909 3188 sonoro.
