2164 3535
287 273 339 314 (38
679 270 929 315 Stundenplan
956 270 993 305 in
1019 270 1083 305 der
1107 268 1433 305 osterreichischen
1461 269 1624 305 Provinz.

288 411 440 454 Omnia
471 414 612 454 autem
645 414 929 465 attemperare
962 411 1014 453 ad
1046 422 1277 464 puerorum
1310 410 1494 463 genium,
1527 424 1609 465 quo
1642 411 1869 454 alacriores
1892 424 1937 454 se
1961 412 2014 454 ad

287 486 493 540 eiusmodi
526 487 848 529 exercitationes
882 486 1128 540 praebeant,
1162 488 1304 541 atque,
1346 486 1405 528 uti
1439 499 1505 528 res
1538 488 1756 541 postulare
1788 487 2012 542 videbitur,

286 562 498 604 moderari
532 562 582 604 de
614 562 825 604 sententia
847 562 1086 615 Superioris
1110 561 1336 615 oportebit,
1368 561 1580 615 hujusque
1605 563 1663 605 rei
1688 563 1827 616 gratia
1850 566 2013 616 (quem-

287 637 515 679 admodum
556 650 631 691 per
672 638 863 690 regulam
895 638 919 679 8
954 637 1078 679 Acad
1117 636 1259 678 Graiu.
1294 639 1533 691 monemur)
1577 650 1652 680 eae
1691 639 2012 681 exercitationes

286 713 464 767 proponi
505 714 564 767 (et
604 713 778 765 variari)
823 712 999 767 debent,
1040 725 1148 766 quae
1187 712 1247 754 ita
1279 712 1507 755 utilitatem
1539 712 1725 755 habeant
1757 714 2014 770 adjunctam,

287 792 334 830 ut
375 790 524 841 gratae
565 787 693 829 etiam
733 791 775 830 et
813 787 990 830 decorae
1032 788 1138 844 sint,
1181 800 1264 842 quo
1298 788 1432 841 magis
1465 801 1514 831 ea
1546 789 1765 842 voluptate
1796 789 2015 832 Academi-

287 876 432 906 corum
464 864 591 905 animi
624 863 676 905 ad
709 862 852 906 studia
883 864 1123 906 incitentur.

424 951 562 993 Festis
595 951 644 993 D.
680 950 948 1004 Catharinae,
979 950 1227 992 Nativitatis
1252 950 1423 1001 Christi,
1456 950 1644 992 Paschae
1676 954 1719 992 et
1740 951 2012 994 Pentecoste-S

286 1028 325 1068 in
359 1027 457 1069 aula
488 1026 706 1081 Gymnasii
738 1026 952 1068 habentur
984 1025 1310 1068 declamationes
1350 1025 1543 1078 publicae
1584 1038 1632 1067 ac
1673 1026 1888 1081 solennes,
1930 1039 2013 1068 non

285 1102 409 1144 modo
442 1115 466 1144 a
496 1102 761 1156 Rhetoricae,
794 1114 941 1143 verum
975 1101 1101 1142 etiam
1135 1100 1187 1141 ab
1216 1100 1505 1142 Humanitatis
1538 1101 1732 1157 alumnis,
1766 1114 2011 1156 quanquam

285 1179 387 1221 locis
435 1177 690 1231 quibusdam
728 1176 1009 1218 Humanistae
1056 1189 1138 1218 non
1187 1175 1426 1218 declamant
1475 1177 1600 1219 Festo
1650 1177 1698 1218 D.
1744 1177 2010 1220 Catharinae.

286 1254 412 1296 Festo
445 1258 587 1296 autem
608 1253 879 1294 Pentecostes
912 1255 1002 1293 tuin
1026 1252 1179 1293 Latina
1212 1253 1347 1293 oratio
1380 1265 1404 1293 a
1427 1251 1697 1305 Rhetoribus,
1731 1257 1823 1294 tum
1847 1252 2010 1295 Graeca

286 1329 501 1372 recitatur.
565 1328 772 1381 (Consuet
818 1328 938 1369 Prov.
973 1340 1005 1369 c.
1031 1331 1054 1369 6
1087 1341 1125 1369 n.
1153 1330 1237 1380 10.)

291 1738 691 1812 Stundenplan
729 1739 820 1792 fiir
850 1739 942 1792 die
974 1736 1333 1812 Gymnasien
1366 1736 1465 1793 der
1495 1739 2012 1793 osterreichischen

1023 1844 1280 1898 ProvinZ.

666 1955 904 1999 (Wagner,
931 1954 1148 1991 Instructio
1175 1954 1330 2000 privata
1354 1965 1394 2000 p.
1413 1955 1645 2000 265—274.)

428 2083 514 2124 Der
558 2082 781 2126 beriihmte
823 2083 1265 2126 Geschichtschreiber
1310 2083 1385 2125 der
1428 2084 1581 2126 Kaiser
1623 2082 1811 2136 Leopold
1845 2083 1876 2125 Ι.
1927 2083 2012 2125 und

290 2158 449 2211 Joseph
482 2158 529 2212 L,
563 2158 606 2199 P.
642 2159 778 2200 Franz
805 2159 992 2211 Wagner
1025 2159 1134 2212 (geb.
1171 2160 1278 2200 1675
1312 2173 1365 2200 zu
1390 2159 1579 2210 Wangen
1614 2157 1894 2212 [Schwaben],
1928 2158 2012 2200 ein-

290 2237 481 2287 getreten
516 2234 644 2284 1690,
679 2237 784 2286 gest.
822 2234 971 2287 1738),
1013 2233 1104 2275 liess
1136 2234 1191 2275 im
1224 2234 1355 2276 Jahre
1391 2235 1497 2276 1735
1532 2247 1713 2288 anonym
1746 2233 2011 2276 erscheiuen:

290 2309 518 2351 Instructio
551 2309 719 2363 privata
749 2322 825 2351 seu
857 2312 983 2363 typus
1009 2322 1157 2351 cursus
1181 2310 1310 2351 annui
1334 2322 1409 2363 pro
1435 2323 1507 2352 sex
1528 2309 1847 2351 humanioribus
1871 2308 2014 2351 classi-

290 2384 368 2426 bus
407 2384 448 2426 in
488 2397 612 2426 usum
654 2384 956 2437 magistrorum
1001 2384 1090 2427 Soc.
1125 2385 1230 2427 Jesu
1271 2385 1410 2426 editus
1447 2384 1707 2438 (Tyrnaviae
1743 2386 1875 2439 1735,
1922 2385 2010 2426 120.

292 2460 373 2501 274
406 2463 477 2512 p.).
542 2460 634 2501 Wie
666 2473 709 2502 es
742 2460 782 2501 in
817 2460 891 2502 der
923 2460 1113 2502 Vorrede
1144 2460 1293 2512 heil'st‚
1327 2460 1542 2502 wiinschte
1574 2473 1669 2502 man
1702 2460 1741 2501 in
1775 2459 1851 2502 der
1881 2463 2013 2502 oster-

291 2534 548 2576 reichischen
581 2535 760 2577 Provinz
805 2535 992 2588 grossere
1036 2535 1205 2577 Einheit
1247 2536 1303 2576 im
1348 2534 1580 2589 Lehrstoff,
1622 2536 1663 2577 in
1702 2535 1778 2577 der
1814 2535 2013 2577 Methode

290 2610 375 2650 und
408 2610 449 2650 iu
482 2610 575 2651 dem
609 2610 914 2664 Stundenplan.
979 2611 1145 2653 Diesem
1181 2610 1393 2652 Wunsche
1424 2609 1784 2652 nachzukommen
1819 2622 1906 2651 war
1938 2610 2013 2652 der

290 2684 438 2726 Zweck
471 2684 545 2726 der
567 2685 796 2727 Instructio
828 2686 1007 2739 privata.
1063 2685 1454 2737 »Quemadmodum
1489 2686 1629 2728 variae
1651 2685 1898 2728 Provinciae
1929 2685 2012 2738 pri-

291 2762 410 2801 vatas
432 2759 740 2803 Instructiones
772 2774 848 2815 pro
880 2761 1095 2815 magistris
1126 2774 1276 2815 nempe
1307 2760 1360 2803 ad
1387 2760 1572 2803 rationes
1595 2773 1770 2802 suarum
1792 2760 2011 2813 regionum

292 2834 585 2876 accomodatas
619 2834 854 2891 confecere,
893 2836 953 2878 ita
984 2849 1006 2878 e
1039 2836 1106 2879 Su
1118 2837 1393 2890 periorum
1425 2836 1772 2890 praescripto
1805 2834 2010 2877 adumbro

291 2909 513 2961 nonnulla,
555 2922 663 2962 quae
704 2913 875 2953 nostrae
907 2912 1152 2954 Provinciae
1183 2911 1399 2964 Magistris
1443 2924 1537 2953 cum
1580 2910 1634 2953 ad
1673 2910 1830 2953 laboris
1874 2910 2012 2952 suble-

291 2987 548 3039 vamentum,
581 2989 671 3026 tum
703 2984 880 3028 Scholae
912 2987 1113 3040 maj0rem
1145 2987 1372 3029 utilitatem
1405 2986 1499 3028 usui
1532 2998 1623 3029 esse
1653 2986 1856 3040 possint<
1922 2986 2012 3028 Wir

293 3058 428 3101 haben
472 3072 515 3101 es
558 3059 647 3101 also
686 3059 777 3103 hier
808 3061 885 3102 mit
916 3062 1030 3103 einer
1062 3061 1281 3104 offiziellen
1314 3061 1518 3103 Didaktik
1550 3060 1619 3102 fiir
1650 3061 1717 3103 die
1749 3060 2011 3104 osterreichi—

292 3134 419 3176 schen
451 3134 885 3177 Jesuiten-Anstalten
917 3149 969 3176 zu
1002 3136 1120 3178 thun.
1184 3137 1275 3179 Von
1308 3136 1352 3177 P.
1378 3136 1564 3189 Wagner
1594 3136 1654 3178 sei
1686 3136 1776 3178 hier
1806 3136 1912 3179 noch
1945 3136 2009 3178 ein

293 3208 353 3250 oft
385 3209 637 3262 gedrucktes
663 3211 791 3252 Werk
824 3215 1029 3264 genannt:
1065 3212 1296 3255 Universae
1318 3211 1644 3264 Phraseologiae
1675 3211 1831 3254 latinae
1856 3223 2009 3268 corpus
