2164 3535
453 195 703 231 Gemeinsame
729 195 1064 239 Convictsordnung
1088 193 1153 230 der
1177 198 1305 229 osterr.
1333 194 1484 229 Provinz
1514 197 1610 231 1654.
1805 199 1887 240 263

170 333 311 387 quoad
343 333 433 376 fieri
464 337 625 388 potest,
658 336 880 388 expectare
917 333 1074 375 faciant
1105 333 1337 389 Praefecti,
1370 334 1609 387 usquedum
1643 336 1887 388 congregati

171 408 312 463 simul,
345 408 537 451 ordinate
567 409 687 450 iuxta
718 409 916 451 classium
948 408 1238 463 differentiam,
1272 409 1442 450 domum
1473 408 1660 451 redeant.

309 496 361 536 22
408 495 474 536 Ad
505 498 672 549 portam
705 495 854 537 domus
876 495 1083 538 neminem
1115 496 1205 538 sine
1236 507 1435 548 expressa
1466 507 1544 537 sua
1574 495 1744 538 licentia
1774 508 1888 538 acce-

169 569 270 612 dere
299 569 559 622 permittent.

307 656 374 697 23.
408 655 452 698 Si
485 656 580 708 quis
612 668 688 709 per
719 659 884 698 noctem
925 655 1085 708 absque
1124 656 1292 698 licentia
1334 659 1547 712 emaneat,
1587 656 1725 710 prima
1765 656 1887 711 [vice]

169 729 287 772 humi
318 730 574 772 comestione
605 730 647 771 in
679 743 787 784 pane
818 733 861 772 et
892 742 1005 783 aqua
1036 730 1289 782 castigetur;
1327 731 1362 772 si
1403 731 1539 773 altera
1570 731 1677 786 vice,
1718 744 1889 774 succur-

168 804 344 847 rendum
385 804 439 846 ad
470 805 515 846 P.
549 805 795 859 Rectorem,
838 817 939 846 num
979 804 1255 857 reiJciendus,
1298 809 1339 847 et
1377 805 1430 846 ad
1462 806 1681 848 minimum
1720 807 1889 860 publica

169 879 390 933 disciplina
420 879 672 933 puniendus.
734 879 878 921 Tertia
909 879 1095 921 emansio
1127 879 1335 921 infallibili
1368 880 1569 923 eiectione
1600 881 1824 934 plectatur.

308 968 375 1008 24.
408 965 507 1008 Pari
539 966 704 1008 ratione
736 965 985 1019 corrigenda
1017 969 1080 1007 est
1111 966 1248 1020 prima
1279 970 1322 1008 et
1352 967 1537 1009 secunda
1558 968 1775 1020 percussio
1798 981 1892 1021 gra—

168 1040 230 1083 vis
267 1043 310 1083 et
348 1053 515 1096 pugna,
557 1040 808 1094 praesertim
850 1040 1115 1083 tumultuosa
1155 1041 1355 1097 nimium,
1395 1042 1457 1083 uti
1499 1045 1540 1084 et
1580 1041 1732 1095 reliqui
1769 1055 1891 1086 casus

167 1115 530 1170 indispensabiles.

308 1204 374 1244 25.
417 1202 768 1245 Exhortationem
801 1203 966 1255 Regens
998 1202 1040 1243 in
1072 1214 1181 1244 anno
1214 1205 1280 1244 ter
1310 1202 1439 1245 faciat
1469 1215 1544 1245 seu
1578 1202 1892 1259 conferentiam,

168 1278 286 1321 initio
317 1290 375 1320 sc.
405 1276 659 1332 studiorum,
692 1277 734 1318 in
758 1277 1093 1330 Quadragesima
1125 1280 1168 1319 et
1198 1277 1311 1319 intra
1342 1277 1505 1321 Pascha
1536 1282 1579 1320 et
1599 1278 1891 1321 Pentecosten.

306 1366 373 1406 26.
423 1363 582 1414 Quodsi
624 1364 916 1416 praeterlapso
964 1376 1047 1405 uno
1096 1377 1239 1406 mense
1286 1365 1440 1407 solutio
1483 1365 1764 1406 Alumnorum
1810 1378 1892 1406 non

168 1440 298 1482 fuerit
329 1441 490 1493 secuta,
525 1437 575 1480 de
607 1437 686 1479 hoc
714 1438 758 1479 P.
783 1438 1006 1480 Rectorem
1039 1440 1435 1490 commonefacient3
1469 1440 1503 1482 si
1536 1443 1634 1493 post
1664 1440 1893 1491 trimestre,

167 1514 305 1568 ipsum
336 1514 382 1555 P.
405 1512 711 1555 Provincialem
743 1513 972 1555 admonere
1003 1514 1229 1567 oportebit,
1262 1517 1311 1556 ut
1332 1515 1622 1570 provideatur,
1654 1528 1756 1557 num
1789 1515 1895 1557 ulte-

169 1589 258 1632 rius
288 1589 331 1631 in
362 1586 661 1630 Alumnatibus
694 1588 915 1630 retinendi.

308 1678 375 1717 27.
425 1675 533 1718 Sede
564 1674 785 1717 Pontificia
816 1678 1013 1731 vacante,
1057 1688 1150 1718 cum
1193 1689 1275 1718 non
1318 1680 1464 1719 currat
1504 1677 1659 1719 solutio
1692 1676 1895 1719 Gamerae

170 1750 436 1806 Pontificiae,
477 1751 618 1792 nullus
660 1750 713 1792 ad
746 1750 1023 1792 Alumnatum
1042 1751 1072 1804 ¹)
1105 1752 1400 1806 suscipiendus
1432 1752 1531 1802 erit;
1574 1752 1625 1794 de
1657 1752 1749 1805 alijs
1782 1764 1895 1803 vero,

169 1827 240 1880 qui
272 1830 371 1868 actu
402 1828 503 1868 sunt
534 1826 575 1867 in
606 1825 862 1881 AIumnatu,
903 1827 1123 1869 conferant
1164 1840 1259 1870 cum
1292 1828 1337 1871 P.
1372 1827 1573 1882 Rectore,
1614 1826 1717 1880 quid
1749 1826 1805 1868 sit
1835 1826 1895 1868 fa-

170 1900 365 1944 ciendum
396 1912 470 1943 seu
503 1900 726 1954 agendum.

311 1987 378 2030 28.
427 1986 587 2037 Quodsi
620 1989 834 2029 certarum
866 1986 1163 2030 fundationum
1192 1989 1196 2042 Ι
1224 1988 1447 2042 pensiones
1481 2001 1646 2031 annuae
1677 2001 1759 2030 non
1792 1988 1896 2030 acci-

170 2062 364 2117 pientur,
410 2061 649 2103 dimittendi
692 2064 817 2103 erunt
860 2062 885 2116 ij
920 2063 1113 2118 Alumni,
1147 2063 1219 2116 qui
1251 2063 1547 2106 fundationum
1579 2063 1773 2106 censibus
1814 2063 1897 2105 ale-

169 2137 348 2187 bantur3
397 2137 478 2179 erit
523 2140 664 2179 tamen
711 2137 791 2180 hoc
837 2137 1090 2180 haeredibus
1138 2139 1435 2181 fundationum
1482 2139 1806 2193 insinuandum,
1853 2141 1896 2180 et

171 2211 360 2265 urgenda
402 2225 426 2254 a
468 2212 511 2253 P.
554 2213 743 2266 Regente
783 2213 962 2269 solutio,
1008 2227 1060 2256 ne
1101 2215 1349 2257 fundatores
1391 2228 1469 2258 sua
1507 2216 1620 2258 facta
1663 2214 1896 2256 intentione

168 2287 434 2331 fraudentur.

308 2376 374 2415 29.
423 2373 652 2427 Nunquam
684 2374 772 2416 sive
804 2374 857 2416 ad
890 2387 1062 2418 censum
1095 2375 1181 2418 sive
1212 2376 1302 2418 sine
1334 2388 1462 2418 censu
1494 2379 1690 2418 mutuum
1723 2379 1765 2417 et
1797 2375 1894 2417 alie-

168 2463 268 2492 num
303 2450 430 2492 etiam
464 2448 515 2491 de
545 2448 716 2491 licentia
750 2450 941 2492 Rectoris
974 2450 1205 2505 accipiant,
1238 2450 1316 2493 nisi
1349 2451 1553 2504 scriptam
1585 2451 1649 2493 vel
1681 2450 1893 2493 firmatam

167 2537 296 2567 manu
329 2523 520 2567 Rectoris
551 2523 736 2566 habeant
767 2523 1026 2567 facultatem.

306 2611 371 2652 30.
421 2610 547 2653 Initio
582 2611 767 2653 cuiusvis
812 2612 909 2654 anni
952 2612 995 2653 P.
1031 2613 1252 2655 Rectorem
1296 2612 1495 2655 accedent
1537 2612 1708 2666 Collegij
1754 2625 1886 2654 mone-

169 2685 385 2741 buntque,
439 2689 487 2728 ut
537 2685 656 2728 iuxta
704 2686 1012 2728 ordinationem
1057 2687 1105 2729 R.
1155 2687 1198 2728 P.
1247 2687 1521 2729 Provincialis
1570 2687 1890 2729 Convictoribus

168 2760 340 2813 regulas
383 2760 436 2802 ab
477 2759 542 2802 his
585 2760 872 2802 observandas
916 2772 1011 2803 cum
1053 2761 1220 2804 casibus
1262 2762 1512 2804 exclusionis
1554 2762 1795 2817 praelegat,
1843 2774 1890 2803 ac

172 2847 313 2877 secum
348 2837 391 2876 et
421 2847 515 2877 cum
548 2835 780 2878 Praefectis
812 2836 1008 2889 proprias
1040 2836 1209 2889 regulas
1242 2837 1432 2879 revideat
1471 2839 1513 2879 et
1545 2837 1595 2879 de
1636 2839 1753 2879 statu
1786 2836 1891 2878 Con-

167 2909 304 2952 victus
336 2908 536 2952 conferat.

306 3070 333 3112 1)
358 3069 401 3105 D.
427 3069 462 3104 h.
488 3069 526 3105 in
551 3069 609 3105 die
635 3069 865 3115 papstlichen
895 3070 1101 3117 Alumnate,
1127 3070 1237 3107 deren
1262 3071 1401 3107 Kosten
1426 3081 1505 3106 vom
1531 3070 1665 3115 Papste
1691 3070 1803 3106 selbst
1828 3070 1887 3105 be-

167 3127 310 3163 stritten
335 3127 492 3163 wurden.
