2164 3535
279 262 330 302 18
521 259 649 314 UCatal.
677 264 816 304 perpet.
845 260 965 294 Germ.
994 260 1079 303 Sup.
1111 263 1277 296 1602—4.
1329 260 1598 304 Philologische
1624 261 1754 296 Hilfsb.

317 611 687 666 Verzeichnis
753 611 1210 684 philologischer
1279 610 1654 664 Hilfsbiicher
1725 611 1816 665 fiir
1882 613 1972 666 die

361 716 647 787 jungerer]
692 714 957 785 Magistri
1003 715 1103 768 der
1147 714 1607 768 oberdeutschen
1657 715 1916 770 Provinz.

1050 816 1241 880 (1604)

780 918 851 962 (A.
902 917 948 954 G.
997 918 1116 952 xm.
1166 917 1213 953 U.
1264 917 1302 952 b.
1353 926 1386 952 s.
1436 920 1502 961 p.)

590 1011 745 1053 Index
777 1011 955 1052 horum
987 1010 1256 1059 librorum,
1290 1011 1374 1063 qui
1406 1023 1501 1052 non
1533 1011 1698 1053 solum

592 1087 969 1139 praelectiones
1002 1086 1049 1126 in
1082 1085 1271 1128 scholis
1304 1085 1574 1136 adiuuant,

313 1161 405 1202 sed
444 1161 608 1202 etiam
647 1162 943 1214 plurimum
983 1162 1278 1202 conferunt
1317 1160 1380 1202 ad
1418 1160 1791 1202 eruditionem
1832 1172 1973 1201 com-

986 1234 1293 1288 parandam.

415 1362 658 1415 Onuphrins
706 1362 923 1403 Panuinus
971 1361 1022 1403 (le
1066 1361 1176 1403 ludis
1224 1361 1512 1409 Circensibns3
1560 1361 1611 1403 de
1650 1361 1903 1415 Triumphis.
1960 1386 2006 1390 —

275 1438 390 1479 Petri
423 1438 550 1479 Fabri
583 1437 814 1479 Sernestria
845 1440 887 1478 et
918 1437 1176 1489 Agonistica.
1231 1462 1280 1467 -—
1331 1437 1507 1478 Joannis
1540 1437 1685 1478 Rosini
1718 1437 2007 1490 Antiquitates

276 1514 502 1554 Romanae.
558 1537 607 1541 —
662 1511 759 1553 Jani
793 1511 967 1553 Gruteri
1001 1512 1136 1553 Notae
1169 1512 1457 1554 Romanorum
1492 1516 1692 1554 veterum.
1764 1512 1870 1553 Item
1903 1512 2008 1554 The-

277 1601 428 1630 saurus
462 1588 644 1629 Criticus
687 1588 774 1629 sive
814 1587 978 1640 lampas
1012 1590 1087 1628 aut
1118 1586 1186 1628 fax
1219 1587 1388 1628 artium.
1445 1611 1494 1617 -
1547 1586 1771 1628 Barnabae
1802 1587 2005 1641 Brissonij

274 1663 492 1704 formulae.
544 1688 593 1692 —
642 1661 882 1703 Alexander
913 1661 965 1703 ab
998 1661 1247 1703 Alexandris
1282 1674 1375 1702 cum
1408 1661 1661 1714 Tiraquello.
1718 1687 1760 1691 —
1817 1661 2006 1715 Gyralda

275 1740 556 1792 syntagmata.
624 1763 672 1767 —
737 1736 935 1778 Guilelmi
981 1737 1258 1789 antiquitates
1306 1736 1618 1778 Conuiuialium
1665 1740 1708 1778 et
1753 1736 1898 1779 Sacris.
1955 1762 2004 1768 —-

276 1813 460 1854 Turnebi
493 1813 753 1854 aduersaria.
795 1837 838 1841 —
876 1813 1065 1853 Lazarus
1099 1811 1259 1853 Baifius
1294 1812 1344 1853 de
1376 1825 1421 1853 re
1451 1812 1594 1853 nauali
1627 1815 1669 1853 et
1707 1812 1918 1854 vestiaria.
1953 1838 2006 1842 —

275 1888 391 1929 Petri
422 1888 596 1941 Victorij
632 1888 773 1929 variae
805 1887 1018 1929 lectiones.
1081 1910 1136 1915 ——
1199 1887 1253 1928 M.
1288 1887 1385 1927 Ant.
1420 1886 1576 1928 Mureti
1609 1887 1752 1929 variae
1789 1887 2003 1929 lectiones.

278 1989 327 1993 —
373 1964 539 2005 Caelius
581 1962 856 2015 Rhodiginus.
913 1986 961 1990 ——
1015 1961 1164 2014 Angeli
1204 1961 1401 2003 Politiani
1444 1961 1724 2004 Miscellanea.
1783 1986 1833 1992 —
1887 1962 2006 2004 Publ.

276 2040 473 2081 Aurelius
507 2039 663 2081 Victor.
716 2064 765 2068 -
816 2038 1056 2092 Cyauonius
1089 2038 1140 2079 (le
1173 2038 1382 2079 Triclinio.
1434 2062 1483 2067 ——
1534 2038 1693 2079 Plinius
1726 2041 1919 2091 uterque.
1958 2063 2002 2067 —

276 2114 529 2156 Ottomanus
569 2114 620 2155 de
663 2127 707 2156 re
746 2113 954 2155 numaria.
1009 2138 1058 2143 —
1113 2113 1178 2155 Jo.
1212 2113 1406 2155 Mariana
1447 2113 1498 2155 de
1529 2113 1729 2166 eadem¹).
1787 2139 1837 2144 —
1891 2113 2008 2155 Cleo-

275 2194 399 2242 patra
436 2189 486 2231 de
525 2189 683 2231 eadem.
747 2214 799 2218 —
862 2189 997 2230 Lucas
1040 2189 1196 2230 Paetus
1240 2188 1291 2229 <le
1335 2188 1542 2230 mensuris
1586 2192 1627 2230 et
1665 2188 1839 2241 ponder.
1884 2189 2003 2230 Rom.

276 2267 318 2305 et
350 2264 536 2306 Graecis.
603 2289 656 2294 ——
719 2263 975 2306 Censorinus
1018 2263 1069 2304 de
1113 2263 1179 2304 die
1221 2263 1365 2304 natali.
1431 2288 1481 2293 —-
1545 2263 1759 2305 Historiae
1790 2263 2006 2305 Romanae

276 2339 516 2392 scriptores.
569 2365 617 2368 κ
666 2338 806 2380 Julius
841 2338 998 2380 Caesar
1031 2337 1336 2391 Bulengerus'2)
1377 2338 1428 2379 de
1460 2338 1665 2387 Theatro,
1707 2338 1852 2391 spolijs
1891 2338 2006 2380 belli-

277 2414 357 2462 cis,
411 2414 662 2467 Trophaeis,
712 2414 762 2455 (le
810 2414 993 2455 arcubus
1040 2413 1388 2466 triumphalibus,
1437 2412 1488 2454 (le
1535 2412 1654 2454 Circo
1695 2414 1905 2465 Romano,
1955 2413 2006 2454 de

276 2490 498 2531 venatione
536 2489 657 2531 Circi.
721 2515 774 2519 —
835 2489 1000 2531 Natalis
1040 2489 1214 2531 Comitis
1247 2488 1518 2542 Mythologia.
1584 2514 1632 2519 —
1696 2487 1792 2529 Aldi
1823 2487 2002 2541 Manutij

278 2564 509 2619 [Iunioris]
550 2565 751 2615 Quaesita
789 2578 865 2618 per
903 2564 1151 2619 Epistolam.
1219 2589 1268 2595 -—
1331 2565 1379 2605 A.
1413 2563 1587 2605 Gellius.
1650 2587 1704 2594 ——
1764 2562 2004 2605 Macrobius

416 2728 441 2769 ¹)
466 2725 653 2760 Johannes
679 2724 847 2759 Mariana
881 2725 914 2759 S.
939 2725 972 2758 Jv
1006 2727 1132 2769 (1537,
1162 2727 1265 2768 1554,
1303 2726 1408 2767 1624)
1444 2723 1586 2758 sehrieb
1622 2724 1675 2758 De
1710 2723 1935 2758 Ponderibus
1969 2728 2004 2757 et

277 2784 458 2818 Mensuris
484 2783 601 2817 Toleti
632 2786 734 2819 1599;
769 2783 861 2817 auch
896 2783 975 2817 dem
1002 2782 1165 2816 Mainzer
1191 2782 1412 2816 Nachdruck
1448 2782 1565 2816 seines
1592 2782 1735 2815 Buches
1762 2781 1815 2815 De
1842 2781 1940 2825 Rege
1969 2786 2004 2815 et

276 2842 386 2885 Regis
423 2841 651 2875 Institutione
685 2840 767 2873 libri
798 2841 847 2873 III
883 2841 1069 2883 beigefugt
1101 2841 1312 2884 Moguntiae
1348 2843 1446 2875 1605.
1502 2841 1621 2883 Vergl.
1656 2840 1776 2884 Duhr,
1819 2840 2001 2875 Jesuiten-

275 2900 406 2934 fabeln.
466 2899 646 2941 Freiburg
690 2901 776 2933 1892
820 2898 852 2932 S.
880 2901 948 2934 373
963 2899 997 2933 ff.
1039 2899 1110 2932 und
1149 2899 1309 2943 GarzOn,
1354 2899 1398 2932 El
1437 2898 1554 2932 Padre
1595 2898 1692 2931 Jnan
1734 2898 1777 2932 de
1818 2897 2002 2939 Mariana3

275 2957 420 2991 Madrid
452 2959 547 2991 1889.

413 3025 440 3068 2)
466 3025 539 3059 Jul.
574 3026 686 3059 Casar
720 3025 924 3068 Boulenger
958 3025 991 3059 S.
1017 3025 1050 3059 J.
1085 3025 1243 3069 (Loudin
1283 3028 1384 3068 1558,
1422 3027 1525 3067 1589,
1564 3026 1670 3066 1628)
1702 3024 1845 3058 verliel's
1879 3033 2001 3066 wegen

276 3084 414 3125 grosser
440 3082 512 3116 Not
538 3082 655 3116 seiner
673 3082 801 3116 Neffen
828 3086 916 3117 1602
941 3082 997 3116 die
1018 3082 1270 3126 Gesellschaft,
1296 3082 1349 3115 als
1376 3081 1432 3115 die
1453 3080 1525 3115 Not
1551 3081 1724 3123 gehoben,
1755 3084 1842 3115 1620
1867 3079 2000 3114 wieder

275 3140 559 3183 aufgenommen.
609 3140 659 3173 Er
684 3140 854 3174 versasste
881 3141 959 3174 eine
987 3140 1235 3183 ganzeReihe
1263 3150 1330 3174 von
1349 3139 1531 3173 Schriften
1559 3139 1648 3172 uber
1675 3139 1907 3181 Altertumer,
1934 3147 2000 3170 von

277 3198 433 3232 welcheu
461 3197 518 3231 ein
544 3197 622 3231 Teil
650 3197 685 3230 in
711 3197 810 3231 einer
834 3197 1103 3240 zweibamligen
1130 3197 1444 3239 Sammelausgabe
1472 3196 1635 3231 erschien
1664 3197 1792 3241 (1621).
