2164 3535
359 206 554 249 Catalogus
580 210 720 249 perpet.
747 204 864 240 Germ.
885 205 970 249 Sup.
1000 207 1166 240 1602—4.
1208 204 1461 239 Commentarii
1490 207 1587 239 1604.
1785 208 1834 248 13

251 345 299 387 In
339 345 409 386 Or.
452 357 527 398 pro
570 344 616 394 Q.
658 344 838 397 Ligario.
901 344 1092 386 Andreas
1130 343 1351 385 Patricius.
1425 343 1643 386 Nedecius.
1711 344 1833 386 Vitus

115 420 433 462 Amerbachius.

252 495 332 537 Pro
388 495 559 537 Rabirio
607 495 850 537 Posthumo.
938 495 1129 537 Andreas
1181 495 1402 536 Patricius.
1483 495 1654 537 Nedius.
1734 496 1837 537 Tur-

114 570 247 612 nebus
281 570 320 611 in
353 572 390 612 8.

253 645 334 686 Pro
365 645 418 686 M.
444 644 655 686 Marcello.
712 645 901 686 Andreas
933 645 1155 687 Patricius.
1208 645 1428 687 Nedecius.
1482 645 1836 687 Bartholomaeus

116 720 333 761 Latomus.

253 795 334 836 Pro
367 794 578 836 Deiotaro.
627 793 682 835 Μ.
717 795 812 835 Ant.
844 793 1049 835 Muretus.
1098 796 1144 836 A.
1170 795 1391 837 Patricius.
1439 796 1660 837 Nedecius.
1715 796 1839 837 Vitus

116 869 432 911 Amerbachius.

255 945 337 986 Pro
372 944 563 986 Cecinna.
626 944 778 986 Petrus
811 945 960 986 Faber.

254 1021 337 1062 Pro
374 1021 539 1062 Milone.
601 1020 788 1062 Barthol.
829 1021 1046 1062 Latomus.
1108 1021 1155 1062 In
1198 1021 1373 1062 eandem
1415 1022 1648 1063 orationem
1692 1035 1840 1063 ennar-

118 1096 227 1138 ratio
259 1095 408 1138 Jacobi
441 1095 629 1149 Cruquij.

257 1171 338 1212 Pro
370 1171 415 1212 L.
451 1170 574 1212 Corn.
607 1170 752 1212 Balbo,
816 1171 939 1212 Vitus
971 1171 1288 1213 Amerbachius.

256 1246 321 1287 Ad
352 1246 452 1299 Pop.
487 1248 529 1288 et
561 1245 756 1296 Quirites.
820 1246 944 1288 Vitus
978 1247 1293 1289 Amerbachius.

327 1326 382 1368 Μ.
418 1327 571 1380 Tullij
608 1326 868 1369 Ciceronis
901 1327 1045 1379 (libri
1078 1327 1359 1382 rhetorici).

259 1401 415 1444 Orator
446 1402 500 1443 ad
531 1402 726 1444 Brutum.
780 1402 1048 1444 Audomarus
1081 1403 1273 1445 Talaeus.
1327 1404 1423 1444 Ant.
1458 1403 1709 1445 Ricobonus.
1771 1403 1843 1445 Se-

121 1476 339 1518 bastianus
382 1476 606 1519 Corradus.
672 1477 804 1519 Aldus
847 1478 1064 1519 Manutius
1112 1478 1152 1519 in
1196 1491 1324 1531 opera
1365 1478 1575 1521 rhetorica
1616 1479 1840 1521 Ciceronis.

121 1552 323 1594 Melchior
355 1552 521 1594 Junius.

260 1628 309 1669 In
340 1628 400 1668 ΙΨ
435 1627 485 1669 de
527 1627 717 1670 Oratore.
788 1628 1058 1681 Maior-agius.
1127 1629 1175 1670 In
1207 1629 1288 1671 11¹1.l
1323 1628 1374 1671 de
1414 1628 1576 1683 facet-ijs
1609 1630 1840 1672 Turnebus.

124 1703 396 1745 Omnibonus.
445 1703 703 1745 Leonicaeus
734 1703 775 1744 in
808 1702 875 1745 fol.
926 1704 1021 1745 Ant.
1055 1704 1308 1746 Ricobonus.
1360 1704 1630 1747 Audomarus
1663 1705 1841 1747 Talaeus

123 1782 166 1820 et
196 1777 437 1820 Strebaeus.

261 1854 308 1895 In
328 1853 478 1895 Partit.
527 1853 703 1894 Audom.
728 1853 874 1895 Jacob.
927 1854 1168 1897 Ludouicus
1194 1855 1433 1897 Strebaeus.
1493 1855 1843 1897 Bartholomaeus

124 1930 339 1971 Latomus.
411 1928 696 1981 Leodegarius
736 1941 760 1970 a
792 1941 961 1982 quercu.
1035 1930 1221 1971 Joannes
1254 1929 1479 1972 Sturmius.
1548 1931 1670 1973 Vitus
1702 1933 1847 1972 Amer-

124 2004 310 2046 bachius.
357 2004 453 2046 Ant.
488 2004 739 2045 Ricobonus.
795 2004 961 2046 Caelius
994 2004 1213 2048 Secundus
1249 2006 1387 2048 Curio.
1443 2006 1701 2059 Maioragius
1733 2006 1846 2060 apud

124 2079 218 2121 Ald.
251 2079 502 2121 Manutium.

264 2161 330 2202 De
362 2160 704 2202 Diuinatione.
768 2161 859 2202 Ald.
894 2161 1126 2203 Manutius.

263 2236 332 2277 De
362 2239 461 2277 nat.
495 2236 724 2277 Deorum.
788 2236 947 2290 Xystus
980 2237 1207 2279 Petuleius.
1270 2238 1402 2280 Aldus
1435 2238 1666 2281 Manutius.

263 2311 331 2352 De
365 2310 566 2364 officijs.
620 2311 870 2354 Franciscus
904 2312 1202 2354 Maturantius.
1256 2314 1493 2357 Ascensius.
1547 2316 1698 2358 Petrus
1732 2316 1843 2358 Mar-

124 2398 208 2428 sus.
272 2385 395 2428 Vitus
426 2386 742 2428 Amerbachius.
806 2387 1014 2429 Martinus
1048 2388 1254 2430 Henricus
1288 2402 1312 2430 a
1345 2389 1467 2443 Saga.
1536 2391 1589 2432 M.
1624 2392 1720 2432 Ant.
1754 2392 1846 2433 Mu-

124 2464 254 2503 retus.
316 2461 450 2503 Aldus
482 2461 710 2503 Manutius.
776 2461 964 2504 Wolfius.

263 2536 319 2588 (22)
351 2536 406 2577 M.
439 2536 536 2578 Ant.
568 2536 771 2578 Muretus.
841 2537 999 2579 Paulus
1031 2538 1259 2581 Manutius.
1320 2540 1527 2593 Georgius
1560 2541 1693 2583 Valla.
1751 2541 1846 2582 Phi-

125 2610 262 2663 lippus
293 2610 541 2653 Beroaldus.
602 2611 736 2653 Janus
768 2612 985 2654 Daminus.
1047 2613 1180 2656 Aldus
1212 2614 1441 2657 Manutius.

263 2685 318 2727 M.
361 2686 404 2727 T.
446 2685 540 2728 Cic.
585 2686 641 2729 de
679 2690 956 2730 senectute.
1035 2688 1244 2731 Martinus
1286 2690 1526 2732 Phileticus.
1605 2691 1843 2733 Ascensius.

126 2760 259 2803 Aldus
290 2760 521 2803 Manutius.
584 2761 737 2804 Petrus
770 2763 950 2805 Marsus.

263 2836 332 2878 De
364 2836 602 2878 amicitia.
665 2837 756 2878 Ald.
791 2838 1020 2880 Manutius.
1086 2839 1360 2882 Omnibonus.
1423 2841 1583 2894 Xystus
1619 2841 1844 2883 Petuleius.

126 2910 277 2952 Petrus
309 2911 489 2955 Marsus,

263 2985 332 3027 De
383 2985 593 3038 legibus.
685 2987 791 3029 Vide
834 2987 996 3029 Manut.
1055 2988 1106 3030 (le
1156 2989 1333 3042 legibus.
1426 2990 1558 3032 Aldus
1614 2990 1843 3032 Manutius.

127 3059 361 3102 Turnebus.

265 3135 424 3189 Epist.
459 3136 518 3178 ad
548 3137 784 3179 Atticum.
847 3138 1005 3180 Paulus
1038 3139 1265 3183 Manutius.
