2164 3535
460 251 562 286 Neue
590 251 953 294 Studienvorschlage
979 249 1042 284 der
1067 249 1265 284 deutschen
1290 248 1442 282 Provinz
1472 250 1569 282 1830.
1788 249 1870 289 435

157 393 300 435 videre
341 396 406 435 est
446 391 558 445 apud
590 392 633 433 P.
668 391 910 433 Iuvencium
941 390 983 431 in
1015 402 1091 432 suo
1124 389 1175 431 de
1205 388 1369 431 ratione
1402 387 1589 430 discendi
1620 389 1665 429 et
1697 386 1873 428 docendi

158 468 320 524 libello,
359 468 478 521 cujus
510 470 674 509 attenta
706 467 828 509 lectio
861 466 1111 519 praesertim
1136 464 1377 518 junioribus
1409 462 1624 516 magistris
1658 473 1876 515 nunquam

160 544 263 586 satis
296 541 579 585 commendari
612 545 763 594 potest.

300 628 369 670 Ad
401 640 497 680 reg.
523 630 589 669 27.
652 628 827 670 Praeter
859 628 1057 670 authores
1089 628 1286 681 antiquos
1318 627 1471 669 latinos
1500 626 1754 669 adhibentur
1775 637 1877 678 quo-

161 717 242 757 que
263 703 329 745 hic
352 716 373 744 e
395 704 530 756 poetis
553 703 694 744 latinis
718 702 1034 758 recentioribus,
1060 716 1092 744 v.
1112 715 1149 755 g.
1171 702 1372 758 Sautelio,
1389 701 1581 756 Baldo¹),
1604 698 1878 751 Sarbievio2)‚

164 779 315 820 Wallio
348 782 424 820 etc.
468 779 623 820 selecta
662 778 871 831 quaedam
913 778 1110 820 carmina.
1177 803 1226 808 —
1290 777 1539 831 Explicandi
1578 780 1679 819 sunt
1710 786 1880 829 quoque

162 854 373 896 Authores
407 854 618 895 vernaculi
650 853 887 908 approbati,
919 853 1154 908 expurgati,
1187 856 1234 894 ut
1266 852 1423 894 dictum
1455 865 1585 906 supra
1616 851 1670 893 ad
1701 863 1786 903 reg.
1814 851 1878 891 12.

109 964 114 968 .
165 929 465 982 Interpretatio
498 928 738 970 Authorum
770 940 854 981 qua
886 928 1048 969 ratione
1079 926 1169 968 fieri
1202 927 1374 981 debeat,
1412 927 1453 968 in
1485 927 1632 979 regula
1664 927 1767 969 satis
1812 925 1883 966 de-
1954 945 1959 948 ·

168 1004 374 1058 claratur,
418 1008 460 1045 et
498 1003 570 1056 qui
610 1003 811 1045 fusiorem
850 1003 1070 1055 postulant
1101 1002 1441 1055 explicationem,
1481 1001 1639 1043 habent
1669 1002 1711 1042 in
1743 1000 1882 1042 libello

167 1079 373 1133 Iuvencii,
407 1078 517 1119 unde
549 1078 626 1120 sibi
659 1077 734 1119 fiat
765 1078 882 1119 satis.
945 1078 1245 1119 Verumtamen
1278 1077 1391 1118 hisce
1423 1076 1683 1130 temporibus
1716 1079 1885 1129 praeter

167 1153 341 1195 latinam
389 1153 805 1208 interpretationem,
853 1165 961 1205 quae
1008 1154 1256 1206 plerumque
1302 1151 1425 1193 hodie
1473 1163 1555 1193 non
1601 1150 1689 1192 sine
1735 1149 1886 1190 damno

169 1229 414 1281 negligitur,
458 1228 690 1281 adjicienda
728 1231 792 1270 est
823 1228 1116 1280 interpretatio
1152 1228 1377 1269 vernacula
1409 1227 1537 1269 etiam
1569 1226 1609 1267 in
1642 1225 1885 1275 Rhetorica,

171 1317 253 1357 quo
310 1304 443 1357 magis
496 1304 653 1345 alumni
706 1303 946 1356 linguarum
1000 1303 1356 1356 comparationem
1404 1306 1532 1356 atque
1578 1300 1761 1342 indolem
1808 1299 1889 1342 sibi

171 1378 327 1420 faciant
364 1379 624 1420 familiarem.
691 1403 740 1408 —
805 1378 1015 1420 Continua
1056 1383 1196 1420 tamen
1237 1378 1280 1419 in
1322 1377 1549 1420 Rhetorica
1594 1375 1890 1430 interpretatio

173 1454 264 1496 aliis
295 1453 486 1495 taediosa
517 1453 698 1503 videtur,
730 1453 841 1495 unde
872 1452 961 1495 fieri
992 1456 1138 1507 posset
1169 1453 1411 1507 hujusmodi
1442 1452 1757 1506 interpretatio,
1790 1451 1890 1492 dum

174 1542 222 1571 ex
254 1542 304 1571 ea
333 1530 497 1571 fructus
529 1529 699 1571 uberior
731 1529 893 1583 sperari
926 1531 1079 1583 potest,
1112 1542 1148 1570 v.
1173 1540 1211 1581 g.
1237 1528 1337 1570 (lum
1368 1528 1485 1570 locus
1508 1528 1660 1581 aliquis
1687 1526 1894 1569 illustrior

174 1604 445 1658 explicandus
476 1608 552 1646 est.

313 1691 567 1744 Temporum
613 1691 721 1733 ratio
768 1691 980 1745 postulat,
1026 1694 1075 1732 ut
1120 1691 1161 1733 in
1204 1690 1356 1733 scholis
1396 1690 1688 1745 inferioribus,
1735 1689 1895 1743 aliquid

177 1780 226 1808 ex
258 1766 465 1816 Historia,
509 1765 778 1819 Geographia
820 1770 862 1808 et
892 1766 1171 1808 Arithmetica
1212 1766 1272 1807 ita
1311 1766 1561 1821 explicetur,
1603 1770 1670 1821 ut,
1711 1766 1745 1807 si
1787 1766 1896 1807 forte

179 1841 415 1883 studiorum
463 1854 634 1882 cursum
681 1842 935 1895 abrumpere
981 1843 1207 1896 cogantur,
1257 1842 1416 1883 tirones
1463 1854 1545 1883 non
1597 1842 1675 1883 soli
1727 1841 1895 1894 linguae

178 1916 334 1958 latinae
367 1916 645 1958 addiscendae
677 1918 843 1969 tempus
876 1928 1001 1957 suum
1033 1916 1240 1957 inutiliter
1270 1916 1565 1969 impenderint,
1598 1916 1671 1958 sed
1701 1929 1722 1958 e
1745 1916 1897 1958 scholis

180 1992 267 2033 suis
304 1994 521 2044 reportent
559 1991 764 2044 quasdam
807 1991 956 2032 saltem
996 1991 1210 2046 notiones,
1253 2003 1362 2044 quae
1402 1991 1456 2032 ad
1490 2003 1754 2033 communem
1786 1992 1898 2032 vitae

181 2067 312 2108 civilis
355 2079 477 2108 usum
528 2065 687 2119 aliquid
734 2066 928 2108 utilitatis
979 2067 1208 2109 conferant.
1287 2067 1334 2109 In
1382 2067 1535 2109 scholis
1582 2079 1750 2120 quoque
1792 2066 1900 2108 Rhe—

182 2143 340 2184 toricae
392 2146 434 2184 et
479 2142 768 2183 Humanitatis
820 2155 902 2183 non
956 2142 1219 2195 respuendae
1272 2142 1469 2183 videntur
1520 2142 1804 2195 Mythologiae
1857 2145 1900 2183 et

184 2218 511 2270 Archaeologiae
553 2218 780 2269 elementa,
825 2229 933 2269 quae
970 2217 1059 2270 Jam
1096 2216 1259 2270 pridem
1302 2217 1343 2257 in
1374 2217 1568 2270 pluribus
1600 2217 1783 2270 collegiis
1815 2220 1901 2258 tra-

185 2294 356 2335 duntur.
420 2293 642 2335 Caeterum
684 2292 916 2334 cavendum
959 2295 1043 2341 est,
1084 2305 1160 2346 ne,
1203 2292 1492 2345 multiplicatis
1535 2293 1788 2347 disciplinis,
1832 2292 1903 2333 ob-

186 2369 445 2416 tundantur,
487 2368 600 2421 quod
642 2380 767 2421 saepe
806 2367 853 2409 fit
866 2401 877 2424 ,
917 2368 1084 2420 ingenia
1122 2371 1163 2409 et
1195 2367 1404 2410 solidioris
1437 2368 1567 2409 studii
1598 2380 1799 2410 nauseam
1833 2368 1905 2409 ali-

187 2456 314 2496 quam
345 2443 524 2496 capiant.
589 2442 712 2493 Quod
744 2442 851 2485 sorte
894 2442 1000 2484 effici
1040 2446 1207 2497 posset,
1248 2443 1283 2484 si
1324 2455 1405 2484 non
1448 2443 1552 2484 adeo
1595 2443 1734 2497 varia,
1777 2456 1905 2496 quam

189 2531 318 2560 unum
352 2518 467 2573 quid,
500 2519 574 2560 sed
606 2519 727 2572 plene
759 2519 1026 2574 explicatum,
1060 2519 1258 2561 tradatur
1290 2519 1483 2572 sequenti
1514 2519 1602 2561 fere
1633 2518 1778 2560 modo:

332 2703 357 2744 1)
382 2702 523 2735 Jacob
546 2701 684 2735 Balde
713 2702 747 2736 S,
772 2702 806 2736 J.
837 2702 1065 2746 (Ensisheim
1094 2705 1196 2746 1603,
1225 2705 1329 2747 1624,
1358 2705 1482 2748 1668),
1514 2702 1726 2747 Lyricorum
1752 2703 1834 2737 libri
1860 2702 1907 2736 IV

192 2765 227 2794 et
253 2759 405 2803 Epodon
439 2760 499 2793 lib.
533 2770 625 2794 unus
650 2759 835 2794 Monachii
865 2763 962 2795 1643.
1012 2760 1225 2794 Zahlreiche
1258 2759 1438 2804 Auflagen
1471 2761 1543 2795 und
1578 2761 1908 2804 Uebersetzungen.

192 2817 312 2861 Vergl.
344 2817 514 2851 Herder’s
541 2818 694 2862 Werke3
733 2818 875 2864 Berlin,
908 2819 1081 2863 Hernpel,
1114 2818 1176 2852 III.
1203 2818 1287 2862 Bd.,
1320 2819 1392 2853 und
1426 2819 1712 2864 Westermayer:
1751 2818 1910 2852 Jacobus

193 2876 318 2920 Balde,
343 2876 526 2910 Munchen
556 2879 652 2912 1868.

330 2945 358 2989 2)
383 2945 542 2980 Mathias
561 2945 640 2980 Cas.
661 2945 935 2980 Sarbiewski
955 2946 988 2979 S.
1003 2945 1037 2979 J.
1056 2946 1170 2989 (1593,
1191 2948 1289 2990 1610,
1310 2948 1422 2989 1640),
1446 2945 1707 2990 Lyricorum
1733 2945 1842 2979 libri
1860 2944 1913 2977 III

196 3003 413 3047 Epigram.
438 3003 510 3037 lib.
537 3003 563 3037 I.
613 3003 782 3038 Coloniae
812 3006 916 3047 1625,
956 3005 1029 3038 120.
1064 3014 1122 3046 pp.
1142 3006 1220 3037 200.
1269 3003 1483 3038 Zahlreiche
1510 3002 1707 3046 Auflagen,
1740 3002 1846 3036 letzte
1873 3003 1909 3035 in

196 3071 223 3095 s.
250 3071 319 3104 ges.
352 3060 529 3105 Werken,
563 3061 712 3095 Krakau
742 3064 838 3096 1892.
889 3061 1009 3104 Vergl.
1035 3060 1241 3105 Langbein,
1269 3061 1528 3096 Commentatio
1555 3060 1597 3095 de
1624 3060 1738 3094 Math.
1766 3060 1802 3094 C.
1830 3059 1912 3093 Sar-

196 3117 305 3153 bievii
331 3117 364 3152 S.
390 3117 424 3151 J.
451 3117 578 3152 Poloni
604 3118 688 3163 vita,
717 3118 847 3153 studiis
873 3123 908 3152 et
934 3118 1080 3161 scriptis
1106 3117 1268 3153 Dresdae
1296 3121 1394 3154 1753.
1443 3118 1546 3154 Nova
1571 3123 1639 3152 act.
1667 3117 1794 3151 erudit.
1825 3119 1911 3153 1753

198 3185 232 3219 p.
258 3177 323 3210 621
335 3174 371 3208 ff.

1638 3234 1706 3267 28⁴*
