2164 3535
665 222 938 266 Heranbildung
962 222 1026 256 der
1049 221 1186 256 Lehrer
1213 221 1310 254 1622.
1762 219 1843 259 227

274 364 323 406 Id
354 364 454 406 mihi
485 363 652 405 videtur
683 362 828 405 eodem
850 362 995 404 ordine
1016 360 1104 403 fieri
1126 373 1263 415 posse,
1296 371 1379 414 quo
1401 358 1623 400 lectionem
1645 347 1848 398 hactenus

137 440 410 482 instituimus.
484 442 532 482 19
571 438 719 489 Quoad
760 438 1040 479 materiam:
1087 437 1122 477 si
1164 435 1265 488 quid
1307 434 1451 476 Cicero
1493 433 1544 475 de
1581 444 1734 486 genere
1776 434 1851 472 aut

139 515 277 568 specie
315 514 479 565 dixerit,
518 513 732 566 usurpabo
764 512 868 554 illud
901 511 1147 565 applicando
1181 510 1234 552 ad
1265 509 1446 563 speciem
1478 508 1542 550 vel
1572 505 1851 559 individuum,

140 603 176 631 v.
210 602 270 642 gr.
304 588 416 642 quod
446 588 566 630 Plato
599 588 649 629 de
680 587 780 629 viris
814 586 948 628 doctis
980 586 1212 638 generatim
1244 584 1395 626 dixerit
1426 584 1467 625 in
1499 581 1691 624 Phaedro
1727 580 1851 622 »ὅταν

141 663 224 719 [δὲ]
267 663 377 703 ἄλλοι
420 661 599 710 παιδιαῖς
642 660 781 708 ἄλλαις
815 693 822 701 .
858 693 865 701 .
905 674 945 712 «‚
984 660 1024 701 id
1057 660 1202 702 Cicero
1236 660 1340 701 dixit
1372 659 1423 700 de
1455 670 1499 700 se
1530 669 1605 710 pro
1638 655 1851 708 Archia1).

141 738 279 788 Quare
320 737 414 790 quis
453 736 624 778 tandem
662 748 728 778 me
759 735 1070 789 reprehendat?
1132 735 1183 776 29
1219 734 1261 775 Si
1293 734 1442 775 similis
1474 733 1652 774 materia
1682 729 1854 783 incidat,

140 813 238 855 licet
269 812 370 853 mihi
402 811 549 854 eodem
582 814 786 864 conceptu
819 811 901 861 uti3
936 823 970 850 v.
994 822 1054 862 gr.
1088 821 1164 862 pro
1196 807 1425 861 Rabirio²)‚
1458 808 1639 850 excitato
1674 806 1854 848 clamore

141 887 303 941 populi:
339 886 466 928 »nihil
498 898 563 927 me
596 886 753 927 clamor
783 885 863 926 iste
897 920 904 927 .
940 896 1006 935 .«‚
1038 897 1147 937 quae
1179 887 1244 925 est
1266 886 1430 924 morata
1452 883 1585 924 oratio
1609 893 1694 934 qua
1715 883 1853 922 osten-

142 962 205 1003 dit
235 962 385 1004 fortem
417 961 614 1002 animum*
676 960 766 1002 Hoc
797 959 920 1001 modo
952 959 1142 1001 imitatus
1174 960 1239 1000 est
1261 957 1413 999 Silvius
1446 957 1619 998 Italicus
1650 956 1708 997 lib
1747 957 1768 996 7
1803 954 1854 996 de

142 1037 250 1078 bello
282 1036 452 1090 punicog
492 1048 585 1077 cum
617 1035 724 1077 enim
759 1038 906 1077 contra
937 1034 1114 1076 Fabium
1148 1033 1448 1075 Cunctatorem
1480 1033 1649 1074 exortus
1682 1033 1747 1072 est
1777 1030 1858 1072 cla-

143 1125 234 1154 mor
273 1112 471 1162 militum,
513 1111 575 1152 ita
616 1110 852 1163 respondit:
899 1109 1107 1152 »Fervida
1137 1108 1172 1149 si
1202 1107 1320 1149 nobis
1354 1106 1500 1156 corda,
1545 1106 1857 1158 abruptumque

143 1191 368 1241 putassent
388 1186 609 1239 Ingenium
630 1186 794 1239 Patres,
826 1189 868 1227 et
896 1184 930 1226 si
953 1183 1222 1235 clamoribus,
1254 1182 1405 1236 inquit,
1438 1181 1671 1223 Turbarem
1693 1180 1857 1223 facilem

144 1265 346 1313 mentem,
385 1274 468 1303 non
508 1261 658 1303 ultima
689 1273 830 1303 rerum
862 1260 918 1302 Et
948 1259 1156 1313 deplorati
1188 1257 1433 1300 mandasset
1463 1257 1612 1299 Martis
1644 1255 1859 1298 habenis«

146 1338 197 1380 39
229 1337 313 1379 Ubi
351 1336 499 1379 eadem
540 1336 706 1378 omnino
744 1335 923 1377 materia
959 1334 1124 1391 incidit,
1166 1334 1307 1376 licebit
1335 1333 1483 1376 eodem
1516 1335 1765 1386 argumento
1799 1331 1862 1373 uti

146 1412 211 1454 vel
242 1411 473 1463 sententia,
505 1414 670 1452 mutato
703 1413 870 1452 tantum
900 1422 1053 1463 genere
1085 1409 1270 1459 dicendi3
1311 1422 1347 1450 v.
1382 1421 1444 1462 gr.
1478 1408 1680 1450 Horatius
1712 1407 1862 1450 iisdem

147 1487 406 1541 argumentis
438 1486 587 1528 laudat
618 1486 749 1528 vitam
771 1486 975 1528 rusticam
1001 1488 1038 1527 2.
1059 1485 1210 1541 Εροᾶ.,
1242 1485 1394 1538 quibus
1417 1483 1537 1526 Maro
1570 1483 1612 1525 in
1635 1483 1863 1536 Georgicis.

148 1563 388 1616 Utrumque
438 1561 575 1604 locum
628 1562 790 1604 confert
835 1561 1090 1604 Parthenius
1137 1561 1206 1603 lib.
1243 1563 1261 1602 1
1312 1560 1363 1602 de
1410 1559 1644 1602 imitatione
1687 1559 1863 1612 poetica.

149 1639 201 1679 49
234 1637 352 1679 Idem
384 1641 681 1690 argumentum
714 1636 855 1678 licebit
885 1639 1052 1679 mutare
1083 1637 1205 1679 aliter
1236 1636 1521 1690 proponendo,
1554 1638 1602 1676 ut
1633 1635 1755 1677 Lucr.
1792 1634 1816 1676 1.
1842 1635 1866 1675 2

150 1716 192 1755 et
221 1712 423 1755 Horatius
465 1712 490 1756 l.
527 1726 558 1754 c.
604 1711 782 1754 laudant
823 1712 953 1754 vitam
985 1713 1189 1754 rusticam
1221 1711 1471 1754 conferendo
1503 1712 1592 1765 ejus
1625 1710 1864 1763 voluptates

151 1801 245 1830 cum
288 1788 578 1842 voluptatibus
617 1787 813 1837 divitum,
863 1788 936 1830 sed
975 1800 1119 1830 omnes
1161 1788 1264 1830 alias
1307 1791 1435 1840 atque
1479 1786 1582 1829 alias
1625 1786 1866 1839 voluptates

150 1867 410 1905 enumerant.
473 1864 612 1915 Atque
643 1862 746 1904 haec
778 1863 830 1904 de
862 1863 1051 1906 materia.

291 1951 342 1991 29
375 1948 523 1999 Quoad
563 1949 822 1991 formulas.
885 1950 1116 1992 Possumus
1158 1950 1292 2003 primo
1331 1949 1373 1990 in
1416 1953 1664 2002 argumento
1698 1948 1865 1990 omnino

154 2024 343 2066 dissimili
375 2024 498 2066 simili
530 2024 593 2065 uti
624 2024 817 2077 formula,
852 2038 887 2066 v.
912 2038 972 2078 gr.
998 2025 1141 2067 Cicero
1175 2037 1270 2066 cum
1301 2025 1425 2066 vellet
1455 2024 1606 2080 dicere7
1638 2037 1720 2066 non
1741 2024 1867 2067 licere

153 2100 368 2155 dubitare,
411 2100 514 2141 dixit
558 2112 634 2152 per
673 2100 970 2153 imperativum
1017 2113 1092 2153 pro
1135 2099 1294 2141 Sextio:
1346 2100 1576 2142 »Dubitate
1616 2100 1870 2151 etiamnunc,

148 2175 334 2229 judices,
375 2175 411 2217 si
453 2175 650 2228 potestis,
690 2188 714 2217 a
752 2188 835 2228 quo
867 2175 922 2217 sit
953 2174 1064 2217 Sext.
1098 2175 1275 2217 Roscius
1307 2175 1510 2217 occisus«
1574 2175 1737 2218 Licebit
1769 2187 1868 2227 ergo

154 2251 309 2291 imitari
341 2251 382 2292 in
415 2253 663 2302 argumento
697 2250 790 2299 alio„
824 2253 871 2291 ut
901 2240 970 2291 lib.
997 2252 1020 2291 2
1054 2263 1190 2292 accus.
1225 2251 1366 2292 Verr.:
1409 2250 1629 2292 »Retinete
1659 2249 1869 2291 hominem

155 2326 196 2366 in
229 2326 416 2380 civitate,
444 2325 628 2379 judices,
661 2326 821 2378 parcite
852 2328 894 2367 et
925 2329 1190 2380 conservate,
1223 2329 1271 2367 ut
1301 2326 1357 2367 sit
1388 2325 1462 2378 qui
1494 2325 1714 2366 nobiscum
1747 2356 1754 2364 .
1790 2357 1798 2364 .
1835 2336 1870 2364 .«

158 2400 262 2442 Cum
294 2400 350 2442 sit
379 2401 560 2442 formula
592 2400 855 2452 ostendendi,
887 2400 929 2442 id
960 2413 1096 2453 neque
1127 2412 1250 2453 posse
1280 2412 1418 2452 neque
1449 2399 1601 2441 debere
1622 2398 1725 2453 fieri,
1758 2397 1872 2451 quod

157 2474 348 2528 imperat.
410 2475 453 2528 b)
486 2476 534 2517 In
567 2475 713 2517 eodem
743 2478 992 2528 argumento
1014 2474 1171 2516 utendo
1195 2474 1343 2516 eadem
1363 2474 1557 2523 formula,
1590 2477 1637 2515 ut
1659 2472 1874 2515 Gracchus

158 2550 271 2603 apud
288 2549 368 2592 Cic.
383 2551 407 2591 3
430 2550 481 2591 de
498 2550 614 2591 Orat.
640 2550 693 2591 ad
715 2550 966 2591 movendam
989 2549 1395 2591 commiserationem
1414 2548 1596 2590 dixerat:
1625 2560 1876 2601 quocunque

158 2637 203 2666 36
224 2628 422 2679 verteret,
451 2637 672 2667 occurrere
694 2637 880 2680 causam,
912 2637 987 2666 cur
1007 2636 1225 2677 nunquam
1246 2623 1442 2677 deinceps
1464 2626 1607 2676 posset
1629 2623 1876 2673 consistere3

159 2700 286 2753 idque
324 2713 399 2753 per
441 2700 814 2753 interrogationes,
866 2699 1123 2753 subjiciendo
1166 2711 1332 2752 semper
1372 2698 1485 2751 quod
1525 2711 1594 2741 eas
1645 2701 1874 2740 everteret:

163 2774 281 2826 »Quo
313 2787 379 2817 me
410 2775 536 2817 miser
567 2774 807 2817 conferam?
868 2775 917 2816 In
950 2774 1234 2828 Capitolium?
1294 2774 1368 2829 At,
1400 2773 1544 2816 fratris
1576 2773 1780 2826 sanguine
1812 2786 1875 2814 re-

161 2850 364 2892 dundat«
438 2851 544 2892 Eam
588 2850 767 2893 Gracchi
809 2850 1063 2899 orationem„
1106 2852 1275 2891 servata
1316 2849 1461 2892 eadem
1504 2849 1705 2900 formula,
1743 2848 1878 2889 imita-

162 2928 231 2966 tus
264 2927 328 2966 est
359 2924 503 2978 Cicero
538 2938 613 2979 pro
646 2926 872 2967 Muraena:
933 2924 1002 2966 »Si
1040 2924 1151 2967 hunc
1191 2924 1341 2966 vestris
1382 2924 1601 2966 sententiis
1641 2923 1873 2965 afflixeritis

304 3088 330 3131 l)
358 3087 400 3120 V.
427 3085 565 3121 Platon.
592 3086 746 3121 Phaedr.
772 3097 800 3120 c,
819 3089 874 3129 41,
901 3096 934 3129 p.
962 3087 1011 3119 St.
1037 3085 1146 3120 276d.
1173 3104 1216 3111 —
1243 3085 1315 3119 Cic.
1342 3094 1405 3128 pro
1433 3083 1539 3118 Arch.
1562 3086 1612 3119 153.

299 3156 327 3201 2)
353 3156 457 3190 Circa
482 3166 536 3190 me
542 3156 648 3191 dium.

1606 3211 1670 3246 15*
