2164 3535
237 244 319 285 558
676 240 901 284 Anordnung
926 239 988 274 des
1013 239 1066 283 3J‘.
1093 239 1222 284 philos.
1250 238 1398 274 Rursus
1426 240 1525 274 1858.

236 383 489 426 lectionibus
532 382 752 426 exercendi
775 382 957 434 erunt1).
1006 382 1154 435 Neque
1186 381 1310 434 enim,
1343 394 1437 423 cum
1459 381 1749 436 philosophiae
1781 380 1970 424 studium

238 459 293 501 ad
326 459 480 501 veteris
516 458 708 501 Rationis
742 456 991 500 Studiorum
1022 460 1188 499 statuta
1220 457 1407 499 revocari
1441 456 1567 499 vellet
1590 456 1887 510 Congregatio,
1920 468 1968 498 eo

237 535 416 577 intentio
451 535 541 587 ejus
574 533 805 585 ferebatur,
838 535 887 574 ut
910 532 1217 575 Mathematica
1248 536 1290 575 et
1321 546 1464 576 rerum
1495 532 1754 575 naturalium
1777 532 1967 588 scientia,

239 622 348 664 quae
378 610 456 652 hoc
488 609 670 651 maxime
702 612 894 662 tempore
927 607 980 649 ad
1013 620 1156 650 veram
1188 612 1466 661 sanctamque
1498 607 1734 650 doctrinam
1766 607 1970 649 tuendam

238 689 281 729 et
311 684 633 739 propagandam
656 685 886 738 plurimum
910 683 1066 735 valent,
1100 683 1253 739 minus,
1286 696 1415 737 quam
1438 683 1572 739 decet,
1607 683 1861 739 colerentur,
1893 683 1968 725 sed

242 774 295 803 ne
326 761 406 803 hoc
438 759 558 803 fieret
591 772 685 802 cum
720 759 976 802 detrimento
1000 759 1180 802 aliarum
1205 759 1539 815 disciplinarum,
1572 758 1775 811 exigendo
1799 758 1852 801 ab
1884 770 1971 800 om-

237 836 375 888 nibus,
408 848 518 890 quae
551 849 576 877 a
606 835 753 889 paucis
786 834 999 889 praestari
1031 834 1095 876 vel
1128 834 1294 888 possint
1326 834 1391 876 vel
1423 833 1616 876 debeant.

378 923 448 965 VI.
498 922 605 973 Quia
636 934 736 964 vero
769 921 984 964 interdum
1017 921 1258 975 ambigitur,
1292 934 1374 974 quo
1407 934 1451 963 se
1483 921 1665 975 Physica
1696 924 1741 964 et
1762 920 1966 963 Mathesis

236 998 504 1042 elementaris
536 997 730 1040 omnibus
772 998 1038 1051 praescripta
1081 997 1300 1053 extendat,
1343 1001 1486 1051 partes
1519 997 1670 1039 harum
1715 996 1968 1040 facultatum

237 1088 313 1118 ceu
352 1075 529 1129 limites,
572 1073 726 1127 quibus
767 1086 811 1115 se
854 1073 1055 1115 Lectores
1098 1076 1140 1115 et
1181 1073 1504 1115 Examinatores
1545 1073 1760 1115 continere
1798 1073 1966 1128 debent,

235 1150 382 1205 paucis
409 1151 533 1204 juvat
565 1161 907 1193 commemorare.
973 1148 1174 1202 Physicae
1207 1148 1339 1201 igitur
1370 1147 1605 1202 Professor,
1639 1147 1840 1201 expositis
1872 1160 1971 1201 pro-

235 1225 490 1280 prietatibus
523 1237 748 1279 corporum
781 1224 1065 1278 generalibus,
1099 1237 1225 1278 agere
1257 1224 1427 1267 debebit
1451 1224 1501 1267 de
1534 1224 1692 1280 solidis,
1725 1224 1898 1277 liquidis
1922 1228 1965 1266 et

236 1302 391 1357 aereis,
432 1301 661 1355 praecipua
693 1301 881 1342 Staticae
913 1303 955 1342 et
986 1300 1265 1355 Dynamicae,
1309 1300 1638 1354 Hydrostaticae
1671 1302 1713 1342 et
1744 1299 1968 1353 Hydrody-

236 1378 447 1432 namicae,
488 1376 779 1419 A'erostaticae
812 1380 853 1418 et
886 1375 1185 1417 Pneumaticae
1228 1378 1456 1429 praecepta
1487 1375 1728 1426 declarans3
1772 1377 1863 1416 tum
1894 1374 1970 1416 im-

236 1452 526 1506 ponderabilia
557 1451 858 1506 pertractabit,
901 1451 951 1493 de
984 1451 1144 1506 calore,
1187 1451 1238 1493 de
1271 1451 1548 1493 electricitate
1580 1450 1734 1493 statica
1766 1452 1808 1492 et
1839 1449 1969 1503 dyna-

235 1529 356 1581 mica,
391 1528 441 1570 de
474 1528 565 1570 luce
598 1540 828 1581 exponens3
863 1526 1051 1569 Chimiae
1084 1526 1279 1581 denique,
1311 1526 1608 1568 Astronomiae
1642 1529 1685 1568 et
1714 1525 1963 1568 Metereolo-

236 1604 329 1657 giae
372 1603 598 1657 elementa,
642 1602 784 1656 quoad
816 1615 891 1656 per
932 1604 1100 1655 tempus
1133 1601 1295 1655 licebit,
1337 1614 1413 1644 suo
1454 1602 1627 1655 quaevis
1659 1602 1750 1644 loco
1783 1601 1964 1655 adjiciet.

236 1679 441 1721 Mathesis
474 1682 617 1720 autem
658 1678 948 1729 elementaris,
992 1690 1101 1731 quae
1145 1677 1269 1731 primi
1302 1678 1399 1719 anni
1441 1677 1714 1720 auditoribus
1756 1676 1967 1719 tradenda

238 1758 324 1809 est,
366 1753 579 1807 Algebrae
611 1757 840 1808 praecepta
871 1765 1006 1807 usque
1039 1752 1092 1794 ad
1125 1753 1400 1806 aequationes
1434 1753 1608 1795 secundi
1640 1752 1819 1809 gradus,
1861 1752 1969 1795 Geo-

236 1830 446 1885 metriam,
480 1830 862 1883 Trigonometriam
885 1830 1054 1883 planam
1078 1832 1133 1883 et,
1168 1832 1375 1882 quantum
1398 1828 1488 1871 fieri
1510 1832 1665 1883 potest,
1699 1828 1967 1884 sphaericam

237 1905 578 1959 comprehendat.

376 1994 468 2035 VII.
518 1993 576 2035 Ut
608 1992 824 2035 auditores
858 1993 1056 2035 methodo
1091 1993 1266 2036 docendi
1299 1994 1497 2035 uniformi
1524 1994 1749 2047 Juventur,
1792 1994 1834 2034 et
1866 1992 1964 2034 Lec-

238 2073 350 2112 tores
392 2069 470 2123 ipsi
510 2069 748 2111 uberiorem
791 2072 833 2111 et
874 2069 1115 2111 solidiorem
1159 2070 1237 2111 sibi
1285 2069 1521 2110 doctrinam
1564 2068 1808 2123 acquirant,
1854 2067 1964 2109 idem

237 2145 458 2187 Professor
490 2157 599 2187 anno
630 2145 766 2198 primo
800 2145 1000 2197 Logicam
1033 2148 1075 2187 et
1107 2144 1441 2198 Metaphysicam
1475 2143 1736 2199 generalem,
1779 2142 1964 2185 secundo

237 2224 280 2262 et
311 2220 436 2262 tertio
469 2220 805 2275 Metaphysicam
846 2220 1071 2274 specialem
1105 2224 1168 2275 et,
1213 2220 1247 2262 si
1278 2219 1368 2262 fieri
1410 2222 1572 2273 potest,
1616 2219 1744 2261 etiam
1777 2218 1966 2261 Philoso-

237 2295 378 2349 phiam
410 2296 612 2338 moralem
645 2295 806 2339 doceat.

378 2383 494 2426 VIII.
543 2383 599 2426 At
642 2396 738 2425 vero
772 2395 796 2424 a
837 2383 988 2426 studiis
1029 2383 1108 2425 hoc
1150 2383 1274 2425 modo
1316 2383 1531 2437 dispositis
1575 2386 1665 2424 tum
1704 2381 1873 2424 demum
1906 2381 1963 2434 id,

237 2458 351 2512 quod
379 2459 638 2512 quaerimus,
671 2471 844 2512 sperare
875 2458 1030 2514 licebit,
1063 2459 1099 2501 si
1121 2459 1299 2512 reliqua,
1333 2471 1442 2512 quae
1465 2458 1516 2500 de
1550 2457 1726 2500 docendi
1759 2457 1965 2500 discendi-

237 2547 319 2588 que
350 2534 513 2576 ratione
545 2547 570 2576 a
601 2533 833 2587 maioribus
865 2534 1021 2576 nostris
1054 2534 1228 2588 provide
1259 2534 1423 2576 sancita
1456 2537 1568 2582 sunt,
1602 2533 1682 2575 rite
1710 2545 1758 2575 ac
1790 2532 1964 2586 diligen-

237 2613 302 2651 ter
348 2613 584 2652 serventur.
658 2610 723 2651 Ad
770 2610 874 2652 haec
917 2614 1059 2652 autem
1103 2610 1310 2664 imprimis
1357 2609 1562 2665 pertinet,
1608 2613 1657 2651 ut
1695 2621 1778 2651 non
1826 2608 1962 2651 solum

238 2684 474 2737 auditores,
518 2697 612 2727 cum
653 2685 891 2740 disputant,
933 2685 1194 2739 syllogistica
1224 2685 1381 2741 forma,
1425 2685 1499 2728 sed
1532 2685 1732 2728 Lectores
1776 2696 1960 2739 quoque,

237 2772 331 2802 cum
364 2759 528 2811 docent,
562 2759 815 2802 scholastica
846 2760 1044 2802 methodo
1080 2764 1267 2802 utantur.
1322 2761 1428 2802 Jure
1460 2761 1570 2802 enim
1602 2759 1752 2802 merito
1779 2772 1803 2801 a
1825 2758 1963 2801 Patri-

240 2834 316 2876 bus
350 2834 626 2887 Congregatis
668 2836 840 2877 notatus
872 2837 937 2877 est
979 2835 1159 2890 abusus,
1202 2836 1273 2888 qui
1315 2835 1528 2878 nonnullis
1559 2835 1601 2877 in
1633 2834 1735 2876 locis
1775 2833 1961 2889 irrepsit,

237 2913 285 2951 ut
307 2909 478 2961 scilicet,
511 2909 764 2952 scholastica
794 2909 992 2952 methodo
1026 2910 1187 2961 relicta,
1221 2910 1486 2953 academicus
1519 2910 1692 2963 quidam
1726 2909 1962 2952 disserendi

237 2984 387 3027 modus
420 2984 461 3026 in
493 2984 848 3038 praelectionibus
883 2985 1148 3028 adhibeatur.
1214 2985 1304 3036 Quo
1336 2985 1403 3037 fit,
1436 2988 1484 3026 ut
1516 2985 1710 3039 discipuli
1742 2988 1784 3027 et
1816 2983 1963 3027 diffici-

237 3059 318 3101 lius
350 3059 589 3112 intelligant
620 3060 792 3115 tradita,
825 3064 867 3103 et
898 3061 1061 3104 facilius
1095 3061 1399 3103 obliviscantur
1430 3060 1657 3113 intellecta,
1690 3064 1819 3113 atque
1840 3072 1960 3113 prae-

378 3196 402 3237 1)
428 3192 515 3236 Reg.
543 3192 645 3227 Prov.
673 3196 717 3227 20
743 3192 779 3227 in
806 3192 887 3227 Rat.
914 3192 1005 3227 stud.
