2164 3535
215 200 298 240 256
501 196 753 231 Gemeinsame
781 193 1116 237 Convictsordnung
1141 193 1205 227 der
1230 196 1357 227 osterr.
1384 192 1537 227 Provinz
1566 196 1663 228 1654.

216 338 268 379 de
311 349 441 379 causa
489 336 682 385 dabitur,
730 347 851 376 nemo
898 337 1020 376 extra
1066 333 1301 386 Collegium
1348 333 1556 384 dormiat,
1603 345 1679 374 nec
1725 332 1951 386 prandium

217 424 443 455 coenamve
476 415 630 453 sumat.

358 500 420 540 10.
471 497 720 538 Studiorum
762 500 954 549 tempore
992 508 1069 549 per
1108 495 1278 537 domum
1319 495 1408 537 sine
1448 495 1618 537 licentia
1649 495 1858 537 Praefecti
1901 508 1952 536 ne

219 574 464 629 vagenltur,
496 584 634 624 neque
666 571 770 613 alios
803 584 852 613 ex
886 571 1022 612 alieno
1054 570 1230 612 Musaeo
1263 574 1460 620 evocent3
1501 570 1595 612 loca
1626 583 1724 612 vero
1758 570 1956 611 domesti-

219 661 364 691 corum
398 647 690 689 ministrorum
724 648 765 688 et
797 645 986 688 officinas
1019 659 1070 687 ne
1103 645 1272 695 adeant,
1305 658 1380 687 nec
1403 645 1500 687 inde
1525 648 1567 688 et
1589 645 1642 687 ab
1665 645 1758 698 aIiJs
1781 645 1956 699 quibus-

219 736 387 776 cunque
420 723 581 775 aliquid
614 722 837 776 accipiant,
870 721 950 763 nisi
983 733 1031 762 ex
1067 721 1285 762 voluntate
1317 721 1530 774 Regentis.

364 812 428 850 11.
475 808 660 859 Quilibet
692 821 758 850 res
791 820 891 850 suas
923 807 964 848 in
999 820 1082 849 uno
1115 807 1235 857 libro,
1269 807 1341 860 qui
1373 807 1486 860 apud
1518 806 1785 848 Praefectum
1817 818 1958 847 serva-

221 885 361 939 bitur,
400 897 503 939 sua,
544 884 578 925 si
613 882 700 925 fieri
733 885 897 936 potest,
939 895 1067 924 manu
1100 883 1281 935 scriptas
1314 882 1493 933 habeat,
1536 895 1612 924 nec
1656 882 1749 923 illas
1783 881 1954 926 vendet:

221 959 498 1014 permutabit,
533 963 608 999 aut
641 958 749 1000 dono
784 958 903 999 dabit
933 958 1023 1000 sine
1056 969 1265 999 consensu
1299 956 1486 998 eiusdem
1520 957 1735 1009 Regentis.

366 1047 429 1087 12.
473 1045 699 1086 Pecuniam
734 1045 798 1086 vel
831 1057 950 1086 arma
981 1057 1032 1086 ne
1064 1043 1176 1097 apud
1209 1056 1253 1085 se
1285 1043 1455 1099 habeat,
1487 1043 1560 1086 sed
1589 1044 1767 1096 Regenti
1799 1042 1958 1097 tradat,

222 1134 299 1163 nec
331 1121 488 1173 libros,
531 1120 612 1162 nisi
644 1132 751 1173 quos
784 1120 950 1172 Regens
982 1119 1238 1173 probaverit.
1303 1118 1347 1160 Si
1381 1132 1479 1161 vero
1523 1132 1572 1160 ex
1613 1119 1736 1160 domo
1778 1118 1958 1172 cuipiam

227 1197 280 1238 ad
314 1209 439 1238 usum
473 1195 758 1246 dabuntur,¹)
800 1195 840 1235 in
874 1195 925 1248 ijS
957 1207 1033 1236 nec
1066 1194 1242 1249 scribet,
1286 1207 1361 1236 nec
1394 1198 1537 1235 notam
1572 1194 1701 1236 ullam
1733 1194 1959 1249 imprimet,

226 1271 299 1313 sed
332 1271 557 1324 diligenter
589 1270 859 1312 conservabit
890 1273 932 1311 et
970 1282 1046 1311 suo
1090 1273 1283 1323 tempore
1326 1269 1514 1322 integros
1554 1269 1766 1311 restituet.
1826 1269 1959 1310 Arcas

226 1348 354 1389 etiam
386 1350 429 1389 et
460 1359 739 1400 quaecunque
770 1346 812 1387 in
845 1345 968 1387 domo
1002 1346 1148 1387 clausa
1178 1344 1416 1400 habebunt,
1450 1345 1650 1400 Regenti,
1690 1344 1961 1398 quotiescun-

227 1437 309 1477 que
341 1423 378 1465 ei
410 1424 547 1465 visum
580 1422 723 1475 fuerit,
757 1421 922 1475 aperire
954 1433 1036 1462 non
1070 1425 1315 1473 graventur.

369 1512 433 1553 13.
472 1508 677 1552 Profestis
710 1508 873 1558 diebus,
907 1507 1007 1549 dum
1039 1507 1289 1562 prandetur,
1322 1507 1569 1549 inferiorum
1602 1506 1800 1549 classium
1834 1505 1962 1547 Audi-

227 1590 343 1628 tores
386 1585 510 1627 modo
553 1585 639 1626 bini
681 1583 981 1637 disputabunt,
1022 1582 1146 1624 modo
1179 1582 1379 1624 lectiones
1413 1583 1581 1624 auditas
1614 1582 1808 1635 Magistri
1840 1595 1958 1624 more

228 1675 250 1703 e
282 1661 492 1714 superiori
524 1661 615 1702 loco
650 1661 864 1712 repetent,
898 1658 962 1699 vel
996 1657 1317 1705 declamabunt3
1361 1658 1509 1700 diebus
1537 1661 1542 1710 Ι
1571 1660 1714 1699 autem
1745 1657 1863 1699 festis
1895 1670 1964 1699 su—

229 1737 441 1790 periorum
476 1735 674 1778 classium
708 1733 911 1788 Studiosi,
944 1733 978 1775 si
1012 1733 1084 1786 qui
1117 1736 1218 1775 sunt
1250 1732 1422 1784 Clerici,
1456 1733 1583 1774 etiam
1617 1732 1858 1774 concionem
1892 1732 1964 1774 ha-

232 1812 404 1854 bebunt.
474 1811 541 1853 Illi
581 1813 804 1863 praeterea
846 1808 1092 1850 inferiorum
1137 1808 1336 1850 classium
1378 1808 1606 1850 Auditores
1649 1808 1790 1861 aliquo
1834 1808 1900 1849 die
1939 1821 1963 1849 a

231 1886 461 1940 Superiore
492 1886 534 1927 in
567 1883 834 1926 hebdomada
867 1883 1122 1936 assignando
1157 1883 1481 1936 compositiones
1511 1883 1652 1936 legent
1675 1885 1716 1924 et
1739 1883 1964 1934 corrigent,

230 1963 290 2003 uti
325 1962 453 2004 etiam
494 1960 775 2003 determinato
816 1963 1006 2012 tempore
1045 1963 1088 2000 et
1119 1971 1168 1999 ex
1201 1971 1346 2000 mensa
1388 1962 1478 2000 tum
1511 1958 1713 2010 Theologi
1745 1962 1835 1999 tuin
1868 1957 1964 1998 Phi-

232 2037 399 2090 losophi
432 2039 656 2078 consuetas
690 2034 1000 2087 disputationes
1033 2033 1393 2087 repetitionesque
1425 2033 1655 2075 habebunt.

372 2125 436 2164 14.
486 2123 691 2175 Tempore
733 2121 1006 2174 quotidianae
1050 2120 1348 2174 recreationis,
1396 2132 1524 2173 quam
1572 2120 1740 2173 singula
1788 2120 1964 2162 Musaea

231 2198 492 2251 praescripto
524 2197 615 2238 loco
648 2197 899 2251 separatim,
939 2199 981 2237 et
1012 2207 1095 2236 non
1128 2195 1244 2237 solus
1278 2207 1373 2236 cum
1404 2195 1514 2250 solo,
1556 2195 1630 2236 sed
1662 2195 1806 2248 plures
1839 2195 1964 2237 simul

231 2272 411 2323 faciant,
453 2285 477 2314 a
516 2272 654 2325 nimijs
695 2270 952 2312 clamoribus
995 2270 1180 2312 tactibus
1223 2270 1420 2323 omnique
1460 2270 1632 2311 levitate
1677 2270 1965 2319 abstinebunt,

231 2349 368 2401 ijsque
399 2348 563 2389 lusibus
596 2359 730 2399 eaque
762 2346 1096 2399 conversatione,
1130 2358 1240 2398 quae
1272 2345 1425 2386 bonam
1458 2348 1500 2386 et
1531 2345 1758 2397 ingenuam
1781 2344 1962 2386 indolem

232 2436 314 2464 non
347 2422 595 2475 dedeceant,
628 2424 796 2474 tempus
829 2421 1021 2462 hilariter
1053 2420 1290 2472 transigere
1322 2419 1602 2460 conabuntur.

373 2511 436 2550 15.
488 2508 711 2549 Munditiei
744 2508 1007 2560 singularem
1040 2519 1205 2561 curam,
1246 2519 1355 2558 quae
1388 2506 1441 2547 ad
1473 2505 1759 2548 valetudinem
1799 2518 1966 2547 conser-

234 2583 416 2625 vandam
440 2583 669 2636 plurimum
695 2582 905 2635 conducit,
929 2582 1158 2633 habebunt,
1185 2583 1272 2622 tam
1296 2581 1408 2622 circa
1429 2593 1654 2634 personam
1678 2593 1812 2634 suam,
1837 2593 1964 2633 quam

235 2660 345 2700 circa
376 2660 514 2699 vestes
548 2660 592 2699 et
626 2670 692 2699 res
726 2670 825 2699 suas
858 2670 1001 2698 omnes
1025 2656 1359 2702 conse1·vandas;
1393 2669 1440 2697 ac
1462 2655 1652 2709 proinde,
1686 2656 1756 2697 ubi
1780 2655 1964 2708 primum

236 2732 523 2787 surrexerint,
567 2732 664 2773 lecti
707 2731 916 2786 delcenter
955 2734 1220 2785 sternantur,
1260 2730 1408 2772 diebus
1451 2730 1708 2772 remissionis
1751 2743 1776 2771 a
1815 2730 1966 2782 studijs

236 2808 363 2861 iJ'dem
403 2808 692 2859 invertantur,
735 2807 1004 2849 excutiantur
1045 2809 1088 2847 et
1128 2806 1368 2848 accuratius
1411 2808 1729 2858 componantur.
1805 2804 1964 2854 Quodsi

237 2881 439 2923 offensam
480 2881 764 2923 valetudinem
805 2881 1012 2934 quispiam
1057 2881 1261 2933 senserit,
1304 2880 1570 2921 Praefectum
1613 2892 1740 2932 quam
1784 2879 1966 2931 primum

238 2956 494 2998 admonebit.

380 3118 406 3160 ¹)
433 3116 509 3149 Aus
537 3116 599 3148 der
626 3115 930 3148 Hausbibliothek
959 3114 1021 3148 des
1047 3114 1205 3158 Kollegs.
