2164 3535
232 226 314 267 308
530 222 799 267 Hausordnung
823 222 886 257 des
913 221 1148 266 Wirzburger
1177 221 1373 257 Seminars.
1424 221 1529 257 Nach
1558 225 1656 259 1608.

372 365 409 405 2.
456 363 736 405 Alumnorum
768 363 844 403 aut
874 361 1162 404 convictorum
1194 361 1297 403 nulli
1332 361 1506 403 dabitur
1526 361 1632 404 liber
1657 373 1679 402 e
1704 360 1960 404 bibliotheca

234 437 491 493 efferendus,
529 437 608 479 nisi
639 437 757 490 prius
788 435 859 477 ille
889 435 931 477 in
963 435 1134 491 tabula,
1172 436 1275 477 item
1307 436 1376 478 cui
1410 436 1537 478 datus
1569 435 1720 487 fuerit,
1754 436 1961 489 assignati

234 511 405 568 fuerint,
437 514 480 555 et
510 512 693 565 regentis
726 522 895 564 quoque
927 510 1153 552 accesserit
1183 510 1364 553 licentia.

373 599 411 640 3.
458 597 565 639 Novi
597 596 934 650 quotiescunque
965 596 1062 638 libri
1093 599 1294 638 emuntur
1327 599 1369 639 et
1393 597 1435 638 in
1458 596 1755 639 bibliothecam
1777 595 1963 639 inferun-

234 676 318 724 tur,
352 685 423 715 eos
456 672 603 714 statim
634 671 676 713 in
709 671 951 724 catalogum
983 671 1153 713 referet.

372 762 410 801 4.
460 758 695 810 Quotannis
737 757 867 800 semel
909 757 1070 810 regenti
1113 758 1275 811 collegii
1323 759 1512 801 omnium
1561 759 1766 801 librorum
1815 759 1966 802 reddet

234 836 453 878 rationem.
506 833 620 888 quod
651 837 694 875 et
724 832 977 885 faciendum,
1010 833 1344 886 quotiescunque
1377 833 1530 887 aliquis
1567 846 1643 876 suo
1676 833 1812 876 officio
1841 834 1965 880 cedit,

235 913 278 954 et
308 923 442 953 novus
474 909 763 952 substituitur.

375 994 412 1034 5.
462 991 612 1033 Libros
644 994 686 1032 et
716 988 996 1031 bibliothecae
1027 988 1165 1030 locum
1197 1001 1364 1042 semper
1394 990 1553 1032 munda
1586 990 1869 1033 conservabit.

280 1445 814 1520 Hausordnung
870 1445 989 1498 des
1043 1443 1506 1517 Wirzburger
1561 1442 1921 1497 Seminars

822 1568 974 1602 zum
1029 1548 1079 1602 h.
1132 1546 1383 1601 Kilian

554 1658 700 1697 unter
737 1649 957 1714 Leitung
994 1648 1081 1696 der
1119 1647 1463 1696 Gesellschaft
1501 1647 1644 1698 Jesu.

962 1741 1081 1784 Nach
1116 1742 1237 1783 1608.

750 1833 866 1878 (Cod.
895 1833 981 1870 Col.
1007 1833 1110 1878 priv.
1137 1833 1236 1869 folio
1263 1833 1453 1878 344sqq.)

375 1949 457 1984 Wie
490 1959 527 1984 so
561 1949 628 1993 oft,
661 1948 740 1983 sind
773 1948 866 1983 auch
893 1948 950 1982 die
976 1948 1169 1991 folgenden
1195 1948 1449 1991 Einzelregeln
1475 1967 1518 1972 —
1547 1946 1730 1991 »Regulae
1757 1947 1957 1991 speciales«

237 2007 330 2042 ohne
357 2007 442 2050 jede
467 2007 689 2050 Zeitangabe
721 2006 757 2041 in
790 2017 941 2040 unserer
972 2005 1322 2040 handschriftlichen
1349 2005 1475 2048 Quelle
1502 2004 1742 2039 verzeichnet.
1794 2004 1854 2039 sie
1881 2005 1962 2040 sind

236 2064 537 2099 wahrscheinlich
564 2064 621 2099 die
648 2064 868 2108 Erganzung
893 2063 957 2098 der
983 2063 1304 2108 vorhergehenden
1331 2063 1432 2098 mehr
1457 2063 1697 2107 allgemeinen
1725 2063 1904 2098 Statuten.

524 2346 748 2413 Regulae
786 2347 1031 2413 speciales
1071 2347 1336 2412 Seminarij
1377 2346 1426 2396 S.
1472 2346 1677 2396 Kiliani.

378 2477 412 2515 1.
445 2473 570 2516 Mane
602 2473 701 2516 dato
732 2474 852 2527 signo
886 2473 940 2515 ad
971 2469 1232 2526 surgendum
1255 2485 1403 2515 censor
1425 2473 1606 2515 cubiculi
1629 2486 1724 2515 mox
1746 2474 1959 2527 psalmum

236 2549 438 2591 Miserere
469 2548 696 2591 inchoabit.
751 2549 921 2591 Interea
941 2551 1119 2601 surgent
1141 2548 1208 2602 alij
1234 2552 1277 2590 et
1298 2548 1432 2602 primo
1457 2548 1696 2602 quadrante
1718 2560 1762 2591 se
1784 2549 1961 2592 honeste

236 2624 437 2677 vestient,
481 2624 614 2665 altero
656 2623 812 2666 lectum
852 2626 1105 2677 component
1142 2623 1391 2676 reliquaque
1422 2622 1463 2665 in
1496 2623 1683 2679 silentio,
1726 2636 1778 2666 ne
1809 2624 1959 2677 serius,

236 2698 342 2740 illoti
374 2701 449 2740 aut
480 2698 672 2740 discincti
703 2697 757 2740 ad
788 2697 1022 2740 orationem
1055 2697 1269 2740 accedant.

375 2775 411 2815 2.
446 2773 668 2815 Musaeum
700 2773 879 2826 ingressi
911 2785 993 2815 non
1026 2773 1334 2827 colloquentur,
1366 2772 1440 2814 sed
1474 2771 1528 2814 ad
1550 2772 1760 2814 orandum
1782 2784 1827 2815 se
1849 2773 1962 2816 colli-

237 2852 337 2901 gent
368 2851 423 2903 et,
456 2860 550 2889 cum
583 2860 607 2889 a
639 2848 791 2890 devota
821 2848 1012 2890 oratione
1034 2847 1144 2889 diem
1167 2846 1378 2900 auspicari
1402 2846 1636 2898 conveniat,
1670 2849 1759 2889 toto
1786 2860 1962 2902 corpore

237 2923 290 2964 ad
323 2922 587 2965 devotionem
619 2923 849 2975 composito
883 2923 1076 2964 orabunt.
1141 2921 1183 2964 si
1216 2921 1310 2974 quis
1343 2923 1487 2962 autem
1529 2922 1739 2963 communi
1781 2923 1961 2969 orationi

236 3011 319 3040 non
350 2996 602 3048 interfuerit,
635 2996 833 3050 privatim
864 2997 907 3039 in
930 3010 1102 3040 musaeo
1128 2997 1280 3052 orabit,
1312 2996 1561 3050 priusquam
1585 2997 1749 3039 litteras
1772 2999 1959 3040 tractare

236 3072 419 3125 incipiat.

374 3147 412 3188 3.
461 3146 707 3189 Studiorum
757 3151 924 3200 tempus
975 3159 1119 3189 omnes
1163 3159 1256 3189 cum
1311 3146 1454 3200 quiete
1506 3146 1659 3190 litteris
1703 3146 1958 3202 impendent,
