<?xml version="1.0" encoding="UTF-8"?>
<!DOCTYPE html PUBLIC "-//W3C//DTD XHTML 1.0 Transitional//EN"
    "http://www.w3.org/TR/xhtml1/DTD/xhtml1-transitional.dtd">
<html xmlns="http://www.w3.org/1999/xhtml" xml:lang="en" lang="en">
 <head>
  <title>
</title>
<meta http-equiv="Content-Type" content="text/html;charset=utf-8" />
  <meta name='ocr-system' content='tesseract 3.04.00' />
  <meta name='ocr-capabilities' content='ocr_page ocr_carea ocr_par ocr_line ocrx_word'/>
</head>
<body>
  <div class='ocr_page' id='page_1' title='image "./ratiostudiorumet16jesu_0494.png"; bbox 0 0 2164 3535; ppageno 0'>
   <div class='ocr_carea' id='block_1_1' title="bbox 276 197 1745 242">
    <p class='ocr_par' dir='ltr' id='par_1_1' title="bbox 276 197 1745 242">
     <span class='ocr_line' id='line_1_1' title="bbox 276 197 1745 242; baseline -0.001 -8"><span class='ocrx_word' id='word_1_1' title='bbox 276 201 362 242; x_wconf 82' lang='lat'>470</span> <span class='ocrx_word' id='word_1_2' title='bbox 548 199 757 234; x_wconf 88' lang='lat' dir='ltr'>Beibericht</span> <span class='ocrx_word' id='word_1_3' title='bbox 781 199 845 234; x_wconf 90' lang='lat' dir='ltr'>der</span> <span class='ocrx_word' id='word_1_4' title='bbox 871 197 1299 234; x_wconf 75' lang='lat' dir='ltr'>Studien-Kommissare</span> <span class='ocrx_word' id='word_1_5' title='bbox 1324 208 1388 233; x_wconf 87' lang='lat' dir='ltr'>zur</span> <span class='ocrx_word' id='word_1_6' title='bbox 1413 197 1455 232; x_wconf 91' lang='lat' dir='ltr'>R.</span> <span class='ocrx_word' id='word_1_7' title='bbox 1482 201 1524 233; x_wconf 83' lang='lat' dir='ltr'>st.</span> <span class='ocrx_word' id='word_1_8' title='bbox 1550 208 1619 233; x_wconf 88' lang='lat' dir='ltr'>von</span> <span class='ocrx_word' id='word_1_9' title='bbox 1647 201 1745 235; x_wconf 86' lang='lat'>1832.</span> 
     </span>
    </p>
   </div>
   <div class='ocr_carea' id='block_1_2' title="bbox 300 609 1982 668">
    <p class='ocr_par' dir='ltr' id='par_1_2' title="bbox 300 609 1982 668">
     <span class='ocr_line' id='line_1_2' title="bbox 300 609 1982 668; baseline 0.002 -5"><span class='ocrx_word' id='word_1_10' title='bbox 300 609 633 664; x_wconf 85' lang='lat' dir='ltr'>Beibericht</span> <span class='ocrx_word' id='word_1_11' title='bbox 692 609 791 663; x_wconf 86' lang='lat' dir='ltr'>der</span> <span class='ocrx_word' id='word_1_12' title='bbox 854 609 1050 665; x_wconf 87' lang='lat' dir='ltr'>Patres</span> <span class='ocrx_word' id='word_1_13' title='bbox 1114 610 1215 664; x_wconf 86' lang='lat' dir='ltr'>der</span> <span class='ocrx_word' id='word_1_14' title='bbox 1275 609 1982 668; x_wconf 83' lang='lat' dir='ltr'>Studien-Kommission</span> 
     </span>
    </p>
   </div>
   <div class='ocr_carea' id='block_1_3' title="bbox 412 723 1877 790">
    <p class='ocr_par' dir='ltr' id='par_1_3' title="bbox 412 723 1877 790">
     <span class='ocr_line' id='line_1_3' title="bbox 412 723 1877 790; baseline 0.003 -12"><span class='ocrx_word' id='word_1_15' title='bbox 412 724 556 778; x_wconf 78' lang='lat' dir='ltr'>iiber</span> <span class='ocrx_word' id='word_1_16' title='bbox 599 725 691 778; x_wconf 87' lang='lat' dir='ltr'>die</span> <span class='ocrx_word' id='word_1_17' title='bbox 736 744 884 779; x_wconf 88' lang='lat' dir='ltr'>neue</span> <span class='ocrx_word' id='word_1_18' title='bbox 928 723 1099 779; x_wconf 80' lang='lat' dir='ltr'><strong>Ratio</strong></span> <span class='ocrx_word' id='word_1_19' title='bbox 1146 725 1464 780; x_wconf 88' lang='lat' dir='ltr'>studiorum</span> <span class='ocrx_word' id='word_1_20' title='bbox 1507 747 1623 781; x_wconf 87' lang='lat' dir='ltr'>von</span> <span class='ocrx_word' id='word_1_21' title='bbox 1674 723 1877 790; x_wconf 64' lang='lat'>18321)</span> 
     </span>
    </p>
   </div>
   <div class='ocr_carea' id='block_1_4' title="bbox 627 847 1665 895">
    <p class='ocr_par' dir='ltr' id='par_1_4' title="bbox 627 847 1665 895">
     <span class='ocr_line' id='line_1_4' title="bbox 627 847 1665 895; baseline 0.003 -11"><span class='ocrx_word' id='word_1_22' title='bbox 627 848 766 894; x_wconf 87' lang='lat' dir='ltr'>(Arch.</span> <span class='ocrx_word' id='word_1_23' title='bbox 794 848 925 885; x_wconf 78' lang='lat' dir='ltr'>Germ.</span> <span class='ocrx_word' id='word_1_24' title='bbox 949 848 996 885; x_wconf 86' lang='lat' dir='ltr'>V.</span> <span class='ocrx_word' id='word_1_25' title='bbox 1020 849 1069 884; x_wconf 90' lang='grc' dir='ltr'>Β.</span> <span class='ocrx_word' id='word_1_26' title='bbox 1086 847 1125 884; x_wconf 82' lang='grc'>5.</span> <span class='ocrx_word' id='word_1_27' title='bbox 1174 848 1379 885; x_wconf 83' lang='lat' dir='ltr'>Folioheft</span> <span class='ocrx_word' id='word_1_28' title='bbox 1403 859 1481 885; x_wconf 80' lang='lat' dir='ltr'>von</span> <span class='ocrx_word' id='word_1_29' title='bbox 1506 849 1558 886; x_wconf 84' lang='lat'>30</span> <span class='ocrx_word' id='word_1_30' title='bbox 1576 849 1665 895; x_wconf 82' lang='lat' dir='ltr'>SS.)</span> 
     </span>
    </p>
   </div>
   <div class='ocr_carea' id='block_1_5' title="bbox 988 1130 1309 1255">
    <p class='ocr_par' dir='ltr' id='par_1_5' title="bbox 988 1130 1309 1255">
     <span class='ocr_line' id='line_1_5' title="bbox 988 1130 1309 1173; baseline -0.003 0"><span class='ocrx_word' id='word_1_31' title='bbox 988 1131 1036 1173; x_wconf 92' lang='lat' dir='ltr'>A.</span> <span class='ocrx_word' id='word_1_32' title='bbox 1070 1131 1127 1173; x_wconf 92' lang='lat' dir='ltr'>M.</span> <span class='ocrx_word' id='word_1_33' title='bbox 1160 1131 1211 1173; x_wconf 92' lang='lat' dir='ltr'>D.</span> <span class='ocrx_word' id='word_1_34' title='bbox 1245 1130 1309 1173; x_wconf 89' lang='lat' dir='ltr'>Gl.</span> 
     </span>
     <span class='ocr_line' id='line_1_6' title="bbox 1091 1212 1214 1255; baseline -0.016 0"><span class='ocrx_word' id='word_1_35' title='bbox 1091 1212 1214 1255; x_wconf 80' lang='lat'>1832.</span> 
     </span>
    </p>
   </div>
   <div class='ocr_carea' id='block_1_6' title="bbox 467 1327 1810 1394">
    <p class='ocr_par' dir='ltr' id='par_1_6' title="bbox 467 1327 1810 1394">
     <span class='ocr_line' id='line_1_7' title="bbox 467 1327 1810 1394; baseline 0.001 -17"><span class='ocrx_word' id='word_1_36' title='bbox 467 1329 849 1378; x_wconf 74' lang='lat' dir='ltr'>observationes</span> <span class='ocrx_word' id='word_1_37' title='bbox 882 1328 888 1394; x_wconf 90' lang='grc' dir='ltr'>Ι</span> <span class='ocrx_word' id='word_1_38' title='bbox 922 1330 1097 1393; x_wconf 87' lang='lat' dir='ltr'>quibus</span> <span class='ocrx_word' id='word_1_39' title='bbox 1135 1333 1349 1378; x_wconf 77' lang='lat' dir='ltr'>innititur</span> <span class='ocrx_word' id='word_1_40' title='bbox 1387 1330 1770 1379; x_wconf 79' lang='lat' dir='ltr'>accommodatio</span> <span class='ocrx_word' id='word_1_41' title='bbox 1804 1327 1810 1394; x_wconf 91' lang='grc' dir='ltr'>Ι</span> 
     </span>
    </p>
   </div>
   <div class='ocr_carea' id='block_1_7' title="bbox 883 1435 1427 1484">
    <p class='ocr_par' dir='ltr' id='par_1_7' title="bbox 883 1435 1427 1484">
     <span class='ocr_line' id='line_1_8' title="bbox 883 1435 1427 1484; baseline 0.002 -1"><span class='ocrx_word' id='word_1_42' title='bbox 883 1437 1096 1484; x_wconf 79' lang='lat' dir='ltr'>Rationis</span> <span class='ocrx_word' id='word_1_43' title='bbox 1135 1435 1427 1484; x_wconf 74' lang='lat' dir='ltr'>Studiorum.</span> 
     </span>
    </p>
   </div>
   <div class='ocr_carea' id='block_1_8' title="bbox 288 1571 2018 1780">
    <p class='ocr_par' dir='ltr' id='par_1_8' title="bbox 288 1571 2018 1780">
     <span class='ocr_line' id='line_1_9' title="bbox 425 1571 2016 1627; baseline -0.001 -12"><span class='ocrx_word' id='word_1_44' title='bbox 425 1573 485 1615; x_wconf 88' lang='lat' dir='ltr'>Ut</span> <span class='ocrx_word' id='word_1_45' title='bbox 526 1585 635 1626; x_wconf 89' lang='lat' dir='ltr'>quae</span> <span class='ocrx_word' id='word_1_46' title='bbox 674 1572 716 1614; x_wconf 91' lang='lat' dir='ltr'>in</span> <span class='ocrx_word' id='word_1_47' title='bbox 757 1576 849 1614; x_wconf 91' lang='lat' dir='ltr'>tota</span> <span class='ocrx_word' id='word_1_48' title='bbox 889 1572 968 1614; x_wconf 89' lang='lat' dir='ltr'>hac</span> <span class='ocrx_word' id='word_1_49' title='bbox 1009 1571 1248 1614; x_wconf 85' lang='lat' dir='ltr'>studiorum</span> <span class='ocrx_word' id='word_1_50' title='bbox 1288 1571 1496 1614; x_wconf 87' lang='lat' dir='ltr'>revisione</span> <span class='ocrx_word' id='word_1_51' title='bbox 1528 1571 1888 1614; x_wconf 87' lang='lat' dir='ltr'>accommodanda</span> <span class='ocrx_word' id='word_1_52' title='bbox 1918 1584 2016 1627; x_wconf 89' lang='lat' dir='ltr'>pro-</span> 
     </span>
     <span class='ocr_line' id='line_1_10' title="bbox 288 1646 2018 1704; baseline -0.001 -13"><span class='ocrx_word' id='word_1_53' title='bbox 288 1652 504 1704; x_wconf 74' lang='lat' dir='ltr'>ponimus,</span> <span class='ocrx_word' id='word_1_54' title='bbox 555 1648 710 1690; x_wconf 89' lang='lat' dir='ltr'>clarius</span> <span class='ocrx_word' id='word_1_55' title='bbox 752 1649 948 1702; x_wconf 71' lang='lat' dir='ltr'>pateant,</span> <span class='ocrx_word' id='word_1_56' title='bbox 998 1647 1208 1701; x_wconf 87' lang='lat' dir='ltr'>simulque</span> <span class='ocrx_word' id='word_1_57' title='bbox 1250 1649 1299 1689; x_wconf 89' lang='lat' dir='ltr'>ut</span> <span class='ocrx_word' id='word_1_58' title='bbox 1339 1647 1613 1701; x_wconf 76' lang='lat' dir='ltr'>majoribus2)</span> <span class='ocrx_word' id='word_1_59' title='bbox 1654 1647 1810 1689; x_wconf 86' lang='lat' dir='ltr'>nostris</span> <span class='ocrx_word' id='word_1_60' title='bbox 1854 1646 2018 1689; x_wconf 83' lang='lat' dir='ltr'>facilior</span> 
     </span>
     <span class='ocr_line' id='line_1_11' title="bbox 290 1722 2015 1780; baseline -0.001 -13"><span class='ocrx_word' id='word_1_61' title='bbox 290 1728 510 1767; x_wconf 74' lang='lat' dir='ltr'>sternatur</span> <span class='ocrx_word' id='word_1_62' title='bbox 550 1724 618 1765; x_wconf 90' lang='lat' dir='ltr'>via</span> <span class='ocrx_word' id='word_1_63' title='bbox 659 1723 712 1765; x_wconf 88' lang='lat' dir='ltr'>ad</span> <span class='ocrx_word' id='word_1_64' title='bbox 752 1723 1082 1780; x_wconf 74' lang='lat' dir='ltr'>decernendum,</span> <span class='ocrx_word' id='word_1_65' title='bbox 1134 1723 1235 1777; x_wconf 91' lang='lat' dir='ltr'>quid</span> <span class='ocrx_word' id='word_1_66' title='bbox 1276 1724 1415 1766; x_wconf 88' lang='lat' dir='ltr'>meriti</span> <span class='ocrx_word' id='word_1_67' title='bbox 1457 1723 1672 1778; x_wconf 86' lang='lat' dir='ltr'>subjectae</span> <span class='ocrx_word' id='word_1_68' title='bbox 1720 1722 2015 1765; x_wconf 79' lang='lat' dir='ltr'>adnotationes</span> 
     </span>
    </p>
   </div>
   <div class='ocr_carea' id='block_1_9' title="bbox 290 1799 2016 1929">
    <p class='ocr_par' dir='ltr' id='par_1_9' title="bbox 290 1799 2016 1929">
     <span class='ocr_line' id='line_1_12' title="bbox 290 1799 2016 1856; baseline -0.001 -14"><span class='ocrx_word' id='word_1_69' title='bbox 290 1800 495 1856; x_wconf 69' lang='lat' dir='ltr'>habeant,</span> <span class='ocrx_word' id='word_1_70' title='bbox 543 1812 680 1854; x_wconf 89' lang='lat' dir='ltr'>pauca</span> <span class='ocrx_word' id='word_1_71' title='bbox 720 1799 1035 1854; x_wconf 88' lang='lat' dir='ltr'>praemittenda</span> <span class='ocrx_word' id='word_1_72' title='bbox 1076 1799 1294 1855; x_wconf 81' lang='lat' dir='ltr'>duximus,</span> <span class='ocrx_word' id='word_1_73' title='bbox 1344 1813 1393 1843; x_wconf 86' lang='lat' dir='ltr'>ex</span> <span class='ocrx_word' id='word_1_74' title='bbox 1434 1799 1588 1853; x_wconf 89' lang='lat' dir='ltr'>quibus</span> <span class='ocrx_word' id='word_1_75' title='bbox 1630 1799 1771 1841; x_wconf 88' lang='lat' dir='ltr'>omnia</span> <span class='ocrx_word' id='word_1_76' title='bbox 1812 1799 1891 1841; x_wconf 87' lang='lat' dir='ltr'>sub</span> <span class='ocrx_word' id='word_1_77' title='bbox 1933 1811 2016 1841; x_wconf 91' lang='lat' dir='ltr'>uno</span> 
     </span>
     <span class='ocr_line' id='line_1_13' title="bbox 291 1874 1035 1929; baseline -0.004 -10"><span class='ocrx_word' id='word_1_78' title='bbox 291 1876 422 1919; x_wconf 90' lang='lat' dir='ltr'>veluti</span> <span class='ocrx_word' id='word_1_79' title='bbox 453 1876 611 1918; x_wconf 88' lang='lat' dir='ltr'>intuitu</span> <span class='ocrx_word' id='word_1_80' title='bbox 643 1875 827 1929; x_wconf 81' lang='lat' dir='ltr'>conspici</span> <span class='ocrx_word' id='word_1_81' title='bbox 859 1874 1035 1929; x_wconf 88' lang='lat' dir='ltr'>possint.</span> 
     </span>
    </p>
   </div>
   <div class='ocr_carea' id='block_1_10' title="bbox 290 1973 2020 2407">
    <p class='ocr_par' dir='ltr' id='par_1_10' title="bbox 290 1973 2020 2407">
     <span class='ocr_line' id='line_1_14' title="bbox 407 1973 2019 2030; baseline -0.001 -13"><span class='ocrx_word' id='word_1_82' title='bbox 407 1976 466 2017; x_wconf 89' lang='lat' dir='ltr'>Ac</span> <span class='ocrx_word' id='word_1_83' title='bbox 489 1975 672 2029; x_wconf 87' lang='lat' dir='ltr'>primum</span> <span class='ocrx_word' id='word_1_84' title='bbox 694 1973 863 2028; x_wconf 89' lang='lat' dir='ltr'>quidem</span> <span class='ocrx_word' id='word_1_85' title='bbox 886 1974 970 2016; x_wconf 88' lang='lat' dir='ltr'>tria</span> <span class='ocrx_word' id='word_1_86' title='bbox 992 1973 1111 2016; x_wconf 91' lang='lat' dir='ltr'>nobis</span> <span class='ocrx_word' id='word_1_87' title='bbox 1131 1974 1397 2027; x_wconf 86' lang='lat' dir='ltr'>potissimum</span> <span class='ocrx_word' id='word_1_88' title='bbox 1422 1974 1728 2016; x_wconf 88' lang='lat' dir='ltr'>consideranda</span> <span class='ocrx_word' id='word_1_89' title='bbox 1751 1975 1884 2030; x_wconf 80' lang='lat' dir='ltr'>erant,</span> <span class='ocrx_word' id='word_1_90' title='bbox 1909 1987 2019 2028; x_wconf 89' lang='lat' dir='ltr'>quae</span> 
     </span>
     <span class='ocr_line' id='line_1_15' title="bbox 292 2048 2018 2105; baseline -0.002 -12"><span class='ocrx_word' id='word_1_91' title='bbox 292 2054 427 2093; x_wconf 87' lang='lat' dir='ltr'>totam</span> <span class='ocrx_word' id='word_1_92' title='bbox 469 2050 708 2093; x_wconf 88' lang='lat' dir='ltr'>studiorum</span> <span class='ocrx_word' id='word_1_93' title='bbox 747 2053 990 2092; x_wconf 89' lang='lat' dir='ltr'>nostrorum</span> <span class='ocrx_word' id='word_1_94' title='bbox 1024 2049 1232 2091; x_wconf 85' lang='lat' dir='ltr'>rationem</span> <span class='ocrx_word' id='word_1_95' title='bbox 1265 2048 1477 2090; x_wconf 89' lang='lat' dir='ltr'>ambiunt:</span> <span class='ocrx_word' id='word_1_96' title='bbox 1526 2049 1805 2102; x_wconf 84' lang='lat' dir='ltr'>Theologia</span> <span class='ocrx_word' id='word_1_97' title='bbox 1847 2049 2018 2105; x_wconf 83' lang='lat' dir='ltr'>scilicet,</span> 
     </span>
     <span class='ocr_line' id='line_1_16' title="bbox 293 2124 2020 2179; baseline -0.001 -12"><span class='ocrx_word' id='word_1_98' title='bbox 293 2125 629 2179; x_wconf 79' lang='lat' dir='ltr'>Philosophia</span> <span class='ocrx_word' id='word_1_99' title='bbox 677 2137 723 2166; x_wconf 89' lang='lat' dir='ltr'>ac</span> <span class='ocrx_word' id='word_1_100' title='bbox 770 2125 985 2167; x_wconf 82' lang='lat' dir='ltr'>litterae</span> <span class='ocrx_word' id='word_1_101' title='bbox 1034 2124 1384 2173; x_wconf 81' lang='lat' dir='ltr'>humaniores;</span> <span class='ocrx_word' id='word_1_102' title='bbox 1433 2128 1522 2166; x_wconf 90' lang='lat' dir='ltr'>tum</span> <span class='ocrx_word' id='word_1_103' title='bbox 1565 2124 1667 2178; x_wconf 86' lang='lat' dir='ltr'>quid</span> <span class='ocrx_word' id='word_1_104' title='bbox 1704 2125 1744 2166; x_wconf 91' lang='lat' dir='ltr'>in</span> <span class='ocrx_word' id='word_1_105' title='bbox 1787 2124 1850 2166; x_wconf 85' lang='lat' dir='ltr'>his</span> <span class='ocrx_word' id='word_1_106' title='bbox 1890 2124 2020 2167; x_wconf 84' lang='lat' dir='ltr'>facul-</span> 
     </span>
     <span class='ocr_line' id='line_1_17' title="bbox 294 2199 2018 2254; baseline -0.001 -11"><span class='ocrx_word' id='word_1_107' title='bbox 294 2201 454 2243; x_wconf 87' lang='lat' dir='ltr'>tatibus</span> <span class='ocrx_word' id='word_1_108' title='bbox 475 2204 715 2254; x_wconf 90' lang='lat' dir='ltr'>temporum</span> <span class='ocrx_word' id='word_1_109' title='bbox 739 2200 983 2242; x_wconf 86' lang='lat' dir='ltr'>vicissitudo</span> <span class='ocrx_word' id='word_1_110' title='bbox 1006 2200 1258 2254; x_wconf 71' lang='lat' dir='ltr'>postularet,</span> <span class='ocrx_word' id='word_1_111' title='bbox 1288 2199 1549 2254; x_wconf 87' lang='lat' dir='ltr'>perpendere</span> <span class='ocrx_word' id='word_1_112' title='bbox 1573 2200 1814 2250; x_wconf 71' lang='lat' dir='ltr'>debuimu53</span> <span class='ocrx_word' id='word_1_113' title='bbox 1849 2199 2018 2242; x_wconf 89' lang='lat' dir='ltr'>demum</span> 
     </span>
     <span class='ocr_line' id='line_1_18' title="bbox 297 2274 2018 2330; baseline -0.002 -12"><span class='ocrx_word' id='word_1_114' title='bbox 297 2276 507 2330; x_wconf 88' lang='lat' dir='ltr'>quomodo</span> <span class='ocrx_word' id='word_1_115' title='bbox 540 2276 719 2318; x_wconf 87' lang='lat' dir='ltr'>servatis</span> <span class='ocrx_word' id='word_1_116' title='bbox 751 2276 885 2317; x_wconf 84' lang='lat' dir='ltr'>nostri</span> <span class='ocrx_word' id='word_1_117' title='bbox 916 2275 1102 2317; x_wconf 88' lang='lat' dir='ltr'>instituti</span> <span class='ocrx_word' id='word_1_118' title='bbox 1134 2276 1297 2328; x_wconf 81' lang='lat' dir='ltr'>legibus</span> <span class='ocrx_word' id='word_1_119' title='bbox 1330 2275 1472 2329; x_wconf 88' lang='lat' dir='ltr'>aliqua</span> <span class='ocrx_word' id='word_1_120' title='bbox 1503 2279 1645 2318; x_wconf 88' lang='lat' dir='ltr'>tamen</span> <span class='ocrx_word' id='word_1_121' title='bbox 1688 2274 2018 2318; x_wconf 88' lang='lat' dir='ltr'>accommodatio</span> 
     </span>
     <span class='ocr_line' id='line_1_19' title="bbox 290 2350 1891 2407; baseline -0.002 -13"><span class='ocrx_word' id='word_1_122' title='bbox 290 2354 415 2407; x_wconf 83' lang='lat' dir='ltr'>juxta</span> <span class='ocrx_word' id='word_1_123' title='bbox 446 2352 556 2395; x_wconf 89' lang='lat' dir='ltr'>decr.</span> <span class='ocrx_word' id='word_1_124' title='bbox 583 2353 635 2394; x_wconf 88' lang='grc'>10</span> <span class='ocrx_word' id='word_1_125' title='bbox 667 2364 808 2405; x_wconf 83' lang='lat' dir='ltr'>congr.</span> <span class='ocrx_word' id='word_1_126' title='bbox 832 2351 923 2393; x_wconf 87' lang='lat' dir='ltr'>XX.</span> <span class='ocrx_word' id='word_1_127' title='bbox 957 2353 1000 2392; x_wconf 91' lang='lat' dir='ltr'>et</span> <span class='ocrx_word' id='word_1_128' title='bbox 1031 2350 1141 2393; x_wconf 88' lang='lat' dir='ltr'>decr.</span> <span class='ocrx_word' id='word_1_129' title='bbox 1168 2352 1218 2392; x_wconf 86' lang='lat'>15</span> <span class='ocrx_word' id='word_1_130' title='bbox 1252 2363 1392 2404; x_wconf 83' lang='lat' dir='ltr'>congr.</span> <span class='ocrx_word' id='word_1_131' title='bbox 1417 2351 1531 2393; x_wconf 87' lang='lat' dir='ltr'>XXI.</span> <span class='ocrx_word' id='word_1_132' title='bbox 1565 2351 1704 2393; x_wconf 89' lang='lat' dir='ltr'>invehi</span> <span class='ocrx_word' id='word_1_133' title='bbox 1734 2353 1891 2405; x_wconf 87' lang='lat' dir='ltr'>posset.</span> 
     </span>
    </p>
   </div>
   <div class='ocr_carea' id='block_1_11' title="bbox 299 2454 2024 2887">
    <p class='ocr_par' dir='ltr' id='par_1_11' title="bbox 299 2454 2024 2887">
     <span class='ocr_line' id='line_1_20' title="bbox 436 2454 2020 2511; baseline -0.001 -13"><span class='ocrx_word' id='word_1_134' title='bbox 436 2457 586 2510; x_wconf 89' lang='lat' dir='ltr'>Itaque</span> <span class='ocrx_word' id='word_1_135' title='bbox 619 2454 671 2496; x_wconf 89' lang='lat' dir='ltr'>ad</span> <span class='ocrx_word' id='word_1_136' title='bbox 704 2454 1013 2507; x_wconf 80' lang='lat' dir='ltr'>Theologica</span> <span class='ocrx_word' id='word_1_137' title='bbox 1044 2454 1185 2497; x_wconf 87' lang='lat' dir='ltr'>studia</span> <span class='ocrx_word' id='word_1_138' title='bbox 1216 2455 1329 2508; x_wconf 88' lang='lat' dir='ltr'>quod</span> <span class='ocrx_word' id='word_1_139' title='bbox 1361 2455 1533 2511; x_wconf 76' lang='lat' dir='ltr'>attinet,</span> <span class='ocrx_word' id='word_1_140' title='bbox 1577 2455 1731 2509; x_wconf 87' lang='lat' dir='ltr'>duplici</span> <span class='ocrx_word' id='word_1_141' title='bbox 1769 2455 2020 2510; x_wconf 89' lang='lat' dir='ltr'>praesertim</span> 
     </span>
     <span class='ocr_line' id='line_1_21' title="bbox 299 2530 2020 2587; baseline -0.002 -11"><span class='ocrx_word' id='word_1_142' title='bbox 299 2548 346 2577; x_wconf 82' lang='lat' dir='ltr'>ex</span> <span class='ocrx_word' id='word_1_143' title='bbox 388 2533 528 2587; x_wconf 87' lang='lat' dir='ltr'>capite</span> <span class='ocrx_word' id='word_1_144' title='bbox 567 2544 738 2573; x_wconf 86' lang='lat' dir='ltr'>necesse</span> <span class='ocrx_word' id='word_1_145' title='bbox 779 2530 859 2572; x_wconf 87' lang='lat' dir='ltr'>fuit</span> <span class='ocrx_word' id='word_1_146' title='bbox 900 2543 1046 2572; x_wconf 89' lang='lat' dir='ltr'>eorum</span> <span class='ocrx_word' id='word_1_147' title='bbox 1084 2530 1397 2572; x_wconf 86' lang='lat' dir='ltr'>institutionem</span> <span class='ocrx_word' id='word_1_148' title='bbox 1440 2530 1701 2573; x_wconf 88' lang='lat' dir='ltr'>instaurare:</span> <span class='ocrx_word' id='word_1_149' title='bbox 1753 2533 1801 2573; x_wconf 76' lang='grc' dir='ltr'>κ.)</span> <span class='ocrx_word' id='word_1_150' title='bbox 1843 2531 1942 2584; x_wconf 88' lang='lat' dir='ltr'>quia</span> <span class='ocrx_word' id='word_1_151' title='bbox 1978 2531 2020 2572; x_wconf 91' lang='lat' dir='ltr'>in</span> 
     </span>
     <span class='ocr_line' id='line_1_22' title="bbox 299 2605 2019 2663; baseline -0.002 -12"><span class='ocrx_word' id='word_1_152' title='bbox 299 2607 654 2663; x_wconf 85' lang='lat' dir='ltr'>praelectionibus</span> <span class='ocrx_word' id='word_1_153' title='bbox 697 2618 799 2648; x_wconf 84' lang='lat' dir='ltr'>usus</span> <span class='ocrx_word' id='word_1_154' title='bbox 839 2619 920 2647; x_wconf 90' lang='lat' dir='ltr'>non</span> <span class='ocrx_word' id='word_1_155' title='bbox 962 2609 1027 2648; x_wconf 89' lang='lat' dir='ltr'>est</span> <span class='ocrx_word' id='word_1_156' title='bbox 1069 2609 1110 2647; x_wconf 91' lang='lat' dir='ltr'>et</span> <span class='ocrx_word' id='word_1_157' title='bbox 1141 2605 1208 2646; x_wconf 82' lang='lat' dir='ltr'>vix</span> <span class='ocrx_word' id='word_1_158' title='bbox 1247 2618 1339 2647; x_wconf 87' lang='lat' dir='ltr'>esse</span> <span class='ocrx_word' id='word_1_159' title='bbox 1378 2608 1520 2659; x_wconf 89' lang='lat' dir='ltr'>potest</span> <span class='ocrx_word' id='word_1_160' title='bbox 1562 2606 1748 2648; x_wconf 87' lang='lat' dir='ltr'>auctoris</span> <span class='ocrx_word' id='word_1_161' title='bbox 1789 2606 1830 2647; x_wconf 91' lang='lat' dir='ltr'>in</span> <span class='ocrx_word' id='word_1_162' title='bbox 1863 2605 2019 2660; x_wconf 84' lang='lat' dir='ltr'>regulis</span> 
     </span>
     <span class='ocr_line' id='line_1_23' title="bbox 300 2680 2021 2737; baseline -0.001 -12"><span class='ocrx_word' id='word_1_163' title='bbox 300 2683 522 2737; x_wconf 78' lang='lat' dir='ltr'>assignati3</span> <span class='ocrx_word' id='word_1_164' title='bbox 567 2685 618 2724; x_wconf 78' lang='lat'>2‘?</span> <span class='ocrx_word' id='word_1_165' title='bbox 651 2685 750 2724; x_wconf 88' lang='lat' dir='ltr'>sunt</span> <span class='ocrx_word' id='word_1_166' title='bbox 789 2681 899 2723; x_wconf 91' lang='lat' dir='ltr'>enim</span> <span class='ocrx_word' id='word_1_167' title='bbox 941 2680 1066 2723; x_wconf 90' lang='lat' dir='ltr'>hodie</span> <span class='ocrx_word' id='word_1_168' title='bbox 1105 2681 1247 2734; x_wconf 88' lang='lat' dir='ltr'>plures</span> <span class='ocrx_word' id='word_1_169' title='bbox 1291 2680 1561 2734; x_wconf 87' lang='lat' dir='ltr'>quaestiones</span> <span class='ocrx_word' id='word_1_170' title='bbox 1607 2681 1649 2722; x_wconf 92' lang='lat' dir='ltr'>in</span> <span class='ocrx_word' id='word_1_171' title='bbox 1695 2680 1773 2723; x_wconf 87' lang='lat' dir='ltr'>hac</span> <span class='ocrx_word' id='word_1_172' title='bbox 1819 2681 2021 2724; x_wconf 84' lang='lat' dir='ltr'>facultate</span> 
     </span>
     <span class='ocr_line' id='line_1_24' title="bbox 303 2755 2023 2810; baseline -0.002 -9"><span class='ocrx_word' id='word_1_173' title='bbox 303 2758 435 2803; x_wconf 87' lang='lat' dir='ltr'>solide</span> <span class='ocrx_word' id='word_1_174' title='bbox 467 2770 514 2800; x_wconf 88' lang='lat' dir='ltr'>ac</span> <span class='ocrx_word' id='word_1_175' title='bbox 545 2759 637 2800; x_wconf 88' lang='lat' dir='ltr'>fuse</span> <span class='ocrx_word' id='word_1_176' title='bbox 669 2756 1015 2810; x_wconf 67' lang='lat' dir='ltr'>pertractandae,</span> <span class='ocrx_word' id='word_1_177' title='bbox 1054 2768 1164 2809; x_wconf 88' lang='lat' dir='ltr'>quae</span> <span class='ocrx_word' id='word_1_178' title='bbox 1196 2755 1293 2797; x_wconf 91' lang='lat' dir='ltr'>olim</span> <span class='ocrx_word' id='word_1_179' title='bbox 1326 2759 1401 2797; x_wconf 88' lang='lat' dir='ltr'>aut</span> <span class='ocrx_word' id='word_1_180' title='bbox 1433 2756 1740 2798; x_wconf 90' lang='lat' dir='ltr'>omittebantur</span> <span class='ocrx_word' id='word_1_181' title='bbox 1772 2759 1846 2798; x_wconf 91' lang='lat' dir='ltr'>aut</span> <span class='ocrx_word' id='word_1_182' title='bbox 1886 2755 2023 2798; x_wconf 87' lang='lat' dir='ltr'>obiter</span> 
     </span>
     <span class='ocr_line' id='line_1_25' title="bbox 301 2830 2024 2887; baseline -0.002 -10"><span class='ocrx_word' id='word_1_183' title='bbox 301 2835 439 2877; x_wconf 90' lang='lat' dir='ltr'>solum</span> <span class='ocrx_word' id='word_1_184' title='bbox 471 2832 778 2875; x_wconf 88' lang='lat' dir='ltr'>delibabantur.</span> <span class='ocrx_word' id='word_1_185' title='bbox 842 2831 1045 2873; x_wconf 87' lang='lat' dir='ltr'>Materias</span> <span class='ocrx_word' id='word_1_186' title='bbox 1077 2831 1221 2884; x_wconf 87' lang='lat' dir='ltr'>itaque</span> <span class='ocrx_word' id='word_1_187' title='bbox 1253 2830 1312 2873; x_wconf 88' lang='lat' dir='ltr'>sic</span> <span class='ocrx_word' id='word_1_188' title='bbox 1345 2830 1558 2885; x_wconf 88' lang='lat' dir='ltr'>dispertiri</span> <span class='ocrx_word' id='word_1_189' title='bbox 1592 2831 1729 2873; x_wconf 87' lang='lat' dir='ltr'>conati</span> <span class='ocrx_word' id='word_1_190' title='bbox 1763 2844 1930 2887; x_wconf 84' lang='lat' dir='ltr'>sumus,</span> <span class='ocrx_word' id='word_1_191' title='bbox 1974 2834 2024 2873; x_wconf 91' lang='lat' dir='ltr'>ut</span> 
     </span>
    </p>
   </div>
   <div class='ocr_carea' id='block_1_12' title="bbox 304 2951 577 2958">
    <p class='ocr_par' dir='ltr' id='par_1_12' title="bbox 304 2951 577 2958">
     <span class='ocr_line' id='line_1_26' title="bbox 304 2951 577 2958; baseline 0 577"><span class='ocrx_word' id='word_1_192' title='bbox 304 2951 577 2958; x_wconf 95' lang='lat' dir='ltr'> </span> 
     </span>
    </p>
   </div>
   <div class='ocr_carea' id='block_1_13' title="bbox 303 3014 2022 3120">
    <p class='ocr_par' dir='ltr' id='par_1_13' title="bbox 303 3014 2022 3120">
     <span class='ocr_line' id='line_1_27' title="bbox 443 3014 2022 3063; baseline -0.002 -11"><span class='ocrx_word' id='word_1_193' title='bbox 443 3020 467 3063; x_wconf 91' lang='lat'>¹)</span> <span class='ocrx_word' id='word_1_194' title='bbox 496 3018 624 3052; x_wconf 84' lang='lat' dir='ltr'>Bisher</span> <span class='ocrx_word' id='word_1_195' title='bbox 650 3016 893 3060; x_wconf 75' lang='lat' dir='ltr'>ungedruckt3</span> <span class='ocrx_word' id='word_1_196' title='bbox 933 3015 1095 3050; x_wconf 85' lang='lat' dir='ltr'>offenbar</span> <span class='ocrx_word' id='word_1_197' title='bbox 1120 3015 1189 3050; x_wconf 90' lang='lat' dir='ltr'>den</span> <span class='ocrx_word' id='word_1_198' title='bbox 1215 3015 1483 3059; x_wconf 77' lang='lat' dir='ltr'>Provinzialen‚</span> <span class='ocrx_word' id='word_1_199' title='bbox 1516 3014 1718 3060; x_wconf 86' lang='lat' dir='ltr'>Rektoren‚</span> <span class='ocrx_word' id='word_1_200' title='bbox 1752 3014 2022 3051; x_wconf 75' lang='lat' dir='ltr'>Studien-Pra-</span> 
     </span>
     <span class='ocr_line' id='line_1_28' title="bbox 303 3074 1795 3120; baseline -0.003 -7"><span class='ocrx_word' id='word_1_201' title='bbox 303 3078 427 3113; x_wconf 85' lang='lat' dir='ltr'>fekten</span> <span class='ocrx_word' id='word_1_202' title='bbox 455 3081 519 3112; x_wconf 85' lang='lat' dir='ltr'>etc.</span> <span class='ocrx_word' id='word_1_203' title='bbox 548 3075 739 3120; x_wconf 77' lang='lat' dir='ltr'>mitgeteilt</span> <span class='ocrx_word' id='word_1_204' title='bbox 764 3086 827 3109; x_wconf 89' lang='lat' dir='ltr'>zur</span> <span class='ocrx_word' id='word_1_205' title='bbox 854 3075 1109 3119; x_wconf 83' lang='lat' dir='ltr'>Orientierung</span> <span class='ocrx_word' id='word_1_206' title='bbox 1135 3075 1223 3110; x_wconf 81' lang='lat' dir='ltr'>uber</span> <span class='ocrx_word' id='word_1_207' title='bbox 1248 3075 1305 3109; x_wconf 92' lang='lat' dir='ltr'>die</span> <span class='ocrx_word' id='word_1_208' title='bbox 1333 3085 1423 3109; x_wconf 82' lang='lat' dir='ltr'>neue</span> <span class='ocrx_word' id='word_1_209' title='bbox 1450 3074 1557 3110; x_wconf 84' lang='lat' dir='ltr'>Ratio</span> <span class='ocrx_word' id='word_1_210' title='bbox 1585 3074 1795 3109; x_wconf 86' lang='lat' dir='ltr'>studiorum.</span> 
     </span>
    </p>
   </div>
   <div class='ocr_carea' id='block_1_14' title="bbox 441 3144 910 3191">
    <p class='ocr_par' dir='ltr' id='par_1_14' title="bbox 441 3144 910 3191">
     <span class='ocr_line' id='line_1_29' title="bbox 441 3144 910 3191; baseline -0.006 -10"><span class='ocrx_word' id='word_1_211' title='bbox 441 3147 468 3191; x_wconf 75' lang='lat'>2)</span> <span class='ocrx_word' id='word_1_212' title='bbox 496 3147 561 3181; x_wconf 92' lang='lat' dir='ltr'>Vel</span> <span class='ocrx_word' id='word_1_213' title='bbox 588 3144 910 3189; x_wconf 82' lang='lat' dir='ltr'>superioribus.</span> 
     </span>
    </p>
   </div>
  </div>
 </body>
</html>
