2164 3535
206 205 288 245 262
491 200 742 236 Gemeinsame
769 198 1108 242 Convictsordnung
1134 197 1197 233 der
1223 202 1349 233 osterr.
1377 197 1530 232 Provinz
1561 200 1658 234 1654.

207 356 337 386 causa
367 343 482 385 foras
514 353 738 384 excurrere
778 340 876 393 (hoc
914 340 1024 382 enim
1056 339 1161 381 nulli
1204 338 1536 393 permittendum
1569 341 1656 391 est,
1696 339 1759 380 uti
1800 350 1938 391 neque

209 419 263 462 ad
313 419 480 473 publica
526 419 717 472 balnea),
773 417 848 459 sed
895 416 1022 459 certis
1071 415 1219 457 diebus
1261 419 1304 457 et
1343 414 1460 457 horis
1501 415 1554 457 ad
1596 413 1828 466 Collegium
1865 416 1940 455 ant

209 494 490 536 Seminarium
541 495 767 547 vocentur,
832 503 942 545 quae
998 490 1112 533 facta
1164 490 1424 545 adferentes,
1481 493 1523 532 et
1579 501 1688 543 quae
1746 487 1940 532 facienda

210 568 463 612 auferentes.

352 644 415 685 15.
464 641 607 684 Sicubi
638 642 695 683 sit
727 645 802 683 aut
836 653 928 683 esse
960 640 1097 694 possit
1128 640 1436 695 Congregatio,
1477 640 1515 682 ei
1547 639 1695 681 sedulo
1735 637 1941 691 advigila-

210 719 318 761 bunt
349 720 478 771 atque
511 729 559 759 ex
592 715 728 758 officio
761 715 1126 769 superintendent„
1160 718 1209 756 ut
1239 718 1444 768 tanquam
1475 727 1579 757 suae
1601 714 1752 756 domus
1774 725 1941 766 gemma

212 793 316 835 nihil
348 792 489 834 damni
521 792 586 834 vel
618 790 872 833 incommodi
904 791 1104 844 accipiat3
1137 790 1239 844 quin
1270 790 1412 844 potius
1436 790 1599 832 dabunt
1630 801 1818 844 operam,
1851 791 1939 830 tam

212 881 288 922 per
319 881 363 910 se
395 880 524 921 quam
556 879 631 921 per
662 865 920 921 Praefectos,
956 869 1002 907 ut
1034 865 1209 908 assidua
1240 865 1449 907 virtutum
1481 865 1782 907 exercitatione
1813 863 1942 905 bono-

213 956 307 985 rum
329 936 628 996 *spiritualium
660 941 928 984 incrementis
960 941 1003 982 in
1037 941 1125 982 dies
1159 943 1370 994 augeatur
1401 943 1444 982 et
1475 939 1723 982 efflorescat.

354 1024 419 1066 16.
466 1023 646 1065 Idoneos
675 1021 968 1076 procurabunt
1000 1021 1061 1063 rei
1092 1021 1313 1063 familiaris
1345 1021 1561 1063 ministros
1594 1033 1751 1074 eosque
1783 1021 1825 1062 in
1857 1021 1943 1074 pie-

213 1102 328 1151 tate,
370 1099 522 1141 timore
554 1098 632 1140 Dei
669 1110 717 1139 ac
749 1109 915 1139 morum
948 1096 1171 1139 honestate
1211 1096 1375 1138 institui
1417 1096 1650 1152 curabunt,
1692 1095 1940 1150 praesertim

215 1174 269 1217 ad
300 1173 564 1227 frequentem
588 1172 962 1215 Sacramentorum
994 1185 1133 1224 usum,
1167 1172 1221 1215 ad
1252 1185 1420 1215 sacrum
1444 1171 1648 1227 quotidie,
1680 1171 1821 1225 quoad
1852 1170 1943 1213 fieri

215 1252 380 1305 potest,
413 1248 696 1301 audiendum,
730 1248 783 1289 ad
815 1248 1048 1290 matutinas
1082 1249 1124 1290 et
1155 1247 1418 1301 vespertinas
1457 1259 1626 1301 preces,
1665 1246 1719 1288 ad
1751 1245 1944 1288 benedic-

215 1327 373 1369 tionem
406 1328 448 1367 et
480 1324 717 1377 gratiarum
751 1323 973 1378 actionem,
1003 1325 1007 1374 Ι
1036 1322 1090 1365 ad
1129 1322 1298 1365 litanias
1341 1322 1580 1365 recitandas
1621 1334 1706 1363 una
1748 1334 1843 1363 cum
1874 1321 1945 1363 de-

216 1402 306 1444 bita
336 1399 575 1443 reverentia
605 1402 648 1441 et
677 1398 899 1441 devotione
931 1398 1143 1440 inducere.

361 1477 426 1517 17.
460 1475 508 1516 In
542 1473 778 1516 coemendis
812 1472 938 1515 rebus
970 1472 1141 1514 maioris
1164 1473 1366 1514 momenti
1398 1485 1473 1515 seu
1497 1472 1568 1514 diu
1591 1471 1809 1514 duraturis
1842 1475 1946 1515 tem-

218 1551 331 1605 poris
366 1549 728 1604 opportunitatem
762 1548 1069 1601 observabunt,
1111 1551 1245 1601 utque
1277 1548 1418 1590 omnia
1448 1547 1606 1589 munde
1638 1546 1946 1600 diligenterque

219 1626 584 1679 administrentur,
615 1624 908 1677 invigilabunt.
972 1623 1193 1666 Familiam
1227 1623 1339 1665 domi
1372 1624 1621 1676 occupatam
1655 1622 1946 1676 continebunt,

220 1715 357 1755 neque
389 1701 530 1743 sinant
562 1700 733 1753 evagari
766 1699 1029 1755 quempiam,
1070 1699 1323 1753 praesertim
1355 1701 1497 1752 nocte,
1540 1698 1780 1751 clausisque
1812 1697 1946 1751 portis

219 1788 394 1830 vespere
426 1775 564 1818 claves
598 1775 651 1817 ad
684 1788 729 1817 se
761 1787 905 1817 omnes
938 1774 1155 1827 recipiant.

362 1852 426 1894 18.
462 1850 697 1906 Cavebunt,
729 1863 781 1892 ne
814 1862 837 1891 a
869 1849 1099 1892 iuvenibus
1132 1849 1350 1891 esculenta
1381 1852 1424 1890 et
1454 1847 1676 1902 potulenta
1707 1848 1814 1890 clam
1846 1847 1948 1890 infe-

222 1930 374 1970 rantur
404 1927 446 1968 in
479 1925 665 1979 domum,
697 1938 803 1967 neve
835 1925 1117 1968 clanculariae
1149 1924 1432 1967 instituantur
1464 1924 1719 1966 collationes.
1779 1923 1948 1965 Nostris

222 2015 320 2045 vero
354 2000 712 2044 extraordinarias
745 2012 827 2042 non
862 2000 1026 2041 dabunt
1056 2002 1228 2053 praeter
1259 2012 1353 2054 eas,
1397 2012 1506 2052 quae
1543 1999 1700 2041 nostris
1740 1999 1782 2040 in
1815 1998 1949 2041 Colle-

222 2078 300 2132 gijs
332 2076 565 2131 permissae
595 2079 706 2117 sunt.

365 2153 428 2193 19.
476 2150 712 2203 Diligenter
743 2162 819 2202 per
849 2148 1093 2191 Praefectos
1132 2148 1441 2204 providebunt,
1484 2154 1532 2191 ut
1574 2149 1763 2202 quotidie
1805 2162 1829 2191 a
1867 2149 1949 2191 sin-

223 2228 332 2282 gulis
366 2239 460 2268 cum
494 2225 676 2280 primum
709 2224 879 2267 excitati
912 2237 957 2266 se
988 2224 1216 2277 induerint,
1248 2224 1496 2266 exercitium
1519 2224 1775 2266 matutinum
1799 2224 1950 2266 devote

227 2302 450 2355 recitetur,
492 2313 576 2342 uno
620 2299 734 2341 clara
766 2311 865 2340 voce
897 2302 1170 2352 praeorante,
1211 2299 1388 2341 caeteris
1421 2299 1794 2352 respondentibus:
1836 2298 1950 2352 quod

224 2378 363 2430 ipsum
395 2376 436 2417 in
469 2375 645 2428 singulis
685 2374 944 2426 dormitoriis
977 2386 1173 2427 vespere,
1219 2373 1319 2415 dum
1362 2373 1600 2415 decubituri
1642 2386 1734 2416 sese
1776 2377 1950 2429 exuunt,

226 2451 522 2494 observabitur
551 2449 797 2492 exercitium
829 2449 1115 2502 vespertinum
1148 2449 1376 2491 recitando.
1406 2451 1411 2500 Ι

367 2527 433 2567 20.
483 2525 638 2567 Omnes
684 2525 726 2566 in
770 2525 858 2566 suis
900 2524 1086 2566 Musaeis
1126 2524 1315 2577 quotidie
1360 2537 1437 2578 per
1481 2524 1609 2567 horae
1655 2514 1950 2579 quadrantem,

226 2614 349 2644 mane
383 2604 481 2642 ante
523 2599 688 2655 studia,
730 2598 862 2653 Officij
897 2599 945 2640 B.
981 2600 1027 2640 V.
1062 2599 1321 2641 Matutinum
1365 2603 1404 2641 et
1448 2599 1621 2655 laudes,
1661 2600 1742 2642 nisi
1784 2600 1951 2653 aliquae

229 2677 336 2718 aliae
366 2688 510 2729 preces
542 2675 676 2728 magis
716 2674 1058 2717 accommodatae
1092 2674 1358 2729 viderentur,
1399 2675 1524 2717 simul
1566 2675 1680 2717 clara
1720 2688 1820 2717 voce
1861 2687 1952 2717 ora-

228 2752 357 2807 bunt,
394 2763 477 2792 uno
511 2750 598 2792 scil.
632 2753 905 2803 praeorante,
946 2750 1038 2803 alijs
1072 2749 1445 2803 respondentibus3
1478 2750 1663 2803 reliquas
1695 2763 1793 2792 vero
1824 2750 1951 2792 horas

231 2825 410 2880 quilibet
448 2838 524 2879 pro
567 2824 867 2867 commoditate
906 2825 1081 2867 seorsim
1122 2824 1328 2867 recitabit.
1392 2824 1457 2866 Illi
1499 2837 1618 2872 vero,
1662 2825 1733 2878 qui
1778 2825 1951 2878 obligati

229 2901 388 2943 fuerint
419 2900 555 2942 maius
588 2899 769 2941 officium
803 2900 954 2954 dicere,
988 2912 1086 2941 suas
1120 2900 1246 2942 horas
1281 2900 1460 2942 recitare
1492 2902 1714 2953 poterunt,
1748 2900 1848 2941 dum
1880 2900 1948 2954 alij

231 2989 306 3029 per
337 2975 618 3028 quadrantem
650 2974 910 3017 Matutinum
942 2978 984 3017 et
1016 2975 1183 3017 Laudes
1216 2978 1351 3017 orant.

370 3050 436 3093 21.
478 3048 544 3090 Ad
576 3048 740 3092 scholas
773 3053 821 3090 ut
852 3049 977 3091 simul
1000 3049 1146 3092 ordine
1178 3051 1360 3103 pergant
1382 3049 1703 3105 diligenterque,
1735 3050 1951 3092 observari

233 3128 400 3175 curent3
441 3126 483 3166 et
514 3137 607 3167 cum
639 3124 844 3167 finiuntur
882 3124 1049 3167 scholae
1082 3130 1156 3167 aut
1187 3124 1343 3166 Missae
1382 3137 1666 3178 vesperaeque
1704 3125 1746 3166 in
1780 3125 1950 3179 templo,

2157 1922 2164 1941 =.-
2157 1799 2164 1915 ...μ-..Λ-
2157 1705 2164 1792 ..-α..,-..
2156 1656 2164 1695 a.-
