2164 3535
669 212 941 255 Heranbildung
967 211 1030 246 der
1054 210 1192 246 Lehrer
1220 212 1318 245 1622.
1770 211 1848 252 201

135 354 313 396 barbare
352 352 561 408 loquendo
603 351 783 393 barbare
825 350 938 405 loqui
979 349 1261 392 assuescimus
1303 352 1346 390 et
1385 348 1616 390 orationem
1666 349 1855 388 nostram

134 429 261 471 etiam
294 429 484 470 nolentes
518 427 866 470 contaminamus.
920 425 1073 478 Majori
1106 438 1202 466 vero
1236 436 1338 465 cura
1370 436 1478 477 qnae
1511 435 1558 464 ex
1592 421 1731 463 altiori
1763 421 1854 462 loco

134 503 403 558 pronunciari
438 502 591 544 debent
622 501 743 554 poliri
776 503 818 542 et
849 500 1041 542 exornari
1075 499 1300 541 debebunt.

273 581 309 619 5.
356 578 419 619 De
452 576 776 629 concertatione,
809 588 903 617 cuni
937 588 1059 616 rarus
1092 575 1147 616 sit
1179 574 1290 616 illius
1323 585 1438 627 nsuS,
1475 584 1556 613 non
1590 573 1654 613 est
1687 582 1858 613 necesse

134 653 351 708 speciatim
385 651 543 707 aliquid
576 650 830 704 praecipere.

538 916 575 969 c)
623 916 691 957 De
729 914 977 967 magistro
1015 913 1223 955 infimae
1262 912 1455 955 classis.

274 1032 353 1083 Qui
391 1032 575 1074 infimam
617 1032 918 1085 grammaticae
956 1030 1199 1084 profitetur,
1237 1030 1356 1073 initio
1389 1030 1565 1072 docendi
1597 1032 1731 1070 totam
1766 1028 1861 1069 Em-

137 1108 342 1150 manuelis
391 1107 731 1159 grammaticam,
780 1106 995 1148 Tullianas
1053 1106 1324 1161 quaestiones
1365 1106 1409 1147 Ρ,
1451 1105 1642 1147 Andreae
1684 1103 1861 1157 Schotti,

138 1182 361 1235 Varronis,
394 1182 494 1224 item
527 1182 664 1231 Festi,
697 1181 900 1223 Macrobii
933 1180 1062 1223 libros
1096 1180 1396 1234 etymologicos
1429 1180 1510 1222 cito
1543 1182 1782 1234 percurret,
1821 1180 1863 1218 et

136 1271 245 1313 quac
277 1258 404 1310 digna
436 1257 653 1310 reputabit
683 1257 724 1298 in
758 1257 1002 1299 adversaria
1035 1258 1224 1310 reponat.
1274 1256 1388 1298 Utile
1420 1268 1590 1310 quoque
1614 1255 1694 1296 erit
1715 1253 1861 1296 eodem

138 1338 327 1387 tempore
350 1333 717 1374 Nomenclatorem
748 1332 858 1374 Iunii
891 1332 1139 1374 familiarem
1172 1331 1327 1373 habere
1360 1331 1589 1385 statimque
1618 1341 1863 1371 assuescere

139 1408 291 1459 omnia,
323 1421 431 1462 quae
462 1408 664 1463 loquitur,
698 1407 866 1461 proprie
898 1407 1042 1460 lingua
1074 1407 1346 1449 classicorum
1370 1410 1593 1448 auctorum
1616 1404 1861 1459 exprimere.

138 1484 240 1525 Post
280 1483 402 1533 haec,
443 1482 562 1524 initio
603 1482 690 1525 fere
721 1483 964 1533 Februarii,
1006 1483 1175 1535 incipiet
1214 1482 1414 1535 epistolas
1449 1480 1660 1524 Ciceronis
1701 1479 1754 1521 ad
1786 1479 1865 1520 Fa-

138 1558 322 1599 miliares
355 1570 519 1613 omnes,
553 1558 741 1611 ejusdem
774 1557 827 1599 ad
850 1558 1040 1599 Atticum
1072 1560 1114 1598 et
1147 1557 1191 1607 Q.
1223 1558 1396 1598 fratrem
1432 1556 1578 1598 eodem
1610 1554 1749 1606 modo,
1781 1566 1864 1609 quo

140 1647 270 1687 snpra
303 1633 461 1675 dictum
495 1636 569 1674 est.
624 1633 873 1685 Interponet
902 1634 1044 1673 tamen
1068 1631 1246 1674 subinde
1267 1631 1455 1673 libellum
1480 1631 1662 1686 aliquem
1684 1628 1865 1671 Manutii

141 1708 192 1750 de
226 1708 564 1761 Orthographia,
599 1708 649 1749 de
680 1707 1112 1761 Interpretationibus
1146 1711 1221 1749 aut
1252 1708 1458 1750 similibus
1491 1706 1864 1760 grammaticorum

141 1785 464 1837 praeceptorum
507 1782 830 1835 supplementis,
878 1783 1045 1837 qualem
1086 1782 1272 1825 invenies
1313 1783 1355 1824 in
1398 1783 1510 1825 calce
1553 1780 1866 1823 Grammaticae

141 1858 322 1900 Simonis
355 1857 572 1911 Verepaei.
635 1856 722 1898 Sub
754 1856 877 1898 finem
911 1857 1008 1898 anni
1041 1857 1208 1910 legatur
1234 1857 1402 1900 Rochus
1426 1857 1659 1899 Perusinus
1692 1855 1742 1897 de
1774 1858 1865 1897 arte

143 1933 360 1987 epistolica
393 1936 468 1974 aut
500 1932 743 1985 Verepaeus
777 1931 827 1973 de
860 1931 1004 1974 eodem
1039 1935 1302 1985 argumento.

177 1998 179 2000 ’
279 2008 327 2049 In
366 2008 584 2061 graecis,
626 2008 696 2049 ubi
738 2012 966 2062 praecepta
1008 2010 1309 2062 grammaticae
1352 2009 1610 2052 sufficienter
1640 2007 1866 2060 imbiberit,

142 2083 341 2125 Isocratis
375 2083 607 2125 orationem
632 2083 683 2124 ad
707 2083 996 2125 Democritum
1021 2085 1083 2126 vel
1107 2088 1234 2138 caput
1257 2084 1512 2127 Catechismi
1536 2082 1729 2138 sequenti
1757 2094 1865 2123 anno

143 2158 183 2199 in
215 2157 354 2199 media
385 2157 519 2199 classe
552 2158 846 2211 explicandum
878 2159 918 2200 in
951 2172 1100 2201 manus
1133 2164 1294 2213 sumet,
1337 2163 1379 2201 et
1410 2159 1528 2200 initio
1570 2158 1741 2214 quidem
1782 2170 1868 2199 mo-

144 2233 301 2283 rosius,
345 2232 397 2273 ad
439 2246 533 2274 eum
576 2232 663 2274 fere
705 2233 896 2289 modum,
938 2248 1021 2289 quo
1053 2235 1096 2276 P.
1133 2235 1363 2276 Gretserns
1395 2235 1436 2276 in
1470 2247 1549 2276 sua
1581 2232 1869 2275 Grammatica

144 2310 308 2362 partem
332 2307 534 2348 orationis
558 2306 597 2348 S.
619 2307 908 2361 Chrysostomi
932 2309 1199 2362 examinavit,
1229 2309 1436 2351 verbatim
1459 2308 1687 2361 expendet,;
1721 2310 1869 2360 postea

145 2395 258 2437 vero,
290 2382 361 2423 ubi
386 2381 574 2423 nonnihil
596 2383 835 2437 profecerit,
867 2383 1008 2425 licebit
1032 2383 1186 2425 leviore
1209 2384 1379 2426 brachio
1403 2384 1584 2425 multum
1606 2394 1866 2436 percurrere.

283 2457 331 2498 In
371 2457 591 2499 carmine
622 2470 742 2505 vero,
786 2458 973 2510 perlecta
1006 2459 1278 2501 Institutione
1308 2459 1473 2512 poetica
1503 2459 1547 2500 P.
1583 2457 1732 2500 Jacobi
1762 2457 1867 2498 Pon-

146 2533 233 2574 tani
273 2532 338 2573 vel
370 2531 588 2587 Buchleri,
631 2532 792 2585 primus
833 2533 904 2587 qui
942 2533 1110 2585 legatur
1149 2534 1203 2575 sit
1234 2534 1399 2587 Virgilii
1431 2533 1559 2575 codex
1592 2546 1616 2574 a
1646 2532 1784 2586 capite
1816 2531 1870 2573 ad

146 2607 300 2649 calcem
332 2607 680 2661 pervolutandus,
714 2607 948 2649 observatis
980 2607 1043 2659 iis,
1076 2621 1185 2662 qnae
1212 2608 1264 2649 ad
1286 2609 1443 2660 ligatae
1467 2608 1667 2650 orationis
1690 2607 1869 2649 virtutes

146 2683 370 2736 pertinent.
434 2683 510 2724 His
543 2682 767 2724 succedere
799 2686 979 2736 possunt
1010 2687 1272 2736 expurgatae
1306 2683 1441 2725 Ovidii
1476 2683 1659 2738 Elegiae,
1691 2682 1870 2724 maxime

147 2758 257 2811 illae,
289 2770 399 2812 quae
429 2757 470 2798 in
502 2758 701 2811 proximis
735 2758 886 2800 scholis
920 2758 1131 2800 ordinarie
1164 2759 1360 2812 explicari
1394 2759 1541 2801 solent.

285 2832 333 2873 In
364 2832 589 2874 historia
618 2833 798 2886 legenda
829 2834 994 2874 initium
1027 2833 1206 2876 ducetur
1238 2847 1262 2876 a
1293 2834 1379 2875 vita
1412 2833 1623 2876 Ciceronis
1655 2846 1680 2875 a
1701 2834 1768 2874 Fr.
1794 2833 1871 2873 Fa-

148 2907 272 2948 britio
306 2907 432 2962 edita,
464 2907 543 2949 nisi
574 2908 683 2950 forte
714 2908 828 2950 illam
862 2911 959 2950 ante
992 2909 1151 2961 legerit.
1205 2909 1314 2951 Huic
1346 2909 1544 2951 succedet
1572 2908 1753 2961 epitome
1775 2906 1871 2948 Iulii

151 2981 263 3022 Flori
305 2994 398 3022 cum
440 2983 752 3024 commentariis
784 2983 924 3025 lodoci
959 2983 1111 3026 Stadii:
1154 2984 1306 3039 quodsi
1343 2984 1377 3027 is
1415 2983 1560 3025 haberi
1598 2995 1681 3024 non
1713 2984 1870 3036 posset,

150 3060 345 3097 sumatur
387 3057 518 3111 alius,
560 3057 631 3111 qui
662 3057 867 3111 principia
898 3070 1170 3111 progressum
1203 3062 1245 3100 et
1277 3058 1584 3101 vicissitudines
1618 3056 1872 3109 reipublicae

151 3132 365 3173 Romanae
397 3131 581 3174 breviter
602 3133 876 3187 perstringat,
909 3133 1045 3189 qualis
1069 3137 1133 3176 est
1155 3134 1404 3189 Eutropius,
1437 3132 1630 3186 Sigonius
1653 3132 1694 3174 in
1716 3131 1870 3186 Fastis,
