2164 3535
262 229 312 269 12
501 226 696 270 Catalogus
724 231 861 272 perpet.
890 227 1010 262 Germ.
1039 229 1314 272 Sup.1602m4.
1356 230 1612 266 commentarii
1640 235 1737 268 1604.

388 385 606 439 Epistolae
638 386 710 428 sel.
736 385 936 429 Graecae.
990 387 1140 430 Jacobi
1164 387 1355 432 Gretseri
1386 389 1644 433 Rudimenta
1671 390 1847 434 Graeca.

309 462 367 503 In
400 461 506 504 ΙΙΙὲ.ι
538 461 910 505 Grammatica.

391 537 446 578 M.
473 537 515 579 T.
542 538 625 580 Cic.
651 537 801 580 Select.
837 538 971 592 Epist.
1004 538 1030 580 1.
1055 540 1091 581 3.
1160 539 1449 584 Emmanuelis
1480 541 1626 584 Aluari
1659 541 1685 584 l.
1721 544 1756 584 1.
1791 543 1978 586 Gramm.

252 625 355 655 cum
387 612 706 656 Introductione
738 614 984 668 Syntaxeos.

388 688 450 729 Ex
482 688 747 731 Rudimentis
781 688 929 731 Jacobi
962 689 1152 734 Gretseri
1195 692 1497 737 declinationes
1535 694 1746 749 simplices
1785 698 1828 738 et
1867 696 1981 738 nuda

253 763 481 805 uerborum
514 764 829 818 Barytonorum
862 764 1040 808 inflexio.

312 839 369 880 In
402 839 590 881 ordine
622 838 889 882 inferiore
920 841 1047 885 IIIa.e
1079 841 1303 885 Gramm.
1368 845 1676 899 (Rudimenta.)

386 915 444 956 M.
479 915 522 956 T.
558 914 640 957 Cic.
676 915 903 969 Epistolar.
939 917 1010 959 sel.
1045 917 1068 959 l.
1104 919 1141 958 2.
1205 918 1494 962 Emmanuelis
1525 920 1675 963 Aluari
1707 921 1977 965 Rudimenta.

258 1015 310 1020 -
343 990 625 1044 Alphabetum
660 990 882 1034 Graecum.

390 1066 453 1108 Ad
487 1067 755 1120 quotidianas
789 1071 865 1110 etc.
902 1082 937 1110 v.
971 1082 1101 1123 supra
1132 1073 1229 1122 post
1262 1069 1394 1112 Catal.
1432 1072 1507 1124 1¹).

507 1435 823 1513 Catalogus
870 1436 1447 1494 Commentariorum.
1538 1440 1707 1495 1604.

825 1552 892 1596 (A.
918 1552 964 1588 G.
990 1553 1107 1588 xm.
1134 1553 1186 1588 M.
1214 1552 1252 1588 b.
1278 1562 1312 1588 s.
1339 1553 1397 1597 p.)

393 1671 617 1721 Confectus
655 1676 715 1710 est
756 1672 984 1723 catalogus
1023 1687 1105 1713 'non
1139 1686 1221 1723 pro
1254 1676 1498 1713 evereimus
1529 1675 1871 1725 Professoribu&
1904 1676 1978 1714 sed

245 1759 327 1795 pro
369 1749 686 1795 incipientibus,
721 1752 794 1798 qui
833 1751 1009 1788 necdum
1052 1753 1235 1800 cognitos
1277 1750 1426 1789 habent
1456 1751 1722 1799 Interpretes.
1787 1751 1871 1790 Sed
1900 1764 1977 1790 cur

252 1827 340 1862 tam
383 1823 505 1861 multi
535 1829 775 1873 pomeriatam.
820 1829 856 1864 et
886 1838 969 1864 uon
994 1829 1138 1875 potius
1175 1825 1436 1865 selectiores?
1498 1827 1603 1874 Quis
1637 1826 1755 1876 eliget
1785 1828 1975 1864 omnibus

250 1899 519 1948 placituros?
578 1900 707 1939 Alius
747 1901 875 1948 Immo,
919 1902 1032 1940 (nlius
1073 1902 1206 1940 alium
1232 1903 1440 1951 praefert.
1503 1901 1673 1951 Deliyet
1702 1901 1861 1950 leyen35
1893 1914 1975 1940 non

257 1977 368 2013 enim
401 1987 543 2013 omnes
573 1978 813 2025 sv’ynantw,
848 1979 892 2014 'ut
921 1988 1060 2014 omnes
1095 1979 1333 2014 emantur.

457 2046 713 2088 Elenchus
747 2046 1239 2089 Commentariorum
1272 2047 1319 2088 in
1352 2059 1434 2088 eos
1467 2049 1728 2097 auctores,

459 2121 543 2174 qui
575 2121 621 2162 in
655 2122 1027 2175 quinquennali
1061 2122 1308 2175 Catalogo
1341 2121 1783 2175 praescribuntur.

794 2273 837 2313 ln
871 2273 924 2314 Μ.
960 2272 1113 2327 ΤυΙΙὶ]
1148 2271 1429 2314 Ciceronis.

311 2347 609 2389 Orationes.

390 2423 547 2465 Paulus
588 2424 819 2467 Manutius.
890 2425 1140 2467 Franciscus
1183 2424 1364 2479 Syluius.
1446 2422 1659 2464 Guarinus
1702 2422 1969 2464 Veronensis.

253 2497 604 2541 Bartholomaeus
644 2499 805 2542 Susius.
868 2499 1220 2542 Bartholomaeus
1255 2500 1470 2541 Latomus.
1531 2498 1716 2539 ‚Joannes
1760 2496 1966 2538 Saxonius

253 2576 295 2613 et
327 2573 393 2627 alij
434 2574 474 2615 in
517 2587 600 2615 uno
634 2575 849 2616 uolumine
890 2575 1100 2617 coniuncti
1142 2575 1182 2616 in
1215 2575 1334 2629 folio.
1377 2572 1569 2615 Basileae
1606 2572 1726 2614 1553.
1790 2571 1971 2613 Thomas

255 2648 446 2701 Freigius
479 2649 520 2690 in
553 2662 695 2691 omnes
728 2650 940 2692 orationes
975 2650 1187 2691 Ciceronis
1220 2648 1448 2702 separatim
1480 2648 1521 2688 in
1552 2648 1604 2689 89
1637 2646 1843 2689 Basileae.

389 2724 645 2766 Nominatim
678 2725 720 2766 in
756 2728 789 2767 1.
814 2725 914 2766 vol.
949 2726 1187 2767 orationum
1209 2724 1377 2777 scripsit
1399 2723 1649 2765 Franciscus
1673 2722 1967 2764 Ottomannus.

253 2799 422 2852 Optima
454 2799 625 2840 uidetur
656 2799 831 2842 Joannis
854 2800 976 2842 Beati
997 2800 1261 2842 Bibliotheca
1292 2799 1522 2841 communis
1555 2798 1596 2839 in
1630 2801 1665 2839 1.
1691 2797 1842 2839 volum.
1877 2808 1968 2838 ora-

255 2874 415 2915 tionum
451 2874 674 2917 Ciceronis.

392 2950 437 2990 In
472 2949 739 3003 Philippicas.
788 2949 954 2992 Coelius
988 2949 1205 2992 Secundus
1239 2949 1377 2992 Curio.
1426 2949 1707 3002 Hieronymus
1731 2946 1968 2989 Ferrarius.

389 3025 438 3066 In
471 3025 751 3067 Catilinarias.
815 3025 868 3066 M.
904 3025 1000 3066 Ant.
1032 3025 1238 3067 Muretus.
1302 3024 1544 3066 Matthaeus
1578 3024 1820 3065 Dresserus.

394 3188 419 3227 ¹)
446 3186 497 3219 Im
523 3185 636 3220 Jahre
667 3188 753 3221 1609
778 3186 856 3220 tritt
882 3185 1014 3220 wieder
1039 3185 1102 3219 der
1129 3185 1240 3221 Catal.
1267 3185 1281 3218 I
1310 3195 1376 3219 von
1406 3187 1491 3219 1604
1518 3184 1575 3218 ein
1601 3195 1634 3218 u.
1662 3194 1687 3218 s.
1715 3194 1755 3216 W.
