2164 3535
250 224 303 265 72
526 205 529 207 ⁵
641 218 892 264 Stundenplan
918 218 955 253 in
981 218 1044 253 der
1069 217 1398 253 osterreichischen
1425 217 1589 252 Provinz.

251 375 482 407 commune.
523 362 561 403 5.
581 362 618 403 6.
643 360 921 415 Explicantur
937 360 1172 412 Praecepta
1188 357 1365 400 Scholae
1382 357 1602 411 superiori.
1642 357 1698 399 Et
1715 359 1753 398 7.
1776 357 1981 400 Historia.

251 437 429 481 Interim
462 436 676 490 componit
707 435 849 478 thema
881 434 1035 477 Schola
1067 433 1259 476 Inferior.
1322 434 1360 474 8.
1386 435 1423 474 9.
1458 433 1692 486 Praecepta
1719 432 1895 475 Scholae
1917 433 1985 474 Inu

252 513 432 557 ferioris.
499 513 563 554 10.
598 511 803 566 Ejusdem
825 509 1029 552 Historia.
1082 510 1257 552 Interim
1289 508 1503 562 componit
1532 507 1685 550 Schola
1717 508 1922 562 superior.

396 589 428 630 A
459 587 648 630 Meridie.
715 589 750 627 1.
775 589 817 628 et
846 587 882 627 2.
924 585 1160 628 Lectiones.
1223 584 1508 638 Corriguntur
1538 584 1729 626 themata
1760 583 1984 626 inferioris.

256 664 515 718 Assignatur
533 663 704 716 utrique
722 661 900 703 Scholae
918 660 1054 703 versio
1072 660 1137 702 vel
1154 660 1355 713 Regulae,
1375 659 1574 713 exemplis
1592 659 1884 701 illustrandae.
1905 662 1985 701 eet.

256 742 295 783 3.
318 743 361 782 et
381 741 420 781 4.
453 737 638 781 Dictatio
671 736 870 779 thematis
905 736 1150 778 communis.
1207 738 1244 777 5.
1271 737 1294 777 6
1342 735 1507 778 Author
1530 735 1770 789 Superioris
1795 734 1984 777 Scholae.

259 818 295 857 7.
337 814 542 868 Ejusdem
582 812 785 855 Historia.
858 812 1040 854 Faciunt
1080 811 1249 854 interim
1299 823 1421 853 suam
1468 810 1703 852 versionem
1744 809 1986 852 Inferiores.

258 891 296 933 8.
331 892 374 932 et
405 891 442 931 9.
490 887 658 931 Author
688 886 916 930 Inferioris.
995 888 1059 929 10.
1094 886 1297 937 Eiusdem
1328 886 1531 930 Historia.
1594 887 1780 929 Vertunt
1820 884 1988 927 interim

259 977 513 1020 superlores.

734 1090 925 1133 Diebus
959 1090 1144 1144 quibus
1177 1089 1515 1143 componitur.

402 1188 438 1227 1.
478 1183 699 1227 Semihora
729 1184 965 1226 Lectiones.
1028 1185 1065 1225 2.
1106 1182 1291 1225 Dictatio
1326 1181 1553 1225 Thematis,
1616 1183 1653 1223 3.
1677 1184 1716 1223 4.
1741 1183 1778 1225 5.
1815 1181 1992 1235 Compo-

261 1262 358 1305 sitio
390 1260 618 1304 Thematis.

402 1337 438 1378 A
468 1335 658 1378 Meridie.
723 1338 758 1377 1.
794 1335 1029 1381 Lectiones,
1095 1335 1381 1388 Assignantur
1418 1333 1634 1376 vertenda.
1699 1336 1735 1376 2.
1771 1333 1994 1376 Semihora

264 1411 451 1455 Dictatio
494 1410 709 1453 Thematis
753 1411 998 1453 communis.
1079 1413 1116 1453 5.
1160 1410 1407 1462 Quadrante
1449 1413 1491 1451 et
1534 1411 1571 1451 6.
1606 1409 1773 1451 Author
1815 1408 1994 1451 Scholae

267 1487 518 1542 Superioris.
583 1489 620 1528 7.
654 1486 858 1540 Ejusdem
889 1486 1091 1529 Historia.
1163 1488 1199 1528 8.
1226 1489 1269 1528 et
1291 1488 1329 1527 9.
1363 1485 1528 1527 Author
1560 1485 1738 1528 Scholae
1768 1483 1991 1528 inferioris.

269 1564 334 1605 10.
368 1562 570 1605 Historia.
633 1561 810 1604 Interim
841 1560 889 1604 fit
920 1562 1094 1604 alternis
1127 1562 1276 1605 versio.

885 1712 1094 1755 Diebus
1132 1712 1377 1755 Veneris.

409 1805 621 1848 Matutino
654 1808 845 1860 tempore
877 1809 926 1847 ut
957 1805 1120 1857 diebus,
1154 1804 1308 1858 quibus
1340 1805 1442 1847 nihil
1476 1804 1754 1858 componitur.

408 1881 443 1923 A
475 1880 663 1924 Meridie.
732 1883 764 1921 1.
797 1880 1016 1923 Semihora
1046 1881 1282 1923 Lectiones.
1332 1880 1546 1922 Correctio
1579 1879 1842 1922 Thematum.

705 2032 799 2073 Pro
838 2031 1091 2073 Parvistis
1130 2034 1178 2073 et
1215 2031 1560 2085 Principistis.

412 2127 449 2167 2.
490 2125 656 2168 Author
692 2125 922 2179 superioris
963 2125 1150 2167 Scholae.
1220 2123 1359 2165 Vertit
1396 2123 1588 2166 Inferior.
1660 2124 1695 2164 3.
1736 2121 1902 2163 Author
1933 2120 1999 2162 In-

272 2200 450 2243 ferioris.
528 2199 669 2241 Vertit
716 2199 928 2253 Superior.
1006 2202 1044 2241 4.
1094 2199 1329 2253 Explicatio
1376 2199 1540 2241 Graeca
1592 2198 1763 2251 utrique
1809 2195 1997 2238 Scholae.

275 2278 312 2318 5.
346 2275 527 2331 Scriptio
561 2275 796 2330 utriusque.

689 2403 790 2445 Pro
833 2402 1207 2445 Grammatica
1245 2406 1296 2444 et
1335 2402 1583 2457 Syntaxi.

415 2487 452 2526 2.
486 2484 722 2538 Explicatio
762 2483 924 2527 Graeca
956 2483 1182 2537 Superiori.
1254 2485 1290 2527 3.
1327 2483 1562 2537 Explicatio
1595 2482 1759 2525 Graeca
1792 2479 2000 2522 Inferiori.

277 2563 317 2605 4.
340 2564 382 2604 et
404 2564 440 2603 5.
476 2560 657 2614 Scriptio
690 2559 866 2602 Graeca.

874 2698 1082 2741 Diebus
1124 2697 1407 2740 Sabbathi.

421 2794 455 2834 1.
490 2792 729 2845 Lectiones,
771 2796 813 2834 et
849 2791 883 2833 si
925 2790 1026 2844 quid
1059 2790 1244 2843 supersit
1276 2788 1561 2832 correctionis.
1626 2790 1661 2829 2.
1688 2791 1730 2829 et
1753 2787 1790 2827 3.
1825 2785 2003 2827 Concer-

280 2868 385 2911 tatio
418 2881 466 2909 ex
497 2867 741 2921 Praeceptis
774 2867 998 2920 utriusque
1027 2866 1215 2908 Scholae.
1279 2866 1316 2905 4.
1342 2868 1384 2905 et
1407 2866 1444 2905 5.
1479 2863 1748 2906 Concertatio
1781 2861 2004 2913 utriusque

281 2957 330 2987 ex
361 2943 551 2985 Authore
582 2942 714 2984 totius
747 2942 1046 2985 hebdomadae.

420 3018 455 3059 A
477 3018 654 3060 Meridie
684 3018 747 3059 uti
779 3019 821 3059 et
842 3016 1056 3059 Proiestis.
1114 3019 1148 3058 1.
1182 3015 1413 3058 Lectiones.
1475 3015 1511 3053 2.
1547 3012 1814 3054 Concertatio
1848 3010 2005 3052 utrius-

283 3106 366 3147 que
406 3106 454 3135 ex
496 3093 698 3135 Historia.
761 3093 799 3134 3.
842 3092 1026 3133 Dictatio
1065 3090 1278 3134 Thematis
1324 3088 1567 3131 communis.
1632 3089 1670 3128 4.
1715 3085 2004 3129 Cateehismus

284 3169 508 3222 utriusque
540 3168 784 3210 attendente
815 3166 983 3209 interim
1015 3168 1135 3219 parte
1167 3166 1313 3207 altera.
