2164 3535
229 227 313 268 452
761 225 837 260 Fur
861 225 931 261 den
960 225 1307 270 Studienprafekten
1337 229 1436 264 1832.

1049 517 1143 571 §a

863 609 930 651 De
969 609 1334 651 Examinandis.

370 726 420 766 19
459 723 739 765 Examinandi
783 727 882 766 sunt
924 727 1023 778 post
1053 725 1319 767 Novitiatum
1362 724 1467 777 (nisi
1509 725 1563 766 ad
1603 724 1844 778 ingressum
1876 724 1961 778 Jam

229 798 410 840 fuissent
451 799 704 846 examinati)
757 799 829 852 qui
872 802 969 841 ante
1008 799 1246 852 ingressum
1286 800 1326 841 in
1371 798 1626 841 Societatem
1665 799 1962 853 Philosophiae

230 874 402 929 aliquid,
436 874 501 916 vel
524 874 776 927 Theologiae
799 874 1069 929 audiverunt,
1102 879 1151 916 ut
1173 875 1353 928 gradum
1378 875 1558 917 ulterius
1584 874 1723 917 facere.
1744 875 1786 917 in
1810 875 1962 918 studiis

229 950 408 1005 possint,
439 950 519 992 nisi
550 951 720 1006 malint,
753 951 867 1004 quod
899 951 1057 992 emensi
1090 955 1211 1006 sunt,
1243 951 1414 992 illorum
1446 951 1690 993 studiorum
1719 951 1802 992 iter
1832 963 1963 992 reme-

230 1025 321 1080 tiri,
363 1025 477 1078 quod
520 1025 724 1079 Superior
759 1026 900 1079 justas
943 1026 996 1068 ob
1037 1038 1187 1068 causas
1228 1039 1385 1079 negare
1426 1030 1567 1068 tamen
1611 1029 1763 1079 potest.
1829 1025 1960 1080 (Con—

230 1113 345 1153 greg.
369 1101 442 1142 XI.
477 1101 578 1143 Can.
602 1102 660 1155 5.)

369 1178 420 1219 29
459 1177 549 1218 Ι1110
582 1176 848 1218 examinandi
881 1180 982 1218 sunt
1012 1177 1134 1229 tales,
1168 1180 1398 1230 antequam
1430 1177 1472 1218 in
1507 1175 1719 1219 Societate
1751 1177 1805 1219 ad
1828 1177 1960 1219 Theo-

230 1252 384 1304 logiam
413 1251 717 1294 Scholasticam
750 1252 1046 1307 admittantur,
1079 1252 1246 1294 etiamsi
1278 1255 1376 1294 ante
1410 1252 1647 1305 ingressum
1680 1252 1962 1295 absolvissent

230 1327 472 1368 universam
494 1327 823 1383 Philosophiam,
855 1330 898 1369 et
930 1340 979 1369 ex
1011 1327 1159 1369 eadem
1192 1327 1482 1370 conclusiones
1515 1340 1612 1370 cum
1643 1327 1770 1369 laude
1792 1327 1960 1381 publice

230 1406 594 1457 propugnassent,
637 1402 701 1444 vel
743 1402 858 1456 digni
898 1402 1033 1455 gradu
1066 1402 1278 1444 litterario
1311 1406 1353 1444 et
1384 1403 1472 1456 apti
1506 1402 1559 1444 ad
1592 1402 1887 1445 scholasticam
1918 1402 1962 1444 in

231 1477 400 1518 saeculo
426 1477 621 1531 judicati,
654 1481 729 1519 aut
760 1479 889 1519 etiam
922 1478 1051 1519 creati
1086 1477 1266 1519 fuissent
1287 1477 1495 1520 Doctores
1517 1477 1828 1534 Philosophiae,
1861 1478 1961 1520 dato

231 1554 372 1593 tamen
419 1551 473 1593 ad
519 1565 564 1594 se
609 1554 822 1605 parandos
871 1556 1061 1606 tempore
1111 1552 1369 1603 sufficiente„
1424 1552 1539 1606 quod
1589 1554 1708 1603 iuxta
1753 1554 1959 1607 Rescript.

231 1626 455 1668 Mediolan.
493 1629 602 1669 1628
645 1628 827 1669 duorum
871 1628 1039 1670 circiter
1082 1629 1290 1670 mensium
1334 1641 1359 1669 a
1398 1627 1590 1669 thesibus
1633 1628 1861 1681 assignatis
1903 1629 1961 1670 vi-

231 1701 368 1743 detur.
416 1701 574 1753 (Germ.
611 1704 647 1743 9.
672 1702 779 1755 Aug.
808 1704 928 1744 1625.
966 1728 1015 1733 -—
1050 1703 1202 1745 Provli.
1229 1703 1366 1745 Tolos.
1393 1703 1459 1745 31.
1485 1703 1610 1744 Mart.
1640 1704 1762 1759 1609,
1795 1703 1960 1746 Gallob.

231 1777 297 1818 28.
320 1776 518 1819 Decemb.
554 1779 677 1819 1622.
711 1804 756 1808 -
796 1778 968 1820 Flandr.
1002 1780 1068 1820 23.
1094 1779 1290 1821 Decemb.
1328 1779 1437 1820 1623
1471 1781 1513 1821 61
1546 1780 1582 1819 6.
1610 1778 1732 1820 Febr.
1759 1779 1881 1820 1638.
1909 1804 1958 1809 —

230 1852 352 1893 Prov.
388 1853 529 1906 Aquit.
568 1855 631 1894 17.
657 1853 757 1907 Maji
792 1855 913 1895 1622.
951 1878 1001 1883 -
1035 1854 1157 1896 Prov.
1192 1853 1357 1896 Gallob.
1394 1856 1535 1906 1628.)

371 1940 423 1982 39
462 1939 742 1981 Examinandi
794 1942 866 1994 qui
912 1942 1108 1983 Doctoris
1156 1941 1293 1994 gradu
1340 1945 1415 1983 aut
1462 1942 1686 1994 utriusque
1728 1941 1837 1995 juris
1885 1944 1961 1983 aut

232 2014 484 2067 Theologiae
530 2015 572 2056 in
620 2015 762 2069 aliqua
809 2016 961 2058 celebri
1009 2017 1299 2058 Universitate
1344 2017 1463 2058 fuere
1509 2016 1696 2069 insigniti
1746 2019 1843 2058 ante
1899 2016 1961 2057 in-

232 2101 449 2145 gressum,
489 2093 537 2131 ut
580 2090 633 2131 ad
672 2090 851 2142 gradum
886 2091 1180 2132 Professorum
1214 2092 1238 2132 3
1272 2095 1347 2133 aut
1379 2092 1405 2132 4
1436 2094 1633 2132 votorum
1667 2090 1962 2147 admittantur,

232 2164 311 2205 nisi
351 2163 403 2205 de
443 2164 611 2206 illorum
651 2165 803 2207 eximia
845 2165 1083 2208 eruditione
1114 2166 1256 2208 nullus
1290 2165 1546 2208 dubitationi
1578 2166 1635 2207 sit
1665 2166 1806 2217 locus,
1849 2169 1891 2207 et
1920 2165 1962 2207 in

231 2238 310 2280 hoc
342 2239 531 2281 examine
564 2240 898 2283 mediocritatem
931 2242 1082 2283 saltem
1115 2241 1314 2283 excedere
1348 2241 1514 2283 debent.
1567 2240 1680 2293 (Vid.
1713 2241 1879 2282 Decret.
1907 2241 1960 2282 96

235 2313 439 2367 Congreg.
465 2314 569 2356 VIII
591 2316 659 2371 23,
692 2316 775 2358 XII
801 2319 866 2372 14,
898 2316 959 2358 XI
985 2319 1050 2371 16,
1082 2317 1221 2367 XIII.)

372 2403 425 2442 49
464 2402 742 2444 Examinandi
783 2403 852 2456 qui
894 2403 1100 2445 absolutis
1141 2403 1294 2445 studiis
1338 2406 1381 2445 et
1417 2403 1507 2456 Jam
1540 2401 1791 2444 Sacerdotes
1823 2401 1960 2454 ingre-

235 2475 411 2516 diuntur
442 2475 717 2533 Societatem,
761 2491 809 2519 ex
843 2478 1071 2520 universali
1104 2478 1273 2531 morali,
1317 2482 1365 2519 ut
1397 2477 1467 2518 alii
1498 2477 1668 2529 Nostri,
1712 2489 1736 2518 a
1774 2479 1960 2530 quatuor

234 2550 608 2602 examinatoribus,
640 2555 869 2604 antequam
894 2552 1228 2594 confessionibus
1251 2552 1472 2594 audiendis
1496 2555 1781 2606 exponantur3
1815 2554 1858 2592 et
1879 2550 1962 2592 tria

234 2625 385 2666 saltem
407 2624 608 2678 suffragia
630 2627 799 2668 minime
823 2627 951 2668 dubia
973 2627 1125 2677 ferant,
1147 2628 1197 2669 iis
1220 2628 1320 2669 solis
1346 2627 1546 2681 exceptis,
1576 2639 1681 2680 quos
1701 2625 1851 2679 Congr.
1867 2625 1960 2667 VII.

234 2700 401 2741 Decret.
427 2702 479 2741 9ss
521 2701 673 2742 statuit
714 2702 802 2743 sine
842 2702 1033 2743 examine
1074 2702 1359 2744 admittendos
1406 2701 1459 2742 ad
1491 2700 1803 2743 Professionem
1834 2702 1861 2741 4
1893 2712 1963 2742 vo-

235 2777 388 2816 torum.
453 2774 675 2828 (Congreg.
700 2776 816 2817 XIII.
851 2776 1017 2818 Decret.
1047 2778 1130 2827 16.)

375 2850 427 2891 59
466 2849 745 2891 Examinandi
784 2852 874 2892 tum
916 2851 1195 2904 Metaphysici
1234 2853 1325 2892 tum
1363 2850 1563 2903 Theologi
1605 2850 1651 2892 31.
1683 2850 1805 2904 anni,
1846 2853 1961 2891 ante-

236 2936 364 2976 quam
406 2924 687 2965 admittantur
730 2925 781 2966 ad
821 2925 1059 2966 habendum
1093 2930 1256 2978 actum,
1299 2925 1385 2966 sive
1418 2937 1596 2977 parvum
1628 2925 1715 2966 sive
1747 2936 1960 2979 magnum,

236 3000 279 3038 et
316 2998 399 3039 tria
438 2998 551 3040 clara
592 3002 635 3039 et
674 2999 844 3040 minime
886 2999 1015 3041 dubia
1046 2999 1395 3041 Examinatorum
1433 2998 1635 3051 suffragia
1667 2998 1958 3051 requiruntur,

237 3083 346 3123 quae
377 3072 545 3114 illorum
578 3073 856 3126 capacitatem
889 3075 941 3116 ad
975 3077 1116 3116 actum
1149 3074 1368 3127 speciatim
1400 3073 1633 3114 enuntient.
1687 3072 1858 3127 (Congr.
1884 3071 1956 3113 XI.

238 3145 337 3187 Can.
362 3148 419 3198 5.)
480 3145 562 3188 Sed
603 3160 742 3189 annuo
784 3149 995 3205 examine,
1039 3149 1152 3203 quod
1192 3148 1316 3202 primi
1347 3148 1533 3190 subeunt
1565 3147 1618 3190 ad
1652 3146 1956 3190 Scholasticam
