2164 3535
207 210 290 251 302
534 209 698 243 Aelteste
726 209 894 244 Statuten
921 208 984 243 des
1009 209 1145 244 Wirzb.
1172 209 1458 246 Pr.-Seminars.
1501 215 1598 248 1608.

206 348 355 391 diebu-s
378 348 503 404 absit,
520 348 781 401 egredietur3
804 349 839 391 si
860 349 1077 391 interdum
1099 349 1239 403 gravis
1261 349 1404 403 aliqua
1425 351 1656 394 necessitas
1674 358 1930 410 occurreret,

206 425 259 467 ob
301 437 429 478 quam
467 425 730 477 abeundum,
772 425 890 478 prius
932 425 1102 468 licentia
1135 438 1160 467 a
1190 426 1543 469 reverendissimo
1575 429 1617 469 et
1646 427 1932 471 illustrissimo

205 500 393 554 principe
432 501 497 542 vel
540 500 618 542 hoc
660 501 837 542 absente
874 513 898 542 a
938 501 1153 543 seminarii
1191 501 1505 555 inspectoribus
1549 515 1597 545 ac
1638 503 1932 546 visitatoribus

206 575 474 629 impetranda
505 575 598 616 erit.
653 575 865 618 difficilem
898 588 1069 629 quoque
1100 589 1145 618 se
1177 576 1418 629 praestabit
1439 577 1481 619 in
1504 577 1645 620 danda
1665 579 1787 620 venia
1808 578 1935 620 eundi

205 650 259 691 ad
300 650 448 692 urbem
490 650 671 691 alumnis
713 654 755 692 et
793 651 1126 705 convictoribus,
1169 663 1264 692 cum
1295 651 1363 693 vix
1397 664 1619 695 occurrere
1650 653 1786 707 possit
1817 665 1935 706 egre-

205 725 345 767 diendi
377 725 630 779 necessitas,
664 725 874 778 siquidem
907 726 1113 781 operarii,
1154 726 1309 779 quibus
1343 727 1566 780 collegium
1598 730 1713 783 eget,
1756 728 1933 781 singulis

204 800 451 854 septimanis
485 801 611 842 certis
644 801 792 843 diebus
825 814 873 844 ac
905 801 1019 844 horis
1051 802 1093 843 in
1126 801 1275 844 eodem
1307 814 1556 856 comparere
1586 805 1834 859 teneantur,
1872 807 1933 846 in-

203 875 435 930 tellecturi,
469 888 554 929 qua
586 876 628 917 in
660 889 706 918 re
738 877 928 930 ipsorum
961 889 1091 931 opera
1121 880 1165 919 et
1195 877 1386 919 studium
1419 877 1697 920 desideretur.
1760 891 1813 920 ne
1843 882 1933 920 tur-

202 950 328 992 betur
369 950 531 1004 collegii
572 951 794 1005 disciplina
834 956 876 994 et
917 952 1132 994 silentium
1179 952 1418 994 studiorum
1470 953 1699 1008 praecipue
1741 955 1933 1008 tempore

202 1026 533 1080 praescriptum,
577 1031 793 1083 externos,
836 1030 1045 1081 quantum
1077 1026 1166 1070 fieri
1198 1030 1361 1081 potest,
1396 1028 1610 1083 excludet,
1643 1041 1694 1071 ne
1726 1028 1827 1070 dum
1860 1029 1932 1071 ad-

202 1102 445 1157 mittuntur,
477 1115 560 1143 non
593 1102 678 1158 uni,
710 1103 778 1144 cui
808 1103 1054 1157 loquantur,
1088 1102 1162 1145 sed
1194 1103 1339 1145 multis
1373 1103 1466 1146 aliis
1501 1104 1587 1145 sint
1614 1104 1930 1161 impedimento,

203 1178 428 1230 quominus
461 1177 614 1220 studiis
648 1178 734 1220 suis
768 1191 919 1221 vacare
951 1179 1127 1232 possint.
1184 1179 1237 1221 ad
1261 1179 1486 1233 collegium
1508 1179 1719 1222 neminem
1741 1180 1931 1235 recipiet,

202 1253 303 1305 quin
342 1265 570 1295 oeconomo
611 1252 839 1309 significet,
880 1257 929 1295 ut
969 1254 1035 1296 hic
1075 1254 1186 1296 diem
1218 1254 1427 1296 adventus
1459 1254 1556 1296 novi
1588 1254 1839 1297 convictoris
1871 1255 1931 1296 in-

202 1328 367 1381 telligat
397 1332 440 1370 et
471 1329 656 1371 rationes
691 1341 943 1383 componere
974 1329 1098 1371 norit.
1152 1330 1361 1372 neminem
1394 1342 1563 1383 quoque
1585 1329 1794 1385 excludet,
1826 1330 1929 1383 quin

201 1403 319 1456 prius
351 1403 405 1445 ad
437 1403 615 1446 eundem
651 1417 925 1447 oeconomum
958 1405 1174 1461 retulerit,
1207 1409 1255 1447 ut
1288 1405 1338 1447 de
1371 1405 1603 1461 solutione,
1646 1406 1681 1448 si
1713 1406 1816 1459 quid
1848 1406 1931 1448 001-

201 1478 310 1531 legio
343 1478 508 1535 debeat,
541 1483 728 1522 tractare
759 1481 905 1534 possit.
959 1480 1126 1534 prandii
1158 1484 1201 1522 et
1232 1493 1387 1523 coenae
1419 1484 1610 1533 tempore
1641 1484 1690 1522 ut
1719 1480 1928 1523 modestia

202 1556 244 1595 et
284 1554 497 1596 silentium
539 1555 649 1597 inter
686 1555 977 1598 adolescentes
1009 1560 1225 1612 servetur,
1269 1557 1324 1598 ad
1355 1556 1586 1598 triclinium
1618 1556 1775 1599 ibidem
1806 1569 1931 1610 pran-

201 1641 328 1671 surus
361 1632 402 1671 et
435 1634 691 1672 coenaturus
724 1630 972 1682 descendet,
1013 1645 1088 1674 1100
1121 1632 1202 1674 alio
1233 1632 1275 1674 in
1307 1632 1420 1688 loco,
1465 1632 1545 1674 nisi
1575 1630 1822 1674 infirmitate
1854 1635 1931 1673 aut

201 1704 319 1756 gravi
361 1705 528 1757 negotio
571 1705 850 1760 distineatur,
892 1707 1032 1748 cibum
1070 1710 1222 1750 sumet.
1287 1708 1419 1750 cuivis
1461 1708 1728 1749 alumnorum
1761 1709 1804 1749 et
1834 1719 1931 1749 con-

203 1779 423 1835 victorum,
456 1780 558 1822 dum
590 1781 867 1835 recipiuntur,
900 1782 1037 1824 locum
1068 1783 1109 1824 in
1133 1796 1280 1826 mensa
1301 1783 1355 1825 ad
1378 1783 1621 1825 evitandam
1643 1782 1928 1824 confusionem

201 1854 447 1907 assignabit.
496 1859 545 1898 ut
576 1856 655 1898 cibi
686 1857 843 1899 munde
876 1860 1128 1914 coquantur,
1161 1858 1340 1900 subinde
1372 1859 1555 1901 culinam
1578 1856 1726 1912 adibit,
1758 1857 1791 1899 si
1815 1870 1926 1911 quae

201 1929 242 1971 in
275 1943 325 1972 ea
356 1931 528 1973 sordida
560 1932 869 1988 deprehendat,
910 1935 985 1974 aut
1016 1933 1232 1975 ministros
1265 1934 1530 1987 negligenter
1560 1934 1699 1977 facere
1730 1933 1926 1984 officium,

201 2009 243 2047 et
284 2005 396 2059 ipsos
438 2010 481 2048 et
519 2019 792 2049 oeconomum
834 2007 957 2050 officii
997 2008 1242 2051 admonebit
1282 2013 1324 2051 et
1355 2009 1566 2065 studebit,
1609 2013 1657 2051 ut
1688 2009 1822 2051 omnis
1854 2009 1928 2050 im—

201 2081 428 2123 mundities
472 2094 496 2122 a
538 2082 660 2124 domo
700 2090 960 2125 amoveatur.
1023 2083 1076 2125 ad
1118 2084 1226 2126 hanc
1266 2096 1361 2125 011111
1402 2085 1633 2138 plurimum
1671 2085 1850 2140 serviat,
1892 2083 1927 2125 si

204 2168 378 2199 musaea
416 2160 458 2199 et
499 2158 691 2200 cubicula
723 2160 892 2213 saepius
924 2163 1184 2215 purgentur,
1227 2160 1416 2203 ordinem
1448 2174 1524 2214 per
1554 2161 1723 2214 singula
1753 2172 1927 2202 musaea

200 2232 406 2285 scriptum
449 2233 612 2290 affiget,
652 2238 700 2276 ut
739 2236 919 2289 quisque
958 2236 1190 2291 intelligat,
1232 2236 1332 2278 (111111
1373 2236 1570 2278 exercitio
1614 2235 1823 2289 corporali
1854 2247 1924 2277 va-

202 2311 338 2363 catur,
372 2309 474 2361 quid
507 2310 587 2351 sibi
619 2309 859 2352 faciendum
891 2324 1028 2365 quove
1058 2312 1099 2353 in
1124 2312 1214 2354 1000
1238 2311 1505 2353 verrendum.
1557 2311 1733 2363 singulis
1756 2323 1926 2363 quoque

200 2382 504 2438 trimestribus,
537 2387 586 2425 ut
617 2384 668 2426 de
699 2385 799 2427 locis
832 2386 1097 2434 necessitatis
1130 2386 1278 2428 sordes
1310 2399 1386 2439 per
1416 2386 1628 2427 hominem
1650 2385 1703 2427 ad
1733 2385 1776 2427 id
1799 2385 1927 2439 depu-

201 2461 339 2499 tatum
380 2459 649 2515 auferantur,
692 2460 918 2514 diligenter
959 2462 1136 2504 curabit.
1200 2462 1235 2504 si
1277 2461 1492 2504 interdum
1535 2460 1733 2514 querelae
1775 2473 1800 2502 a
1831 2472 1926 2502 0011-

202 2532 434 2576 victoribus
466 2540 717 2577 moveantur
749 2536 800 2578 de
833 2537 1021 2578 ciborum
1053 2538 1269 2590 paucitate
1302 2541 1378 2579 aut
1408 2536 1686 2591 immunditie,
1718 2539 1760 2577 et
1778 2536 1920 2589 justas

201 2621 293 2650 esse
332 2609 562 2665 invenerit,
602 2611 704 2664 ipsis
744 2615 792 2653 ut
829 2611 1033 2664 satisfiat,
1075 2624 1248 2665 operam
1288 2612 1416 2654 dabit.
1480 2612 1543 2653 sin
1585 2615 1728 2653 autem
1779 2611 1926 2665 depre-

200 2683 395 2726 henderit
426 2685 586 2738 absque
619 2698 748 2728 causa
779 2700 849 2729 eos
881 2687 1022 2742 queri,
1055 2699 1191 2740 poena
1222 2699 1391 2740 quoque
1422 2687 1464 2728 in
1496 2699 1567 2729 eos
1600 2686 1922 2728 animadvertet.

200 2758 439 2800 studiorum
480 2763 671 2813 tempore
712 2775 763 2803 ne
803 2762 897 2815 quis
937 2764 1116 2814 vagetur
1155 2775 1231 2815 per
1273 2761 1495 2814 collegium
1529 2774 1576 2803 ac
1608 2764 1798 2814 tempus,
1842 2773 1924 2814 quo

201 2833 303 2874 nihil
334 2835 584 2889 pretiosius,
623 2835 785 2878 frustra
815 2838 946 2888 terat;
990 2836 1170 2878 subinde
1203 2837 1396 2878 cubicula
1428 2836 1650 2888 lustrabit,
1692 2849 1793 2878 num
1826 2836 1924 2891 sint,

201 2909 273 2961 qui
312 2908 467 2951 ibidem
509 2910 572 2951 vel
614 2910 827 2953 dormiant
863 2912 928 2953 vel
971 2924 1065 2953 cum
1097 2912 1220 2954 sociis
1252 2911 1508 2953 fabulentur.
1571 2911 1613 2952 in
1647 2910 1923 2953 concedendis

201 2983 378 3036 privatis
421 2985 606 3027 musaeis
648 2998 695 3026 ac
736 2986 939 3028 cubiculis
981 3000 1033 3028 110
1065 2987 1120 3028 sit
1150 2986 1303 3037 facilis,
1348 2997 1443 3027 cum
1475 2985 1572 3027 inde
1603 2986 1822 3039 disciplina
1853 2985 1924 3027 do-

201 3058 377 3099 mestica
408 3071 489 3100 non
524 3072 675 3112 parum
706 3060 1000 3103 labefactetur.
1049 3074 1179 3103 unum
1213 3060 1285 3102 uni
1316 3060 1394 3102 soli
1426 3073 1643 3114 nunquam
1675 3060 1922 3113 assignabit,

200 3133 406 3187 Siquidem
438 3133 551 3185 ligna
582 3135 648 3176 vix
680 3148 755 3187 pro
789 3136 1081 3178 communibus
1114 3135 1297 3177 musaeis
1329 3134 1474 3177 haberi
1507 3135 1684 3189 possint.
1732 3147 1826 3176 cum
1850 3147 1920 3187 pa-
