2164 3535
294 277 346 318 66
570 275 856 320 Tagesordnung
880 276 939 310 fur
964 276 1021 311 die
1049 276 1335 311 oberdeutschen
1362 276 1594 321 Gymnasien.
1644 278 1742 314 1737.

293 417 456 469 curiae;
489 430 537 461 ac
568 431 620 461 ne
642 418 809 461 interim
833 419 1058 472 quisquam
1081 417 1252 473 otietur,
1284 417 1483 460 facillima
1504 418 1705 472 quapiam
1727 420 2019 476 occupatione,

292 506 421 546 quain
454 496 581 536 antea
612 493 818 547 Magister
850 493 1156 545 designaverit,
1196 492 1515 536 distinebuntur
1545 495 1636 549 alii,
1671 494 1771 536 dum
1804 495 1875 537 alii
1906 508 2021 538 acce-

294 568 401 610 dunt
433 569 668 623 cujusmodi
702 581 794 611 esse
826 581 860 610 e.
895 580 932 621 g.
966 568 1143 623 poterit,
1175 571 1223 609 ut
1254 571 1376 610 terna
1409 568 1476 610 vel
1503 569 1628 622 plura
1661 569 1815 623 singuli
1847 583 1922 624 pro
1955 583 2021 613 ar-

292 644 418 686 bitrio
451 644 658 687 vocabula
691 643 843 685 Latina
876 643 1002 685 certis
1027 642 1283 696 quibusdam
1305 655 1355 685 ex
1378 644 1724 695 nomenclaturis,
1757 645 1822 688 vel
1843 645 2021 688 totidem

290 719 466 773 phrases
508 733 558 762 ex
600 719 954 773 praelectionibus
993 719 1157 762 interea
1199 719 1412 773 ediscant,
1456 733 1565 773 quae
1598 721 1802 774 Magistro
1843 721 2022 764 interro-

291 796 407 848 ganti
450 798 598 849 postea
641 794 819 837 reddere
859 794 998 849 parati
1044 794 1142 837 sint.
1207 794 1471 848 Scriptorum
1516 799 1659 839 autem
1692 797 2022 850 recognitionem

291 870 576 923 subsequetur
606 870 904 924 scriptionum,
943 883 1049 923 quas
1081 869 1277 924 pridiana
1307 870 1349 912 in
1382 870 1526 913 schola
1557 872 1645 925 vel,
1687 872 1721 914 si
1756 873 1929 914 Festum
1961 873 2021 914 in-

291 945 474 1000 cidisset,
507 945 619 987 domi
652 958 754 987 suae
786 945 982 999 discipuli
1015 945 1339 998 composuerint,
1374 946 1579 988 correctio
1611 950 1739 1000 atque
1761 947 2016 989 emendatio.

290 1021 540 1063 Extremum
571 1020 751 1074 denique
783 1021 912 1063 horae
944 1020 1225 1074 quadrantem
1257 1020 1508 1063 declamatio
1541 1022 1683 1075 aliqua
1705 1022 1875 1076 privata
1898 1035 2021 1065 occu-

289 1096 420 1151 pabit,
454 1096 504 1138 de
536 1108 621 1150 qua
654 1096 818 1139 dicetur
840 1097 988 1150 Capite
1012 1098 1035 1137 5
1068 1096 1161 1138 Art.
1187 1098 1252 1149 ll,
1285 1096 1356 1138 ubi
1390 1095 1441 1138 de
1474 1097 1850 1139 exercitationibus
1884 1101 2021 1140 extra-

291 1172 527 1215 ordinariis.
592 1173 712 1226 (Reg.
747 1173 800 1215 33
835 1173 969 1225 Com.)
1033 1172 1096 1213 Ea
1129 1184 1247 1223 vero,
1286 1172 1456 1225 quando
1489 1185 1514 1214 a
1545 1172 1803 1215 Rhetoribus
1836 1173 1898 1215 vel
1932 1173 2021 1215 Hu-

289 1248 482 1290 manistis
522 1248 787 1291 exhibebitur
828 1260 921 1290 cum
965 1247 1107 1300 aliqua
1139 1247 1304 1289 actione
1339 1249 1485 1301 (prout
1516 1246 1627 1290 infra
1658 1249 1728 1303 §7
1761 1261 1800 1290 n.
1826 1250 1851 1290 4
1884 1248 2019 1291 decla-

290 1323 455 1366 rabitur
495 1323 536 1365 in
581 1324 727 1366 ordine
771 1325 930 1373 annuo)
971 1322 1207 1365 semihorae
1249 1323 1385 1376 spatio
1432 1322 1669 1365 definietur.
1733 1324 1814 1376 (Ex
1845 1336 1930 1377 reg.
1967 1325 2018 1366 16

290 1398 411 1441 Rhet.
446 1401 488 1441 et
519 1400 607 1441 Iuv.
643 1399 694 1442 de
726 1400 820 1441 Rat.
855 1398 955 1441 disc.
991 1411 1022 1440 c.
1049 1399 1079 1460 3·
1107 1411 1141 1440 a.
1168 1399 1192 1439 2
1226 1398 1337 1440 circa
1368 1397 1455 1451 fin.)
1520 1398 1719 1449 Quamvis
1762 1401 1903 1441 autem
1944 1412 2021 1453 per

291 1487 375 1528 reg.
411 1475 463 1516 33
498 1474 613 1517 Com.
655 1475 966 1529 praescriptum
1007 1486 1090 1515 non
1134 1473 1209 1525 sit,
1252 1473 1331 1515 nisi
1375 1476 1422 1515 ut
1460 1473 1634 1516 alternis
1672 1474 1892 1517 sabbathis
1925 1477 2020 1528 (aut

290 1550 378 1592 fere
409 1550 601 1605 singulis,
634 1553 681 1591 ut
712 1552 855 1592 monet
886 1549 1109 1592 Iuvencius
1142 1548 1193 1591 de
1224 1549 1319 1590 Rat.
1354 1549 1454 1591 disc.
1490 1562 1522 1591 c.
1549 1550 1573 1591 2
1606 1562 1641 1591 a.
1670 1553 1688 1591 1
1724 1550 1813 1604 58)
1845 1550 1887 1591 in
1910 1550 2018 1592 Rhe-

291 1625 425 1668 torica
447 1628 489 1668 et
510 1625 801 1681 Humanitate,
834 1625 1047 1677 semelque
1069 1624 1278 1665 duntaxat
1299 1636 1376 1677 per
1397 1637 1560 1666 menses
1584 1624 1774 1677 singulos
1798 1625 1839 1666 in
1864 1625 2019 1668 Classi-

291 1701 369 1743 bus
411 1701 587 1743 caeteris
631 1700 880 1742 declamatio
921 1698 1126 1753 ejusmodi
1167 1699 1399 1755 habeatur,
1440 1712 1523 1741 non
1563 1700 1644 1741 erit
1676 1704 1816 1743 tamen
1850 1701 1924 1743 abs
1958 1714 2017 1757 re,

290 1776 331 1818 in
373 1776 562 1830 singulas
594 1776 726 1818 ferme
759 1775 1066 1829 hebdomadas,
1109 1775 1188 1817 nisi
1220 1775 1524 1829 impedimenta
1555 1775 1879 1829 intervenerint,
1921 1776 2017 1818 huic

292 1852 433 1905 generi
474 1852 788 1894 exercitationis
832 1864 1003 1905 operam
1049 1850 1139 1892 dari
1181 1850 1233 1892 ab
1275 1850 1616 1893 adolescentibus
1650 1850 1858 1894 Classium
1890 1851 2018 1893 etiam

291 1928 560 1981 inferioruin3
601 1932 691 1970 tum
731 1927 844 1981 quod
878 1926 1101 1969 Iuvencius
1144 1925 1195 1967 de
1227 1926 1322 1967 Rat.
1357 1926 1446 1968 doc.
1482 1939 1515 1967 c.
1542 1928 1566 1967 2
1599 1939 1635 1970 a.
1661 1927 1684 1968 3
1718 1927 1786 1980 §1
1822 1926 2018 1969 universe

292 2003 492 2060 affirmet,
532 2004 766 2047 curandum
798 2015 913 2055 esse,
954 2005 1002 2043 ut
1033 2001 1209 2054 singulis
1242 2000 1517 2044 hebdomadis
1551 2001 1812 2044 declametur
1844 2001 2017 2057 aliquid,

292 2084 334 2122 et
367 2080 499 2133 (quod
530 2093 606 2134 per
638 2091 722 2131 reg.
748 2080 800 2119 32
835 2078 949 2120 Com.
984 2076 1161 2118 totidem
1195 2075 1334 2118 verbis
1367 2076 1705 2130 commendatur)
1729 2077 1849 2131 pueri
1874 2089 2016 2120 vocem

292 2158 543 2209 gestumque
565 2154 776 2197 moderari
799 2166 894 2196 cuin
917 2152 1123 2205 dignitate
1146 2150 1397 2201 doceantur;
1430 2155 1522 2202 tum
1544 2164 1643 2194 vero
1666 2152 1779 2205 quod
1796 2152 1924 2194 Parte
1943 2152 2015 2194 IV.

293 2231 469 2275 Constit.
504 2243 592 2285 cap.
622 2230 671 2271 13
712 2230 781 2284 §3
814 2227 1009 2280 Magistri
1051 2226 1361 2270 admoneantur
1399 2229 1654 2285 generatim,
1695 2230 1743 2269 ut
1773 2240 1855 2270 non
1889 2227 2014 2269 modo

292 2308 541 2351 familiarem
567 2318 803 2349 sermonem
827 2305 977 2347 Latine
1002 2304 1281 2346 communiter
1302 2304 1513 2358 loquendo
1536 2307 1578 2347 et
1600 2304 1757 2359 stylum
1780 2303 2015 2359 scribendo,

291 2384 366 2426 sed
403 2384 531 2426 etiam
571 2381 962 2436 pronunciationem
1003 2380 1237 2433 composita
1279 2380 1383 2422 bene
1424 2379 1743 2434 pronunciando
1784 2378 1959 2432 expoliri
1992 2391 2016 2420 a

294 2459 509 2513 discipulis
548 2461 718 2500 curent:
761 2457 875 2511 quod
908 2459 956 2499 ut
987 2468 1069 2498 non
1101 2456 1237 2498 solum
1271 2468 1295 2497 a
1326 2455 1597 2509 paucioribus
1631 2455 1691 2509 (id
1723 2457 1807 2509 est,
1848 2453 1900 2496 ab
1931 2466 2015 2495 uno

293 2535 479 2577 alterove
511 2533 725 2576 mensibus
757 2532 973 2586 singulis),
1013 2531 1087 2574 sed
1119 2544 1144 2573 a
1175 2531 1388 2584 plerisque
1421 2529 1614 2572 omnibus
1647 2542 1723 2583 per
1755 2529 1864 2572 vices
1897 2541 2016 2582 prae-

293 2612 442 2663 stetur,
475 2610 643 2652 videtur
674 2609 882 2663 expedire.

431 2686 465 2726 A
504 2684 688 2726 meridie.
758 2684 875 2725 Hora
906 2683 937 2725 I.
988 2681 1222 2724 recitantur
1267 2680 1434 2734 publice
1481 2679 1786 2734 praelectiones
1835 2678 2013 2732 pomeri-

294 2760 443 2803 dianae
474 2762 795 2813 praeceptorum
818 2758 1067 2800 Latinorum
1098 2757 1229 2798 totius
1261 2755 1550 2798 hebdomadae
1583 2759 1626 2797 et
1653 2755 1910 2807 recoluntur,
1943 2753 2015 2796 ad-

295 2835 420 2877 mista
450 2834 748 2877 exercitatione
779 2834 921 2886 aliqua
953 2836 996 2874 et
1026 2831 1337 2876 concertatione
1370 2830 1727 2884 quemadmodum
1758 2830 1918 2872 factum
1948 2832 2014 2871 est

294 2924 429 2954 mane.
492 2910 655 2952 Graeca
686 2921 784 2951 vero
816 2908 940 2950 hodie
972 2908 1249 2962 omittuntur,
1282 2918 1462 2959 quorum
1494 2906 1585 2948 loco
1618 2906 1659 2947 in
1691 2906 1829 2948 tribus
1862 2904 2015 2947 Classi-

295 2986 373 3029 bus
415 2984 704 3039 superioribus
743 2983 815 3026 fiet
854 2983 994 3026 brevis
1035 2982 1257 3036 explicatio
1299 2981 1490 3023 authoris
1533 2983 1701 3036 poetae,
1750 2981 1792 3023 in
1835 2980 2012 3022 caeteris

295 3061 432 3104 brevis
465 3059 708 3103 exercitatio
741 3058 795 3100 ad
828 3057 1156 3111 comparandam
1187 3056 1410 3099 verborum
1445 3056 1620 3110 copiam.

433 3136 550 3177 Hora
570 3136 623 3178 II.
648 3135 814 3177 circiter
835 3133 1105 3186 corriguntur
1126 3144 1235 3186 quae
1255 3130 1543 3185 superfuerint
1564 3130 1736 3185 scripta,
1758 3132 1801 3172 et
1821 3129 2013 3184 scriptio-

296 3212 359 3254 nis
392 3211 645 3253 domesticae
677 3221 854 3263 pensum
888 3208 1083 3250 dictatur.
1138 3207 1225 3249 Sub
1258 3206 1438 3248 mediani
1460 3206 1537 3248 III.
1571 3205 1790 3259 Evangelii
1823 3205 1882 3258 (in
1904 3204 2013 3247 Rhe-
