2164 3535
215 173 297 214 312
520 168 790 211 Hausordnung
814 168 877 204 des
904 168 1140 211 Wirzburger
1166 168 1359 203 Seminars.
1408 168 1512 204 Nach
1540 172 1637 205 1608.

546 531 721 582 Ordo
773 538 834 579 et
881 527 1255 593 dispositio
1305 528 1630 594 temporis

1055 621 1099 663 in

363 710 780 760 Seminario
842 708 892 758 S.
947 707 1249 757 Kiliani
1313 706 1792 756 observanda.

888 813 951 857 (L.
977 822 1012 849 (3.
1037 812 1112 848 fol·
1129 811 1203 848 345
1212 812 1270 856 ὓ.)

354 931 510 973 Omnes
532 942 655 972 mane
678 929 731 972 ad
752 929 938 972 medium
960 928 1134 982 quintae
1156 928 1369 970 ordinarie
1391 930 1578 981 surgent.
1627 927 1746 969 Hora
1767 928 1820 969 ὅθ’
1843 939 1942 969 vero

216 1006 314 1048 dato
347 1007 466 1059 signo
498 1006 539 1047 in
570 1005 746 1048 Musaeo
779 1004 1028 1047 convenient
1058 1007 1100 1047 et
1131 1017 1206 1058 per
1236 1003 1366 1046 horae
1397 1003 1678 1057 quadrantem
1719 1002 1939 1045 matutinis

214 1081 410 1135 precibus
442 1081 666 1124 vacabunt.

352 1168 418 1210 Ab
451 1168 645 1210 oratione
677 1167 888 1221 reliquum
921 1171 1109 1221 tempus,
1142 1165 1382 1219 usquedum
1416 1165 1469 1206 ad
1500 1164 1666 1207 scholas
1698 1167 1942 1219 evocantur,

214 1244 368 1297 studijs
411 1242 677 1296 impendent„
720 1242 801 1284 nisi
842 1241 957 1295 quod
995 1241 1235 1294 quadrante
1277 1243 1376 1282 ante
1419 1242 1482 1282 7¹3¹
1518 1239 1779 1282 ientaculum
1819 1239 1945 1281 liceat

215 1331 382 1361 sumere
414 1318 455 1359 in
486 1317 679 1360 triclinio.

354 1404 388 1446 A
421 1417 556 1459 sacro,
589 1403 702 1457 quod
733 1403 838 1445 hora
870 1405 949 1446 10²}
981 1402 1139 1453 finitur„
1173 1416 1254 1445 non
1277 1402 1599 1457 fabulabuntur,
1632 1402 1731 1444 dum
1755 1401 1807 1444 ad
1830 1414 1944 1444 men-

215 1493 304 1522 sam
336 1480 545 1535 pulsetur,
577 1479 651 1520 sed
682 1479 882 1521 lectiones
915 1479 1117 1534 relegent,
1151 1478 1216 1520 vel
1248 1478 1330 1520 alia
1362 1478 1403 1519 in
1437 1477 1603 1520 silentio
1636 1477 1871 1530 disponent.

355 1565 600 1616 Quadrante
631 1569 729 1618 post
764 1566 874 1608 102³}n
902 1565 1114 1607 ordinarie
1146 1565 1415 1607 inchoabitur
1445 1564 1695 1620 prandium,
1735 1577 1819 1618 quo
1851 1576 1945 1618 per-

216 1645 310 1682 acto
343 1637 396 1682 ad
428 1640 566 1682 locum
599 1653 865 1682 communem
897 1640 1169 1683 recreationis
1202 1653 1246 1682 se
1268 1640 1506 1689 conferent;
1539 1639 1589 1692 ijs
1612 1642 1755 1681 tamen
1780 1638 1942 1688 diebus,

216 1716 369 1769 quibus
412 1728 534 1757 mane
569 1715 716 1757 habita
756 1719 821 1757 est
853 1715 995 1758 concio
1027 1716 1067 1757 in
1101 1715 1283 1770 templo,
1326 1715 1443 1768 prius
1477 1714 1718 1757 concionem
1751 1717 1945 1767 repetent

216 1791 259 1832 in
291 1791 489 1836 musaciS.
523 1803 650 1844 quam
683 1804 728 1833 se
762 1804 954 1833 recreare
985 1791 1199 1844 incipiant.

354 1878 472 1920 Hora
504 1878 753 1920 duodecima
784 1891 934 1921 rursus
966 1878 1014 1920 fit
1043 1879 1210 1920 initium
1245 1878 1498 1933 studiorum,
1537 1877 1636 1919 dum
1671 1877 1856 1919 eundum
1889 1877 1945 1919 sit

218 1953 269 1994 ad
303 1953 492 2003 scholas;
532 1953 761 1996 Dominicis
795 1957 934 1996 tamen
969 1954 1120 1996 diebus
1154 1953 1301 1996 Clerici
1334 1953 1375 1994 in
1409 1953 1577 2004 Tonis¹)
1610 1966 1656 1995 se
1687 1952 1944 1994 exercebunt

218 2032 315 2070 ante
347 2028 500 2070 studia.

355 2103 458 2145 Post
495 2102 660 2146 scholas
693 2103 893 2156 Tlieologi
934 2107 977 2145 et
1007 2102 1251 2157 Philosophi
1283 2102 1539 2157 studebunt,
1586 2102 1686 2144 dum
1718 2103 1943 2145 Inferiores

218 2191 266 2220 ex
308 2177 460 2220 scholis
501 2177 688 2219 redeant.
753 2182 843 2219 tum
886 2178 995 2220 enim
1038 2178 1235 2220 exercitio
1278 2178 1486 2232 corporali
1528 2178 1741 2220 vacabunt
1782 2181 1857 2220 aut
1899 2191 1944 2220 se

221 2253 487 2307 recreabunt,
521 2252 621 2294 dum
654 2265 802 2295 rursus
832 2253 886 2295 ad
909 2253 1051 2295 studia
1073 2257 1371 2305 convocentur,
1404 2266 1512 2307 quae
1534 2257 1635 2294 tunc
1658 2252 1945 2295 continuanda

219 2331 344 2370 erunt
375 2340 510 2380 usque
543 2327 596 2368 ad
628 2327 777 2369 horam
809 2340 974 2370 coenae.

358 2415 460 2456 Post
491 2425 665 2456 coenam
698 2426 846 2456 rursus
879 2414 1151 2467 permittetur
1183 2415 1387 2456 recreatio
1420 2427 1555 2467 usque
1587 2414 1640 2456 ad
1662 2414 1809 2457 horam
1833 2416 1945 2457 octa-

220 2502 336 2537 vam;
376 2494 465 2530 tuni
507 2488 617 2530 enim
660 2488 827 2541 signum
869 2489 1040 2531 dabitur
1082 2489 1135 2531 ad
1174 2502 1320 2543 preces
1361 2489 1623 2542 vespertinas
1665 2496 1708 2532 et
1756 2490 1944 2531 Examen

221 2566 524 2614 conscientiae,
564 2565 718 2618 quibus
752 2565 960 2608 absolutis
994 2566 1180 2608 cubitum
1215 2566 1445 2608 concedent
1481 2566 1523 2607 in
1563 2565 1729 2608 silentio
1742 2598 1754 2620 9
1795 2565 1857 2606 ita
1897 2567 1946 2606 ut

222 2653 364 2682 omnes
397 2640 450 2682 ad
482 2640 665 2682 medium
697 2653 832 2682 nonae
862 2641 1143 2684 incubuerint.

359 2726 517 2768 Diebus
549 2727 707 2776 veniae,
740 2727 893 2780 quibus
927 2731 1024 2769 ante
1054 2727 1279 2781 prandium
1308 2731 1409 2769 sunt
1430 2727 1644 2783 lectiones,
1676 2727 1868 2770 similiter
1889 2726 1942 2768 ad

223 2801 407 2844 medium
440 2802 612 2854 quintae
645 2806 840 2853 surgent:
882 2802 1052 2855 quando
1086 2806 1228 2845 autem
1260 2803 1459 2844 lectiones
1492 2802 1633 2844 nullae
1665 2805 1786 2856 sunt,
1829 2802 1942 2855 plus-

223 2877 363 2918 culum
395 2888 540 2918 somno
571 2875 791 2928 indulgere
823 2880 1013 2930 possunt.
1068 2878 1242 2920 Interim
1275 2880 1416 2919 tamen
1441 2878 1539 2919 ante
1561 2877 1753 2919 auditum
1776 2890 1943 2920 sacrum

224 2964 306 2993 non
339 2951 511 2993 dabitur
542 2950 710 2993 initium
742 2952 1029 2995 recreationis.

365 3112 389 3153 ¹)
418 3108 672 3143 Deklamation
699 3119 765 3143 von
792 3109 1133 3154 Kanzelvortragen.
