2164 3535
199 217 283 259 458
731 212 808 248 Fur
833 211 903 247 den
930 210 1278 256 Studienprafekten
1305 213 1404 247 1832.

198 354 446 409 suffragium
477 366 560 397 non
592 356 658 396 est
688 351 1005 395 inscribendum
1036 350 1159 406 libro,
1191 350 1265 393 sed
1286 353 1456 393 tantum
1478 350 1532 393 ad
1553 351 1601 393 P.
1626 350 1678 393 N.
1703 353 1745 392 et
1766 349 1812 392 P.
1831 350 1931 393 Pro-

196 430 418 473 vincialem
459 441 510 472 ea
548 427 774 470 verborum
813 426 1019 482 formula,
1061 438 1170 480 quae
1211 425 1433 479 placuerit.
1500 424 1694 480 (Bohem.
1731 427 1795 468 17.
1827 425 1927 480 Apr.

202 507 345 559 1627.)
406 504 462 546 Et
493 516 518 546 a
549 503 715 546 fortiori
745 503 924 545 Praeses
956 514 1039 544 non
1072 504 1244 544 tenetur
1273 501 1316 543 in
1348 500 1540 543 omnibus
1573 500 1836 543 examinibus
1863 501 1931 554 ju-

199 580 356 623 dicium
387 578 678 632 praescribere
710 581 786 620 aut
823 577 934 620 ferre
972 576 1228 619 sententiam
1269 576 1321 618 de
1361 576 1637 631 examinatis,
1679 587 1774 618 cum
1816 575 1933 617 nulla

198 655 310 697 illius
357 653 545 707 suffragii
591 653 701 695 ratio
749 652 979 706 habeatur,
1027 651 1107 693 nisi
1150 650 1277 693 simul
1318 651 1445 693 etiam
1487 654 1600 693 esset
1638 650 1928 696 Examinator.

200 729 443 783 (Flandrob.
481 729 545 770 15.
565 728 761 771 Decemb.
798 729 941 779 1621.)

337 806 389 847 49
428 804 514 845 Nec
547 803 821 845 Provincialis
853 815 929 845 nec
961 803 1117 844 Rector
1147 814 1224 844 nec
1256 801 1364 843 alius
1399 802 1676 857 quicumque,
1709 802 1781 855 qui
1814 813 1934 855 prae-

201 881 311 924 sidet
349 879 530 923 examini
562 878 615 920 ad
648 878 850 934 gradum,
893 880 1064 920 tenetur
1095 877 1148 919 ad
1191 876 1428 919 faciendum
1462 877 1519 931 ju
1533 881 1832 927 ramentum3
1873 879 1934 919 te-

199 959 355 1000 nentur
386 959 526 999 tamen
560 967 610 997 ex
642 954 679 996 vi
704 954 873 996 Decreti
897 953 1067 995 Flandr.
1105 954 1168 995 18.
1190 952 1385 994 Decemb.
1424 953 1529 994 1621
1567 952 1619 993 ad
1653 957 1933 1007 secretum,

199 1033 282 1074 imo
315 1031 441 1074 etiam
474 1031 515 1072 in
548 1030 696 1084 quovis
731 1029 812 1071 alio
847 1029 1047 1071 examine.
1113 1028 1304 1081 (Bohem.
1341 1030 1404 1069 17.
1430 1028 1535 1080 Aug.
1574 1028 1717 1080 1629.)

340 1298 469 1349 Haec„
503 1310 611 1350 quae
643 1297 864 1349 hucusque
898 1295 1012 1338 dicta
1043 1298 1157 1349 sunt,
1190 1294 1434 1336 Praefectus
1467 1294 1709 1336 studiorum
1740 1293 1819 1336 sibi
1841 1293 1934 1336 red-

204 1374 278 1416 dat
310 1373 535 1416 familiaria
567 1372 737 1426 saepius
770 1384 820 1413 ea
854 1370 1097 1423 relegendo,
1142 1374 1184 1411 et
1214 1369 1254 1411 in
1289 1370 1451 1423 praxim
1496 1370 1647 1412 deduci
1688 1371 1934 1412 constanter

203 1451 334 1492 curet.
397 1449 515 1499 Quae
546 1460 645 1489 vero
677 1448 788 1489 solos
830 1446 1063 1500 respiciunt
1094 1445 1439 1500 Examinatores,
1483 1458 1532 1487 ea
1564 1445 1790 1498 quotannis
1830 1444 1933 1497 ipsis

204 1524 349 1567 tradat
379 1524 577 1577 legenda,
620 1523 705 1578 vel,
747 1522 861 1576 quod
894 1522 1065 1576 melius,
1106 1520 1277 1562 cuilibet
1308 1520 1605 1576 describenda,
1647 1533 1698 1562 ne
1730 1519 1934 1562 memoria

204 1599 410 1642 excidant.

342 1693 500 1734 Datum
539 1692 751 1745 Friburgi,

387 1769 452 1809 27.
468 1767 556 1809 Ian.
579 1767 700 1809 1832.

860 1857 1027 1910 Georg
1059 1856 1372 1909 Staudinger
1403 1855 1443 1897 S.
1468 1855 1507 1898 J.
1541 1856 1709 1911 [Praep.
1731 1853 1874 1911 Prov.]
