2164 3535
611 174 836 219 Anordnung
861 174 924 210 des
949 174 1002 217 3j.
1029 173 1158 219 philos.
1185 172 1323 207 Kurses
1351 173 1450 207 1858.
1807 174 1890 214 567

171 310 367 351 teneatur
397 307 586 361 singulas
618 305 887 360 quaestiones
919 305 1067 348 eodem
1099 304 1221 357 plane
1255 302 1416 356 ordine,
1449 313 1531 354 quo
1564 313 1695 354 supra
1727 300 1890 354 positae

170 385 283 439 sunt,
316 382 539 436 explicare,
572 383 720 424 caveat
751 385 891 423 tamen
923 393 974 422 ne
1005 382 1163 422 temere
1197 391 1269 421 eas
1291 377 1554 432 permisceat,
1587 388 1662 418 nec
1695 375 1774 417 sibi
1806 375 1892 418 lici-

172 461 262 500 tum
295 459 429 512 putet,
462 470 571 510 quae
603 457 675 498 uui
708 468 817 498 anno
851 455 1073 509 adsignata
1105 457 1218 510 sunt,
1250 453 1292 495 in
1325 453 1453 495 alium
1484 449 1727 493 transferre.

307 533 402 575 XII.
451 533 584 575 Porro
618 536 667 574 ut
700 532 948 585 gravissimo
980 529 1268 582 incommodo,
1310 527 1424 581 quod
1456 539 1505 568 ex
1538 525 1737 579 opinandi
1768 525 1891 567 liber-

169 611 257 651 tate
290 609 503 662 nascitur,
547 608 759 650 efficacius
793 609 1107 656 occurreretur„
1149 605 1299 646 Patres
1333 601 1576 655 congregati
1621 603 1888 654 optaverunt,

170 686 219 725 ut
249 685 419 737 praeter
453 683 668 725 doctrinae
699 681 931 724 tradendae
965 680 1103 734 capita
1137 682 1353 721 texeretur
1385 677 1603 729 catalogus
1632 688 1779 718 earum
1806 675 1890 729 opi-

169 759 364 810 nionum,
406 771 512 812 quas
552 758 593 799 in
637 757 790 799 scholis
830 756 985 798 nostris
1018 768 1099 796 non
1143 754 1284 796 doceri
1328 751 1508 806 expedit.
1570 751 1678 793 Huic
1721 763 1889 804 quoque

170 834 377 876 desiderio
411 837 459 875 ut
491 845 566 886 pro
600 832 707 874 virili
740 834 862 886 parte
895 831 1240 883 obsequeremur,
1273 827 1531 881 Praepositis
1555 825 1888 868 Provincialibus

171 909 486 962 mandavimus,
534 911 582 949 ut
624 906 911 961 hujuscemodi
953 905 1197 958 opinionum
1239 902 1454 945 elenchum
1498 902 1539 943 in
1587 913 1665 944 sua
1709 901 1889 954 quisque

169 984 392 1026 Provincia
423 986 590 1025 maturo
624 982 795 1025 consilio
830 980 1133 1024 conficiendum
1167 979 1489 1030 confectumque
1523 976 1575 1018 ad
1614 988 1689 1019 nos
1721 976 1889 1018 mitten-

169 1059 269 1101 dum
302 1059 556 1111 curarentl).
621 1058 739 1108 Quae
771 1060 913 1099 autem
946 1060 1035 1097 tum
1077 1068 1126 1097 ex
1158 1054 1221 1096 his
1263 1066 1287 1095 a
1318 1051 1651 1094 Provincialibus
1693 1050 1887 1093 exhibitis

170 1138 261 1177 tum
294 1147 343 1177 ex
376 1134 468 1177 aliis
502 1133 789 1188 opinionibus,
833 1145 937 1186 quas
971 1130 1324 1172 Praedecessores
1363 1127 1497 1170 nostri
1530 1127 1656 1169 variis
1690 1126 1888 1180 tempori-

171 1210 249 1252 bus
281 1210 549 1264 prohibuere,
582 1208 822 1262 seligendae
854 1208 969 1249 visae
1002 1208 1120 1261 sunt,
1153 1218 1224 1248 eas
1256 1204 1322 1246 hic
1354 1202 1600 1256 subjicimus
1611 1235 1622 1257 ,
1655 1201 1888 1255 Superiori-

168 1285 270 1341 bus,
313 1285 367 1326 ad
407 1297 513 1338 quos
555 1283 761 1338 pertinet,
809 1283 928 1325 enixe
971 1280 1338 1334 commendant-es,
1386 1282 1432 1320 ut
1477 1278 1636 1320 nullam
1677 1289 1824 1319 earum
1863 1290 1888 1319 a

165 1360 320 1403 nostris
353 1360 464 1402 tradi
497 1363 538 1402 et
570 1358 736 1402 defendi
768 1359 999 1412 patiantur.

170 1638 615 1704 Propositiones
643 1637 874 1702 aliquot
901 1634 1378 1702 philosophicae,
1406 1631 1638 1697 quaein
1665 1630 1884 1678 scholis

509 1729 825 1779 Societatis
864 1727 1159 1777 docendae
1198 1744 1308 1774 non
1348 1724 1540 1789 sunt2),

307 1861 341 1900 1.
391 1859 509 1902 Mens
542 1858 727 1900 humana
759 1856 810 1899 (16
843 1856 1034 1898 omnibus
1068 1854 1264 1897 dubitare
1286 1855 1427 1908 potest
1458 1865 1506 1895 ac
1529 1851 1667 1905 debet,
1699 1852 1886 1904 praeter-

165 1947 290 1988 quam
325 1933 437 1987 quod
469 1934 625 1986 cogitet
655 1932 845 1985 adeoque
876 1931 1084 1982 existat-¹³).

304 2011 340 2050 2.
390 2009 568 2062 Reliqua
608 2021 690 2050 non
733 2007 850 2062 prius
893 2006 1012 2048 nobis
1054 2008 1169 2049 certa
1210 2008 1252 2046 et
1292 2004 1511 2058 explorata
1556 2015 1647 2044 esse
1694 2002 1884 2054 possunt,

166 2098 292 2138 quam
327 2085 439 2127 clare
470 2085 725 2139 innotuerit,
769 2085 903 2125 Deum
947 2082 1127 2125 existere
1166 2092 1413 2133 summeque
1453 2078 1608 2120 bonum
1650 2089 1765 2131 esse,
1806 2088 1888 2117 non

165 2161 371 2215 fallacem,
404 2161 476 2213 qui
505 2162 689 2202 mentem
721 2162 910 2201 nostram
941 2158 1141 2199 inducere
1172 2157 1214 2198 in
1246 2167 1433 2198 errorem
1465 2152 1623 2205 velit4).

304 2237 341 2277 3.
382 2235 559 2277 Nonnisi
590 2248 666 2288 per
696 2234 820 2276 fidem
853 2233 1035 2275 divinam
1069 2233 1181 2274 certo
1210 2243 1462 2283 cognoscere
1485 2228 1712 2282 quisquam
1734 2228 1887 2281 potest,

166 2311 280 2365 quod
312 2310 454 2364 aliqua
486 2310 669 2352 existant
701 2321 890 2363 corpora,
922 2321 974 2349 ne
1006 2320 1130 2349 suum
1161 2305 1387 2359 quidemf‘).

305 2388 343 2428 4.
386 2386 436 2428 Id
468 2398 590 2427 omne
623 2388 664 2427 et
702 2384 839 2427 solum
880 2382 944 2437 id,
986 2382 1099 2436 quod
1143 2382 1255 2424 clare
1295 2383 1338 2423 et
1380 2380 1575 2422 distincte
1617 2376 1887 2432 percipimus,

168 2464 330 2504 certum
361 2460 481 2503 nobis
513 2461 588 2503 est.

306 2625 332 2667 ¹)
357 2622 399 2656 V.
426 2621 572 2667 Encycl.
599 2626 760 2657 nostrum
788 2620 818 2655 d.
847 2619 879 2654 d.
905 2623 936 2655 3.
964 2619 1048 2653 Dec.
1080 2620 1176 2654 1856.

303 2693 331 2735 2)
358 2692 408 2727 Es
438 2691 592 2727 braucht
618 2690 710 2725 wohl
738 2690 845 2724 kaurn
874 2688 1036 2723 bemerkt
1062 2699 1104 2722 zu
1130 2686 1288 2730 werden,
1323 2685 1403 2720 dass
1430 2684 1493 2719 der
1519 2684 1556 2718 P.
1585 2684 1740 2719 Genera]
1774 2684 1887 2719 durch

168 2751 246 2786 eine
274 2750 394 2786 solche
421 2750 598 2794 Weisung
623 2749 680 2784 fur
712 2749 769 2783 die
797 2747 953 2783 Schulen
987 2746 1135 2781 seines
1169 2744 1309 2779 Ordens
1343 2742 1419 2778 sich
1452 2742 1552 2778 nicht
1587 2741 1650 2776 das
1677 2742 1792 2777 Recht
1824 2742 1888 2777 der

171 2808 397 2844 kirchlichen
424 2808 562 2843 Censur
588 2807 753 2842 anmasst.
796 2805 925 2840 Dieses
951 2803 1069 2838 Recht
1094 2802 1157 2837 der
1182 2801 1407 2836 kirchlichen
1426 2799 1591 2835 Behorde
1618 2799 1730 2834 bleibt
1755 2799 1887 2834 ebenso

169 2870 424 2910 unangetastet
455 2865 521 2900 wie
554 2864 618 2899 das
650 2863 768 2898 Recht
808 2861 1001 2897 anderer
1035 2859 1190 2895 Schulen
1222 2859 1257 2893 in
1291 2858 1472 2901 strittigen
1504 2857 1647 2900 Fragen
1679 2856 1809 2891 anders
1842 2868 1886 2892 zu

164 2923 300 2958 lehren.
348 2923 469 2966 Vergl.
497 2923 530 2958 S.
549 2923 617 2958 574
642 2933 675 2956 n.
695 2921 772 2955 XV.

306 2991 333 3035 3)
359 2991 476 3036 Epist.
502 2991 544 3026 R.
580 2991 618 3025 P.
645 2990 813 3025 Michael.
841 2989 934 3032 Ang.
968 2986 1179 3022 Tamburini
1207 2985 1239 3020 d.
1267 2985 1299 3020 d.
1330 2989 1379 3021 15.
1407 2985 1488 3021 Iun.
1515 2985 1612 3020 1706.
1662 2984 1704 3019 de
1736 2987 1782 3021 3o
1806 2995 1886 3029 pro-

139 3045 141 3048 ’
167 3060 243 3095 pos.
269 3049 357 3094 phil.
383 3048 607 3094 proscriptis.
635 3059 734 3093 prop.
764 3050 792 3082 1.

302 3120 332 3163 4)
358 3117 409 3152 Id.
436 3128 539 3163 prop.
563 3120 594 3152 2.
805 3118 833 3160 5)
857 3115 908 3151 Id.
934 3125 1035 3161 prop.
1062 3117 1094 3150 5.
