2164 3535
719 238 1172 285 Gymnasial-Padagogik
1200 239 1298 274 1736.
1786 240 1864 281 159

145 383 329 436 pertinet
366 382 491 424 etiam
530 381 583 423 ad
614 379 854 423 Praefectos
888 380 1005 430 atrii,
1038 382 1086 421 ut
1116 378 1249 431 liquet
1280 390 1328 419 ex
1368 389 1453 429 reg.
1484 378 1537 418 22
1569 376 1684 418 Rect.
1739 375 1865 418 Scho-

146 458 283 499 larum
316 461 457 499 autem
490 456 734 498 Praefectus
766 468 849 497 non
881 455 1037 509 solum,
1078 453 1179 495 dum
1210 452 1421 495 habentur
1459 451 1646 506 scholae,
1683 451 1725 492 in
1757 450 1865 492 atrio

149 532 371 575 lustrando
406 533 460 574 sit
491 531 702 583 assiduus,
735 543 882 572 verum
913 530 1026 583 ipsas
1059 529 1186 571 etiam
1219 527 1382 570 scholas
1412 529 1509 568 ante
1532 525 1679 568 datum
1701 526 1868 578 signum

147 608 200 650 ad
231 607 551 661 ingrediendum
584 605 798 648 interdum
830 605 983 647 lustret
1015 616 1265 657 semperque
1297 602 1351 644 ad
1383 602 1478 644 atrii
1505 602 1682 653 januam
1705 600 1866 642 cunctis

146 682 396 725 exeuntibus
427 684 596 734 praesto
630 680 696 721 sit.
759 680 878 732 (Reg.
903 681 958 721 44
990 679 1144 730 Praef.)
1207 678 1337 720 Curet
1366 678 1489 733 item,
1521 680 1571 718 ut
1603 676 1867 718 Scholarium

145 758 360 809 ingressus
392 757 433 797 in
465 755 669 808 templum
702 767 950 807 egressusve
984 754 1165 806 strepitu
1199 755 1352 795 careat.
1417 753 1536 805 (Reg.
1569 753 1623 793 45
1656 750 1866 805 ejusdem)

146 832 286 884 Atque
328 834 375 871 ut
418 830 604 872 confusio
647 829 774 871 etiam
815 831 856 871 et
897 829 1055 870 clamor
1092 828 1135 869 in
1173 840 1346 881 egressu
1395 841 1417 870 e
1458 827 1601 869 schola
1644 826 1870 880 praecipue

148 906 319 959 vitetur,
351 905 556 957 Magistro
589 905 676 946 sive
708 916 729 945 e
762 906 981 956 suggestu,
1014 903 1100 945 sive
1133 902 1187 944 ad
1213 903 1389 955 Januam
1421 905 1658 955 spectante,
1690 901 1869 955 proximi

146 981 302 1034 quique
351 980 480 1022 valvis
521 980 645 1033 primi
688 984 860 1029 exeant3
911 979 974 1021 vel
1017 979 1100 1020 alia
1140 978 1305 1019 ratione
1348 979 1541 1032 curetur,
1588 981 1636 1019 ut
1680 976 1869 1018 modeste

147 1067 290 1096 omnes
323 1058 365 1096 et
397 1055 561 1096 silentio
594 1054 880 1107 egrediantur.
930 1055 1049 1106 (Reg.
1074 1055 1129 1094 44
1163 1052 1297 1104 Com.)
1347 1052 1396 1094 In
1428 1052 1574 1105 primis
1604 1055 1746 1093 autem
1777 1051 1867 1104 ipso

147 1130 314 1172 scholae
346 1133 535 1183 tempore
568 1129 781 1171 silentium
822 1132 864 1171 et
906 1128 1157 1171 modestiam
1197 1126 1448 1169 servandam
1481 1126 1685 1179 Magister
1730 1130 1869 1168 curet:

148 1207 195 1246 ut
226 1217 347 1246 nemo
380 1218 455 1258 per
487 1204 672 1246 scholam
704 1208 902 1257 vagetur,
935 1216 1056 1245 nemo
1088 1202 1226 1244 locum
1260 1203 1416 1256 mutet,
1448 1214 1569 1243 nemo
1602 1201 1714 1242 ultro
1747 1200 1871 1242 citro-

149 1292 232 1333 que
264 1292 439 1321 munera
471 1279 701 1322 schedasve
731 1279 894 1329 mittat3
934 1282 982 1320 ut
1013 1291 1038 1320 a
1069 1277 1214 1320 schola
1245 1289 1328 1319 non
1360 1276 1648 1331 egrediantur,
1681 1288 1871 1329 praeser-

148 1355 223 1396 tim
257 1355 339 1396 duo
373 1355 436 1396 vel
468 1355 611 1408 plures
643 1355 780 1396 simul.
834 1355 952 1406 (Reg.
983 1355 1037 1395 43
1072 1354 1206 1403 Com.)
1270 1352 1406 1403 Quam
1448 1352 1489 1394 in
1528 1364 1615 1393 rem
1648 1351 1870 1393 nonnullas

147 1429 370 1471 Iuvencius
403 1432 510 1483 capt.
545 1430 612 1471 cit.
648 1442 682 1470 a.
718 1431 742 1470 2
775 1430 966 1482 suggerit
996 1429 1252 1483 industrias,
1292 1441 1398 1482 quas
1430 1430 1478 1469 ut
1508 1427 1710 1481 perutiles
1743 1431 1871 1480 atque

148 1504 252 1546 adeo
303 1506 589 1560 necessarias,
642 1505 916 1557 singulariter
966 1505 1240 1558 Praeceptori
1291 1504 1648 1546 commendamus.
1730 1502 1873 1544 Prima

147 1592 293 1621 earum
326 1584 411 1635 est,
444 1585 492 1622 ut
523 1581 739 1635 principiis
773 1584 1043 1629 occurratur,
1077 1584 1228 1635 atque,
1261 1579 1333 1621 ubi
1365 1593 1410 1621 se
1442 1579 1658 1621 tantillum
1690 1590 1872 1620 commo-

148 1659 247 1696 vent
277 1656 411 1711 pueri,
443 1656 588 1698 statim
619 1657 976 1709 comprimantur3
1009 1658 1051 1698 et
1081 1656 1117 1698 si
1150 1656 1222 1709 qui
1254 1659 1381 1697 erunt
1413 1655 1586 1696 levitate
1618 1654 1870 1707 insigniores

148 1733 223 1771 aut
253 1730 492 1785 ferocitate,
533 1731 739 1784 paulatim
778 1731 904 1773 variis
948 1731 1111 1772 artibus
1154 1730 1443 1786 delassentur,
1485 1734 1532 1771 ut
1567 1731 1720 1784 Jugum
1761 1728 1871 1770 ferre

148 1804 298 1846 leniter
330 1810 587 1847 assuescant.
652 1805 772 1855 Quod
803 1805 974 1859 quidem
1006 1806 1041 1848 si
1074 1804 1222 1847 Infima
1254 1805 1506 1859 praesertim
1537 1805 1578 1846 in
1611 1804 1755 1846 Classe
1787 1804 1871 1857 pri-

148 1892 300 1933 moque
330 1880 421 1933 ipso
452 1880 635 1922 ineuntis
668 1881 764 1921 anni
797 1884 985 1933 tempore
1017 1885 1183 1922 mature
1215 1879 1361 1922 fecerit
1390 1879 1608 1932 Magister,
1641 1891 1742 1921 sane
1774 1891 1870 1932 pro-

149 1954 296 1996 clivius
347 1955 485 1996 omnia
533 1955 727 2008 deinceps
781 1959 870 1997 toto
918 1955 1093 1998 docendi
1141 1956 1350 1997 curriculo
1397 1955 1618 2008 magisque
1672 1967 1721 1996 ex
1774 1956 1869 1996 voto

148 2029 301 2081 fluent3
344 2043 464 2072 secus
497 2030 700 2072 molestiis
733 2034 861 2083 atque
900 2030 1194 2082 incommodis,
1237 2030 1338 2072 dum
1376 2031 1417 2071 in
1451 2029 1597 2072 eadem
1629 2030 1871 2072 versabitur

149 2105 382 2159 palaestra,
421 2119 639 2159 nunquam
670 2119 753 2148 non
784 2105 1104 2148 confiictabitur.
1168 2106 1333 2162 Altera,
1377 2109 1445 2162 ut,
1484 2119 1578 2149 cum
1610 2119 1688 2148 sua
1720 2107 1871 2160 cuique

149 2181 270 2223 sedes
303 2182 545 2234 assignatur
577 2182 712 2232 (velut
732 2184 829 2235 post
860 2182 1110 2235 scriptiones
1135 2181 1428 2235 decretorias),
1459 2182 1630 2224 tametsi
1653 2181 1869 2235 dignitatis

150 2257 450 2310 profectusque
482 2257 590 2298 ratio
623 2257 819 2298 habenda
851 2257 951 2313 erit,
989 2257 1096 2299 situs
1128 2260 1269 2299 tamen
1303 2260 1432 2310 atque
1465 2257 1566 2298 ordo
1598 2257 1786 2299 locorum
1818 2270 1869 2299 ne

151 2336 308 2374 temere
356 2332 664 2386 constituatur3
716 2331 789 2373 sed
836 2331 1076 2374 immodesti
1122 2335 1164 2374 et
1213 2333 1455 2386 petulantes
1507 2333 1771 2386 applicentur
1816 2331 1870 2373 ad

151 2408 447 2462 modestiores,
487 2406 628 2460 quoad
659 2405 748 2448 fieri
780 2407 954 2461 poterit,
996 2408 1316 2461 turbulentique
1348 2420 1396 2449 ac
1437 2407 1604 2449 leviculi
1647 2407 1700 2449 ad
1732 2419 1867 2449 moro-

153 2482 284 2524 siores
326 2483 586 2524 tardioresve
629 2482 929 2535 adjungantur.
999 2482 1186 2532 Quorum
1229 2487 1369 2524 autem
1411 2483 1596 2536 suspecti
1629 2483 1726 2536 jure
1772 2485 1872 2525 sunt

152 2571 291 2600 mores
324 2558 581 2600 collocentur
612 2558 722 2599 inter
754 2570 839 2607 eOS,
873 2570 1052 2610 quorum
1084 2561 1276 2611 spectata
1304 2558 1359 2599 sit
1381 2558 1515 2599 virtus
1538 2560 1580 2600 et
1602 2557 1869 2608 castimonia;

154 2634 218 2676 vel
251 2634 392 2687 potius
424 2633 466 2674 in
499 2636 646 2686 aperto
679 2633 820 2685 aliquo
854 2636 1101 2676 statuantur
1132 2634 1236 2688 loco,
1270 2646 1322 2675 ne
1353 2632 1461 2675 forte
1483 2633 1704 2675 morbosus
1737 2646 1870 2686 agnus

154 2710 402 2762 contagione
441 2709 652 2763 proximos
695 2709 870 2760 inficiat3
916 2709 959 2751 id
1001 2709 1112 2763 quod
1159 2709 1321 2751 solicite
1369 2709 1602 2751 cavendum
1642 2709 1870 2752 Sacchinus

154 2786 296 2826 monet
332 2784 375 2825 in
414 2784 584 2826 Paraen.
634 2798 665 2827 c.
705 2787 755 2827 19
788 2799 826 2826 n.
863 2788 909 2840 5,
950 2785 1021 2826 ubi
1053 2788 1095 2826 et
1134 2784 1237 2826 illud
1278 2784 1415 2826 addit:
1462 2784 1741 2826 incusandum
1780 2797 1871 2827 esse

154 2863 356 2913 tanquam
387 2859 664 2912 inurbanum,
706 2861 740 2902 si
774 2861 866 2914 quis
899 2872 1079 2913 usquam
1111 2872 1260 2902 manus
1293 2859 1497 2913 occultet,
1537 2859 1869 2913 curandumque,

155 2938 203 2976 ut
232 2935 274 2975 in
306 2935 532 2988 propatulo
565 2948 732 2989 semper
764 2948 811 2977 ac
844 2948 973 2989 supra
1005 2935 1164 2976 scamni
1196 2934 1387 2988 pluteum
1420 2947 1490 2977 eas
1529 2935 1732 2985 habeant3
1774 2947 1871 2988 poe-

155 3022 334 3062 namque
366 3011 696 3063 proponendam,
731 3011 766 3052 si
798 3011 890 3064 quis
923 3023 1043 3052 secus
1076 3010 1284 3052 habuerit.
1338 3010 1494 3059 Tertia,
1527 3013 1574 3051 ut
1603 3023 1654 3052 ne
1677 3010 1871 3051 sinantur

158 3085 276 3138 pueri
311 3085 473 3136 argutis
503 3086 619 3138 loqui
652 3086 793 3139 digitis
827 3086 937 3127 inter
968 3097 1079 3141 sese,
1118 3089 1192 3127 aut
1222 3085 1473 3127 micantibus
1507 3085 1637 3126 oculis
1670 3097 1868 3135 annuere,

156 3164 230 3202 aut
251 3160 460 3202 missitare
493 3161 718 3214 quicquam
750 3161 856 3209 aliis,
889 3164 963 3201 aut
995 3172 1159 3202 cessare
1192 3160 1357 3201 omuino
1392 3173 1438 3201 ac
1470 3159 1624 3202 feriari.
1673 3159 1869 3205 Scribant
