2164 3535
345 220 577 264 Einfuhrung
601 218 664 254 der
689 229 805 254 neuen
831 218 873 253 R.
893 222 934 253 st.
962 217 998 252 in
1024 216 1088 251 der
1113 215 1399 251 oberdeutschen
1425 215 1527 250 Prov.
1549 218 1647 251 1834.
1775 219 1852 259 511

139 361 379 416 turbentur,
413 365 455 403 et
485 373 537 402 ne
568 360 670 402 haec
702 358 911 412 colloquia
942 357 1118 399 nimium
1160 355 1478 410 protrahantur.
1542 355 1632 396 Hoc
1663 355 1775 396 idem
1808 355 1859 396 de

138 436 354 489 magistris
387 436 632 478 inferiorum
669 435 867 477 classium
899 431 1219 485 intelligendum
1251 435 1327 472 est.

278 523 332 564 69
370 520 739 574 Disputationibus
772 519 1021 571 menstruis,
1064 530 1087 559 a
1130 530 1395 571 quacumque
1439 517 1572 558 classe
1610 516 1861 569 habeantur,

140 610 283 639 omnes
322 597 589 639 Professores
633 596 872 649 superiores
915 594 1122 636 intersint.
1197 593 1315 645 (Reg.
1359 594 1410 634 16
1457 591 1568 633 Prof.
1617 595 1741 644 sup).
1815 590 1863 631 In

138 671 370 714 minoribus
401 671 595 723 Collegiis
629 674 750 712 curet
773 670 940 718 Rector,
973 671 1021 709 ut
1052 671 1222 721 praeter
1253 666 1534 720 professorem
1567 678 1676 707 unus
1709 664 1860 706 saltem

139 748 204 789 vel
238 747 359 798 alter,
393 747 521 788 etiam
554 746 714 787 externi
746 743 916 786 invitati
948 743 1100 784 adsint

277 831 328 871 75>
375 827 523 877 Quoad
563 825 947 879 disputationes
990 826 1032 865 et
1072 823 1419 875 repetitiones
1465 823 1567 864 haec
1610 822 1860 864 statuimus:

139 916 265 957 quam
297 903 486 956 proxime
519 902 572 943 ad
605 901 812 943 rationem
844 899 1085 942 studiorum
1118 898 1426 940 accedendum:

277 981 317 1025 a)
367 977 655 1030 Repetitiones
678 976 718 1017 in
751 975 904 1017 scholis
936 973 1048 1016 omni
1071 973 1136 1014 die
1169 972 1336 1014 scholae
1368 985 1442 1025 per
1474 972 1689 1014 dimidiam
1712 972 1859 1014 horam

138 1056 234 1106 post
265 1052 451 1095 scholam
483 1051 739 1093 matutinam
771 1050 835 1092 vel
879 1049 1165 1103 vespertinam
1195 1047 1299 1089 fiant
1331 1048 1442 1089 circa
1475 1048 1672 1089 materias
1704 1048 1856 1100 princi-

137 1128 268 1182 pales,
301 1130 349 1168 ut
370 1120 639 1179 Theologiam
669 1125 824 1178 dogm,
856 1124 1092 1177 Physicam,
1116 1122 1464 1176 Metaphysicam,
1489 1122 1700 1177 Logicam,
1733 1126 1862 1175 prout

138 1203 179 1244 id
222 1216 298 1256 pro
340 1201 606 1255 Philosophis
645 1199 897 1254 praescribit
933 1199 1094 1251 Regula
1139 1200 1162 1239 9
1209 1197 1321 1238 Prof.
1360 1196 1487 1249 Phil„
1534 1196 1606 1238 ubi
1644 1196 1734 1238 fieri
1773 1200 1864 1250 pot-

138 1281 222 1333 est,
263 1278 454 1332 praesint
486 1276 614 1330 aliqui
649 1289 670 1317 e
701 1276 877 1326 nostris,
911 1274 1087 1328 singulis
1120 1273 1345 1326 denariis¹)
1378 1285 1487 1314 unus
1523 1272 1674 1325 (ibid).
1737 1272 1855 1313 Idem

138 1352 305 1395 circiter
337 1352 587 1394 observetur
618 1350 758 1404 quoad
788 1350 988 1392 materias
1021 1348 1291 1402 accessorias,
1323 1351 1370 1389 ut
1400 1360 1475 1401 pro
1508 1359 1684 1389 numero
1716 1347 1860 1389 lectio-

137 1440 238 1470 num
259 1440 346 1469 una
376 1427 563 1469 alterave
594 1425 787 1480 repetitio
810 1438 885 1478 per
914 1424 1225 1466 hebdomadam
1247 1423 1468 1465 habeatur.
1518 1423 1582 1464 Ad
1614 1423 1689 1465 has
1713 1426 1855 1464 tamen

137 1502 412 1556 repetitiones
455 1501 617 1543 externi
659 1513 740 1541 non
789 1499 1020 1552 obligandi,
1067 1499 1215 1541 iisdem
1256 1498 1391 1540 nostri
1438 1501 1607 1551 praeter
1644 1510 1738 1550 eos,
1787 1497 1861 1550 qui

138 1580 355 1630 praesunt,
386 1589 469 1618 non
502 1575 726 1618 adsistunt.
783 1575 865 1617 Ubi
888 1575 1037 1616 unicus
1069 1578 1134 1616 est
1155 1574 1390 1629 Professor,
1423 1586 1474 1615 ne
1507 1573 1680 1614 nimium
1714 1584 1858 1614 onere-

137 1654 221 1707 tur,
253 1651 382 1693 semel
404 1651 522 1693 bisve
552 1651 594 1692 in
626 1650 888 1692 hebdomade
922 1650 1191 1703 repetitiones
1223 1650 1434 1697 instituat,
1466 1649 1593 1690 etiam
1627 1652 1858 1701 postremo,

139 1728 173 1768 si
206 1727 386 1781 placeat,
419 1726 609 1768 lectionis
643 1728 847 1778 tempore.

278 1803 323 1855 b)
370 1803 404 1844 A
436 1802 593 1844 nostris
627 1805 846 1854 repetatur
877 1801 990 1842 omni
1022 1801 1088 1842 die
1131 1801 1299 1842 scholae
1333 1800 1444 1842 domi
1477 1813 1551 1853 per
1582 1800 1751 1854 horam,
1793 1812 1860 1841 ex-

139 1880 259 1931 cepto
308 1877 392 1933 die,
444 1889 527 1931 quo
573 1876 757 1919 habetur
804 1876 1036 1930 disputatio
1082 1876 1325 1925 sabbatina3
1375 1875 1437 1917 his
1485 1875 1861 1928 disputationibus,

139 1955 346 2006 quantum
378 1950 467 1993 fieri
498 1954 659 2007 potest,
699 1951 902 2003 magister
932 1951 1020 2004 ipse
1052 1951 1232 1992 intersit.
1297 1951 1415 2003 (Reg.
1451 1952 1500 1992 12
1533 1950 1714 1992 Profess.
1749 1957 1860 2002 sup.)

280 2029 317 2079 c)
364 2025 550 2068 Sabbato
583 2026 647 2067 vel
681 2025 761 2067 alia
794 2026 874 2080 die,
906 2039 942 2067 v.
976 2038 1013 2078 g.
1048 2026 1218 2077 Martis,
1252 2025 1483 2078 disputatio
1517 2025 1741 2066 sabbatina
1771 2024 1861 2066 loco

139 2102 307 2144 scholae
330 2115 458 2155 super
479 2101 667 2143 materiis
690 2100 1006 2154 principalibus,
1040 2104 1087 2142 ut
1109 2100 1266 2153 Theol.,
1290 2101 1482 2154 Physica,
1511 2100 1715 2155 Metaph.,
1737 2100 1864 2152 Log.:

138 2178 237 2220 item
271 2177 414 2219 Theol.
447 2189 551 2218 mor.
587 2177 705 2229 (Reg.
739 2177 762 2216 6
800 2175 912 2218 Prof.
951 2178 1074 2225 mor.)
1108 2176 1328 2218 habeatur.
1392 2176 1453 2217 Eo
1498 2175 1563 2216 die
1605 2178 1703 2217 ante
1741 2175 1864 2217 meri-

140 2253 248 2294 diem
283 2252 419 2305 prima
450 2251 556 2292 hora
587 2251 759 2293 alternis
793 2250 1068 2293 hebdomadis
1102 2250 1320 2304 disputent
1351 2254 1394 2292 et
1416 2253 1612 2303 repetant
1634 2249 1860 2302 dogmatici

140 2340 268 2380 super
300 2327 488 2369 materiis
521 2329 731 2368 tractatus
764 2326 983 2375 matutini,
1017 2325 1203 2368 secunda
1226 2325 1333 2367 hora
1353 2325 1598 2367 moralistae
1620 2325 1863 2366 alternatim

140 2415 312 2455 quoque
347 2402 566 2455 disputent
607 2405 649 2442 et
691 2404 907 2455 repetant3
952 2401 1194 2442 canonistae
1239 2412 1337 2442 vero
1378 2400 1550 2441 alternis
1589 2400 1864 2441 hebdomadis

139 2489 190 2518 ea
221 2477 325 2519 hora
358 2480 573 2531 repetant,
607 2476 671 2518 vel
703 2476 925 2518 lectionem
958 2475 1153 2517 habeant.
1218 2475 1361 2517 Tertia
1404 2474 1507 2516 hora
1548 2474 1674 2516 detur
1712 2475 1864 2527 linguis

141 2552 432 2594 orientalibus.

281 2625 449 2680 Physici
491 2629 534 2668 et
571 2625 714 2679 Logici
754 2625 972 2679 disputent
1018 2627 1068 2667 l?
1106 2624 1229 2675 hora3
1283 2626 1335 2668 22³
1375 2624 1548 2667 alternis
1590 2624 1864 2666 hebdomadis

142 2700 364 2743 Professor
385 2700 626 2743 Matheseos
658 2700 699 2742 in
724 2700 880 2753 Logica
911 2700 1072 2752 relegat
1105 2700 1167 2741 vel
1202 2702 1389 2753 repetat:
1424 2701 1480 2742 35²
1508 2700 1612 2741 hora
1634 2699 1759 2742 detur
1790 2699 1866 2741 lin—

142 2776 260 2832 guis,
306 2779 354 2818 ut
385 2775 556 2817 dictum.
619 2776 655 2817 A
696 2775 869 2817 meridie
914 2778 963 2816 15²
991 2774 1096 2816 hora
1126 2774 1348 2816 Professor
1389 2774 1652 2827 dogmaticae
1692 2774 1865 2816 alternis

143 2851 420 2895 hebdomadis
452 2864 552 2894 suas
584 2851 785 2894 materias
818 2850 973 2905 repeti,
1017 2853 1091 2891 aut
1122 2862 1250 2903 super
1287 2850 1338 2892 iis
1372 2849 1580 2903 disputari
1622 2852 1764 2904 curet,
1806 2849 1866 2891 ita

143 2929 204 2979 ut,
238 2926 407 2980 quando
439 2939 562 2969 mane
595 2926 860 2980 disputatum
892 2927 969 2979 est,
1003 2936 1176 2977 vespere
1199 2928 1420 2978 repetatur
1451 2928 1494 2965 et
1515 2924 1709 2966 vicissim.
1764 2924 1865 2965 Pro-

152 3002 332 3044 fessores
355 3000 558 3055 Physicae
589 3004 632 3044 et
653 3000 954 3054 Metaphisicae
986 3012 1035 3041 ea
1064 2999 1169 3041 hora
1201 3002 1397 3052 repetant
1418 2999 1617 3040 materias
1649 3001 1740 3040 tota
1768 2998 1866 3040 heb-

283 3154 310 3197 ι)
337 3152 513 3188 Decuriis.
