2164 3535
359 252 590 296 Einfiihruug
615 252 678 287 der
703 263 819 287 neuen
837 252 879 287 R.
907 258 949 287 st.
976 252 1013 286 in
1038 251 1102 286 der
1127 250 1412 285 oberdeutschen
1429 249 1532 284 Prov.
1562 252 1659 285 1834.
1790 252 1870 292 529

152 392 377 445 (anglaise)
410 392 592 434 caerulei
615 392 780 443 coloris,
813 404 953 444 quam,
986 391 1051 432 vel
1074 392 1164 444 eJus
1187 391 1276 432 loco
1308 390 1485 444 pallium
1517 390 1668 441 ferant,
1703 390 1870 443 quoties

150 466 190 508 in
224 478 412 521 corpore,
445 468 493 507 ut
523 466 638 519 loqui
670 466 819 521 solent,
851 465 1017 520 publice
1049 468 1308 519 comparent,
1342 465 1540 518 omnique
1573 464 1639 507 die
1663 463 1871 506 dominico

151 544 193 583 et
224 540 331 583 festo
363 553 439 594 pro
473 541 622 582 divinis
655 540 815 583 officiis.

289 635 326 674 5.
379 632 695 674 Ambulationes
730 632 920 685 Magistri
962 644 1057 674 cum
1100 631 1315 685 discipulis
1357 644 1574 685 nunquam
1614 630 1772 673 faciant
1813 630 1872 672 in-

150 710 272 759 tegra
305 706 394 763 die,
429 707 502 749 sed
535 707 599 749 vel
632 719 754 748 inane
786 706 849 748 vel
883 719 906 747 a
938 706 1111 748 meridie
1144 710 1330 761 tantum,
1362 710 1406 748 et
1437 705 1605 759 quidem
1638 719 1687 748 ex
1713 705 1870 759 J'udicio

149 782 339 824 Rectoris
382 794 507 823 unam
550 781 614 823 vel
656 781 761 824 duas
803 784 878 822 aut
920 780 1074 833 plures.
1139 780 1263 823 Solus
1305 782 1447 823 autem
1482 780 1654 834 Collegii
1698 781 1872 823 Rectori

150 856 359 898 licentiam
393 856 495 898 dare
525 856 673 910 possit,
707 868 800 897 cum
833 856 911 897 cibi
945 855 1117 908 aliquid,
1150 859 1224 897 aut
1255 860 1381 909 potus
1414 856 1664 898 sumendum
1697 859 1773 898 est.

289 952 325 989 b'.
374 948 457 990 Ubi
488 948 748 989 inveteratus
781 960 870 989 mos
901 960 981 989 non
1007 947 1161 1002 obstat,
1195 947 1389 1001 discipuli
1412 960 1580 1001 quoque
1603 949 1871 1002 superiorum

150 1023 347 1066 classium
389 1023 640 1065 conveniant
679 1026 777 1064 ante
809 1022 949 1064 divina
983 1021 1120 1064 officia
1152 1035 1199 1064 ac
1231 1023 1404 1065 Missam
1435 1023 1476 1064 in
1509 1023 1683 1077 propria
1713 1024 1871 1077 schola,

150 1101 198 1140 ut
228 1098 376 1140 exinde
407 1101 574 1140 servato
608 1098 804 1140 classium
836 1097 983 1140 ordine
1013 1110 1060 1140 ac
1092 1100 1366 1151 praeceptore
1397 1098 1642 1151 invigilante
1675 1098 1728 1140 ad
1754 1099 1873 1140 Tem-

149 1173 267 1227 plum
300 1172 588 1226 egrediantur.

288 1268 325 1306 7.
372 1265 421 1307 In
464 1265 656 1307 omnibus
698 1264 854 1306 nostris
887 1264 1102 1316 Collegiis,
1142 1263 1408 1307 Professores
1441 1265 1569 1307 etiam
1601 1266 1870 1320 superiorum

150 1340 347 1382 classium
379 1340 566 1382 moribus
599 1339 902 1392 discipulorum
935 1339 1022 1380 sive
1053 1339 1094 1380 in
1127 1338 1292 1391 schola,
1331 1339 1419 1381 sive
1451 1342 1572 1382 extra
1603 1353 1695 1382 eam
1729 1341 1870 1394 invigi-

149 1415 250 1467 lent,
283 1427 330 1456 ac
362 1414 581 1457 Praefecto
613 1414 866 1469 scholarum,
898 1414 933 1456 si
955 1414 1056 1467 quid
1079 1415 1332 1469 notaverint,
1366 1415 1620 1457 renuntient.
1674 1416 1869 1458 Eundem

151 1501 319 1543 quoque
351 1489 401 1531 de
433 1490 644 1542 frequenti
676 1502 700 1531 a
726 1479 876 1532 ⁸schola
909 1489 1116 1539 absentia,
1149 1503 1185 1531 v.
1209 1502 1247 1543 g.
1281 1503 1389 1543 quae
1422 1491 1557 1533 tribus
1587 1491 1746 1534 vicibus
1778 1492 1869 1534 sine

150 1570 251 1606 nota
281 1565 469 1618 legitima
500 1577 627 1607 causa
659 1564 950 1619 subsequitur,
983 1564 1253 1607 admoneant.

290 1661 327 1699 ὅ.
374 1657 585 1698 Bidellum
607 1656 685 1698 sub
709 1657 803 1712 alio,
837 1657 871 1698 si
899 1657 1077 1712 placeat,
1110 1657 1277 1700 nomine
1299 1658 1435 1711 quivis
1457 1658 1661 1711 Magister
1692 1658 1873 1701 habeat:

151 1732 223 1773 ubi
244 1732 389 1774 Nostri
421 1731 658 1774 scholastici
690 1736 803 1783 sunt,
831 1732 988 1782 judicio
1011 1732 1202 1774 Rectoris
1235 1745 1366 1774 unum
1396 1746 1417 1775 e
1441 1733 1607 1775 Nostris
1639 1734 1704 1776 vel
1736 1737 1874 1776 exter—

150 1820 266 1862 num,
299 1807 402 1848 alias
434 1810 666 1848 externum.
734 1806 775 1848 Is
807 1810 949 1848 autem
982 1806 1150 1859 regulas
1182 1806 1334 1848 Bidelli
1365 1808 1406 1848 in
1439 1807 1618 1849 Ratione
1650 1808 1764 1850 stud.
1800 1809 1873 1851 de-

151 1882 331 1935 scriptas
365 1882 573 1924 observet.

862 2003 909 2043 A.
944 2002 998 2043 M.
1034 2002 1082 2044 D.
1119 2001 1168 2044 G.

235 3256 425 3282 Monumenta
445 3254 617 3281 Germaniae
636 3253 839 3286 paedagogica
859 3251 933 3277 XVI.
1605 3246 1649 3277 34
