2164 3535
281 215 363 258 506
542 214 753 249 Beibericht
778 213 845 249 der
871 213 1299 250 Studien-Kommissare
1325 226 1390 249 zur
1414 214 1456 250 R.
1484 220 1527 250 st.
1553 226 1621 251 von
1649 219 1746 253 1832.

509 435 769 501 Regulae
814 434 1171 484 Academiae
1215 434 1768 487 Grammaticorum.

416 575 465 616 N.
492 571 587 619 188.
648 574 720 616 Ad
752 587 855 628 reg.
884 577 918 616 1.
982 575 1275 629 Expunximus
1314 576 1693 629 repetitionem,
1735 589 1787 619 ne
1819 577 2006 620 scholam

278 649 470 692 redoleat
501 650 742 692 Academia.

415 725 464 767 N.
491 722 586 771 189.
648 725 719 767 Ad
753 737 852 778 reg.
879 727 915 766 2.
980 725 1151 767 Additio
1183 726 1297 768 facta
1327 730 1502 780 propter
1534 727 1647 769 dicta
1678 740 1715 768 n.
1742 729 1794 769 25
1827 728 1911 782 §2

414 802 466 842 N.
491 798 585 847 190.
643 801 715 843 Ad
748 814 849 854 reg,
874 803 910 841 3.
949 826 998 831 —
1036 804 1086 844 19
1119 801 1390 854 Expungitur
1424 802 1702 853 »acriter«,
1736 803 1836 856 quia
1866 803 2004 845 minus

277 876 381 918 bene
424 880 560 919 sonat.
605 902 657 906 —
699 878 751 919 29
784 876 1018 918 Adduntur
1059 876 1370 932 accessoria,
1417 880 1506 918 tum
1550 880 1723 931 propter
1761 878 2002 933 utilitatem,

275 955 364 993 tum
397 955 572 1005 propter
601 952 866 994 varietatem.

563 1270 873 1320 postulata
910 1271 980 1319 ad
1019 1272 1357 1320 universam
1399 1271 1520 1320 Rat.
1560 1271 1710 1321 stud.

415 1411 462 1452 19
497 1409 557 1452 Ut
578 1409 818 1452 studiorum
852 1410 977 1464 ratio,
1010 1414 1140 1463 prout
1171 1422 1196 1451 a
1217 1410 1262 1452 P.
1286 1411 1336 1452 N.
1371 1414 1562 1453 correcta
1583 1411 1726 1458 fuerit,
1759 1410 1999 1465 sumptibus

272 1484 593 1527 Provinciarum
624 1484 906 1538 imprimatur.

411 1562 462 1603 29
496 1561 555 1603 Ut
587 1560 677 1613 ejus
710 1560 900 1602 executio
935 1563 1164 1613 urgeatur,
1203 1561 1389 1614 alioquin
1422 1562 1512 1615 ejus
1545 1562 1877 1615 experimentum
1908 1560 1998 1604 fieri

271 1648 353 1677 non
386 1639 539 1689 potest.

409 1711 461 1752 39
493 1711 553 1753 Ut
584 1711 624 1753 in
650 1710 845 1764 Collegiis
881 1711 966 1752 sint
998 1711 1075 1753 viri
1108 1712 1261 1765 idonei,
1295 1712 1367 1765 qui
1399 1713 1684 1765 experientiae
1716 1712 1921 1754 rationem
1955 1716 1999 1754 et

270 1798 511 1828 successum
544 1787 712 1840 scriptis
745 1787 1014 1839 consignent,
1056 1799 1165 1840 quae
1199 1787 1293 1829 dein
1326 1787 1502 1840 singulis
1542 1787 1662 1829 annis
1694 1788 1872 1829 Romam
1903 1787 1998 1829 mit-

269 1864 428 1903 tantur.

408 1938 461 1979 49
496 1937 555 1979 Ut
586 1950 662 1990 pro
702 1938 1025 1991 opportunitate.
1055 1937 1246 1980 locorum
1279 1942 1322 1980 et
1360 1942 1598 1992 temporum
1633 1937 1772 1980 licitus
1805 1938 1861 1980 sit
1892 1951 1995 1981 usus

270 2011 440 2064 linguae
493 2012 743 2054 vernaculae
789 2012 831 2053 in
878 2012 1063 2054 scientiis
1112 2012 1333 2063 docendis,
1384 2016 1686 2066 praeterquam
1734 2013 1776 2055 in
1824 2013 1995 2069 Logica,

271 2086 563 2140 Metaphysica
597 2090 639 2129 et
670 2086 911 2141 Theologia,
940 2087 1062 2141 juxta
1094 2087 1204 2129 decr.
1228 2090 1277 2129 19
1311 2087 1463 2141 Congr.
1486 2088 1601 2130 XXI.
