2164 3535
310 275 362 315 76
923 275 1132 319 Erklarung
1159 275 1222 309 der
1248 275 1420 310 Antoren.

307 417 455 457 nostra
485 414 723 457 studiorum
756 415 864 457 ratio
897 416 1025 458 faciat
1056 416 1163 458 hanc
1195 416 1534 470 praelectionem,
1567 417 1671 460 satis
1704 417 1934 460 ostendunt
1966 419 2030 460 tot

307 490 508 545 Regnlae,
541 490 694 543 quibus
726 490 822 531 huic
854 504 935 532 non
966 490 1089 532 modo
1113 491 1363 533 tantundem
1387 491 1603 544 temporis,
1636 504 1684 534 ac
1706 496 2030 546 praeceptorum

307 566 604 620 explanationi,
638 566 710 608 sed
745 566 869 607 etiam
904 566 1160 607 matutinum
1184 570 1364 622 tempus,
1398 579 1547 620 nempe
1567 567 1856 621 pomeridiano
1881 581 2030 622 oppor-

305 641 451 682 tunius
484 641 738 694 assignatur.
803 640 926 682 Certe
959 653 1085 694 quam
1120 641 1191 683 diu
1224 642 1327 684 haec
1360 642 1604 684 exercitatio
1638 643 1881 699 urgebitur,
1911 643 2031 686 flore-

306 715 472 769 bitque,
520 715 732 758 florebunt
777 715 953 758 Scholae
1001 719 1193 773 nostrae,
1242 717 1555 771 discipulosque
1601 719 1818 772 proferent
1865 718 2031 772 egregie

305 791 523 833 institutos

442 867 495 908 ΙΙ.
559 866 834 919 Praelegendi
866 867 1066 910 authores
1100 868 1298 922 operibns
1330 868 1591 911 scholasticis
1624 869 1771 912 inserti
1805 873 1928 920 sunt„
1970 869 2031 911 ni-

306 943 458 984 mirum
497 955 573 996 pro
616 942 810 984 omnibus
849 943 1054 985 classibus
1088 943 1253 991 Cicero;
1295 948 1517 997 praeterea
1549 945 1590 986 in
1622 945 1760 987 Parva
1792 944 2027 996 Phaedrus,

302 1018 343 1059 in
376 1017 596 1071 Principiis
630 1018 862 1070 Cornelius„
895 1020 937 1061 in
971 1019 1259 1061 Grammatica
1292 1019 1425 1061 Iulius
1456 1018 1631 1070 Caesam
1664 1019 1705 1060 in
1729 1018 1903 1073 Syntaxi
1927 1019 2031 1061 Cur-

303 1093 400 1143 tius,
432 1093 473 1134 in
506 1093 626 1135 Po'esi
659 1098 702 1136 et
732 1094 960 1136 Rhetorica
993 1094 1150 1142 Livius,
1192 1094 1378 1147 Tacitus,
1412 1094 1628 1147 Virgilius,
1663 1098 1740 1136 cet.
1777 1095 2030 1148 sublataque

304 1172 381 1219 est„
415 1180 524 1220 quae
557 1169 725 1211 valebat
755 1169 974 1225 hactenus,
1008 1169 1313 1223 discipulorum
1346 1169 1575 1221 excusatiQ
1616 1182 1797 1223 quorum
1829 1169 2030 1223 paucissi-

303 1243 381 1285 mis
412 1244 771 1298 praescriptorum
804 1245 1044 1287 Authorum
1077 1245 1197 1298 copia
1228 1248 1332 1287 erat.
1395 1245 1524 1287 Plura
1556 1246 1752 1299 quidem,
1795 1258 1922 1298 quam
1953 1258 2030 1299 per

303 1319 401 1360 anni
442 1320 699 1362 curriculum
742 1321 891 1373 exponi
932 1321 1116 1374 possint„
1160 1320 1395 1362 afferuntur
1436 1321 1477 1362 in
1518 1333 1667 1374 opere3
1718 1321 1936 1371 nimirum,
1982 1325 2030 1362 ut

305 1397 568 1447 superessetq
610 1407 716 1448 quae
750 1395 862 1437 domi
895 1396 958 1438 vel
990 1396 1174 1437 mulctae
1206 1396 1392 1446 nomine„
1435 1396 1499 1438 vel
1532 1398 1682 1450 suapte
1715 1410 1736 1439 e
1767 1396 1897 1438 latino
1938 1409 2029 1450 ger—

303 1470 463 1512 manice
495 1472 722 1521 verterent,
756 1475 869 1513 certe
900 1471 1134 1524 intelligere
1166 1471 1388 1513 studerent
1420 1471 1624 1525 discipuli.

439 1551 515 1592 ΙΙΙ.
563 1551 863 1594 Praelectionis
895 1552 1031 1594 forma
1063 1552 1103 1593 in
1128 1565 1174 1593 eo
1199 1556 1275 1596 est.
1311 1557 1358 1593 ut
1379 1552 1562 1605 primum
1587 1556 1806 1606 repetatur
1828 1553 2028 1596 hesterna

301 1626 548 1679 praelectio,
591 1629 682 1669 tum
722 1628 973 1681 subjiciatur
1011 1640 1131 1669 nova.
1195 1628 1375 1681 Repetet
1416 1630 1558 1669 autem
1598 1627 1663 1669 vel
1695 1628 1899 1682 Magister
1937 1628 2028 1682 ipse

300 1700 486 1743 breviter
517 1701 605 1744 heri
639 1702 770 1753 dicta;
810 1703 874 1745 vel
908 1703 1041 1756 (quod
1072 1702 1270 1756 expedire
1302 1702 1488 1755 videtur)
1522 1704 1655 1744 totam
1689 1703 1742 1745 ab
1774 1704 1973 1757 quopiam
2006 1716 2028 1746 e

301 1777 589 1832 peritioribus,
622 1778 687 1819 vel
719 1782 862 1831 partes
895 1791 919 1820 a
951 1778 1145 1831 pluribus
1177 1778 1312 1831 repeti
1340 1777 1529 1831 jubebit:
1562 1778 1726 1819 nemine
1757 1780 1897 1820 tamen
1929 1782 2026 1821 ante

299 1852 529 1905 admonito,
562 1854 610 1895 ut
640 1854 777 1907 parati
811 1867 954 1896 omnes
987 1853 1225 1895 adveniant.
1283 1853 1362 1904 Qui
1394 1853 1628 1907 imperatus
1653 1853 1793 1899 fuerit
1827 1853 2024 1905 hae-serit,

300 1927 575 1979 obmutuerit,
609 1942 660 1970 ne
695 1930 784 1971 sine
816 1943 972 1985 paena,
1006 1942 1054 1971 ac
1087 1929 1165 1971 loci
1198 1929 1349 1971 saltem
1384 1929 1586 1981 dignioris
1620 1929 1854 1971 mutatione
1887 1929 2023 1971 abeat.

437 2009 736 2052 Praelectionis
779 2023 912 2052 novae
954 2010 1089 2052 forma
1130 2010 1171 2051 in
1213 2009 1476 2062 singulorum
1519 2009 1823 2062 Magistrorum
1867 2010 2025 2063 regulis

299 2084 474 2137 pulchre
513 2098 712 2139 expressa
750 2090 826 2127 cst.
894 2088 928 2126 1.
970 2086 1029 2127 Ut
1066 2084 1360 2138 praelectionis
1395 2087 1692 2137 argumentum
1726 2087 1862 2126 totum
1896 2086 2026 2127 conti-

299 2164 447 2202 nenter
476 2161 605 2203 latine
636 2161 963 2214 pronuncietur:
998 2161 1087 2213 ejus
1122 2159 1272 2201 deinde
1305 2172 1453 2201 sensns
1487 2162 1530 2201 et
1561 2172 1655 2201 cum
1689 2160 1903 2213 prioribus
1930 2173 2024 2203 con-

301 2235 419 2277 nexio
453 2237 677 2279 vernaculo
710 2249 902 2278 sermone
934 2240 1181 2289 exponatur.

436 2313 471 2352 2.
506 2312 818 2353 Percurrantur
849 2316 991 2365 partes
1024 2311 1184 2364 periodi
1206 2310 1412 2365 singulae,
1446 2310 1599 2363 quibus
1623 2311 1875 2353 vernaculae
1897 2312 2023 2364 signi-

298 2384 512 2428 ficationes
559 2387 858 2441 subjiciantur3
900 2387 1023 2429 simul
1070 2386 1298 2428 latinarum
1341 2397 1489 2427 vocum
1524 2385 1606 2435 visq
1655 2385 1790 2437 01¹ng
1839 2390 1880 2428 et
1921 2387 2023 2441 Ety-

299 2461 481 2514 mologia
512 2462 756 2515 explicetur.

436 2537 473 2577 3.
520 2536 669 2579 Partes
701 2537 867 2579 Periodi
907 2538 1099 2590 singulae
1141 2537 1192 2578 ad
1227 2536 1538 2578 Grammaticae
1578 2536 1747 2588 regulas
1786 2537 2022 2590 expendan-

298 2614 381 2661 tur,
414 2624 522 2665 quae
556 2612 683 2654 verba
714 2625 821 2665 quos
854 2625 977 2655 casus
1011 2615 1172 2665 regant,
1206 2624 1315 2664 quae
1348 2610 1572 2653 concordia
1604 2611 1719 2652 verbi
1753 2625 1846 2653 cnm
1879 2612 2021 2654 Nomi-

298 2686 440 2727 nativo
474 2689 550 2728 cet.

435 2763 471 2801 4.
524 2762 798 2814 Exponentnr
831 2775 898 2811 ea„
941 2775 1049 2815 quae
1083 2762 1135 2803 ad
1167 2761 1419 2803 latinitatem
1454 2762 1686 2814 pertinent.
1730 2775 1879 2815 nempe
1912 2762 2021 2805 Idio-

297 2835 408 2877 tismi
443 2849 516 2878 sen
550 2836 750 2885 Phrases„
785 2837 817 2878 si
851 2850 961 2889 qnae
994 2841 1240 2888 occurrant;
1277 2837 1544 2889 ostendetur,
1577 2840 1784 2889 qnantum
1817 2850 1842 2878 a
1873 2850 2020 2880 verna-

297 2911 393 2952 cula
424 2915 571 2953 nostra
604 2911 811 2960 differant,
846 2915 893 2954 ut
924 2926 1072 2954 sensns
1106 2912 1214 2954 idem
1238 2912 1344 2961 aliis,
1378 2912 1555 2964 aliisque
1580 2912 1805 2954 verborum
1828 2912 2018 2956 formulis

299 2986 548 3028 Germanice
580 2987 699 3029 reddi
725 2988 870 3040 possit.
925 2989 1087 3030 Licebit
1119 2990 1260 3030 autem
1284 2987 1438 3029 latinas
1461 2986 1665 3040 ejusmodi
1689 2988 2017 3039 observationes,

297 3064 341 3102 ct
370 3061 552 3103 Phrases
585 3075 711 3115 quam
744 3063 989 3104 brevissime
1022 3064 1194 3107 dictare.
1228 3068 1276 3105 ut
1307 3064 1454 3113 regula
1485 3068 1638 3105 monet.

434 3137 610 3179 Praeter
655 3140 841 3189 quatuor
882 3138 956 3179 has
996 3142 1162 3191 partes„
1210 3139 1315 3181 duas
1357 3139 1530 3191 insuper
1569 3138 1712 3191 adjicit
1757 3138 1795 3179 P.
1836 3138 2017 3180 Iuventii

297 3211 523 3253 Il‘lethodus
557 3212 741 3253 discendi
775 3214 816 3253 et
847 3212 1044 3254 docendi:
1091 3214 1403 3268 Ernditionem,
1445 3218 1486 3255 et
1519 3226 1676 3265 mores,
1709 3227 1857 3267 nempe
1891 3215 1937 3255 ut
1968 3226 2017 3255 ea
