2164 3535
619 212 811 246 Correctur
836 211 899 246 der
925 210 1171 246 schriftlichen
1198 211 1382 246 Arbeiten.
1803 215 1855 255 99

144 351 375 404 eademque
407 363 432 392 a
462 350 581 392 nobis
614 363 782 404 quoque
807 352 896 405 J'am
935 363 1065 405 supra
1095 351 1202 403 (Art.
1238 352 1261 393 5
1295 352 1318 405 ξ
1351 353 1407 398 6.)
1449 351 1566 393 fuere
1600 353 1858 393 enumerata.

143 427 275 468 Porro
308 425 499 479 quamvis
531 426 724 479 privatae
755 426 961 480 ejusmodi
984 426 1230 468 correctioni
1253 426 1391 468 locum
1414 426 1655 468 dederimus
1681 426 1865 479 aliquem

142 501 183 543 in
223 501 369 543 ordine
412 501 658 543 Scholarum
700 505 765 554 (ut
803 501 944 543 videre
976 506 1041 544 est
1073 501 1171 556 Cap.
1197 503 1223 543 4
1254 502 1343 543 Art.
1372 504 1390 543 1
1426 502 1449 555 §
1475 504 1517 555 1,
1550 501 1621 543 ubi
1655 501 1705 544 de
1737 502 1867 556 scrip-

142 576 268 618 tionis
301 576 486 617 themate
518 577 559 617 in
593 575 746 618 Schola
786 577 1072 630 componendo
1110 577 1365 618 mentionem
1396 576 1612 633 fecimus),
1652 577 1866 630 publicam

143 656 282 692 tamen
315 651 449 704 illam,
482 663 591 703 quae
623 651 763 704 palam
797 651 1067 693 audientibus
1100 652 1293 693 omnibus
1326 652 1596 709 transigitur,
1628 651 1865 694 habendam

141 726 332 767 ducimus
363 725 593 779 potiorem,
637 725 793 778 quippe
826 738 953 778 quam
986 730 1027 767 et
1058 725 1240 779 Majores
1272 727 1405 769 nostri
1437 727 1704 780 potissimum
1745 740 1864 769 usur-

140 799 325 853 pandam
360 802 489 852 atque
521 798 625 840 adeo
658 799 836 841 solerter
876 800 1066 852 quotidie
1108 800 1338 853 seduloque
1379 802 1687 856 suscipiendam
1726 802 1867 845 decre-

139 878 302 917 verunt.
365 873 526 926 (Ordin.
560 873 682 914 Prov.
718 874 787 927 §8
820 886 859 915 11.
899 876 982 925 12.)

277 948 463 990 Tametsi
507 952 649 989 autem
690 948 952 1001 singulorum
995 949 1299 1004 discipulorum
1331 951 1580 1005 scriptiones
1613 952 1801 1005 quotidie
1842 965 1866 994 a

139 1024 344 1078 Magistro
376 1023 530 1076 corrigi
563 1028 802 1079 oporteret,
835 1037 929 1066 cum
961 1026 1214 1079 praecipuus
1255 1030 1298 1068 et
1335 1028 1541 1069 maximus
1573 1027 1670 1070 inde
1702 1029 1865 1070 fructus

139 1101 305 1155 existat,
337 1100 371 1142 si
404 1104 545 1142 tamen
567 1100 796 1142 multitudo
828 1113 910 1142 non
943 1101 1146 1157 patiatur,
1181 1102 1366 1155 corrigat
1398 1115 1524 1155 quam
1555 1102 1774 1159 plurimos,
1805 1104 1865 1145 ita

139 1180 187 1217 ut
218 1188 323 1229 quos
356 1188 438 1217 uno
472 1175 538 1217 die
559 1175 779 1228 praeteriit
810 1176 943 1217 altero
976 1180 1109 1218 vocet.
1142 1177 1260 1229 (Reg.
1286 1178 1339 1219 23
1364 1178 1496 1231 00111.)
1551 1177 1674 1220 Certe
1704 1178 1865 1232 aliquot

139 1251 330 1305 exempla
361 1251 564 1305 quotidie,
595 1250 719 1292 modo
752 1263 801 1292 ex
822 1251 990 1305 optimis
1012 1251 1136 1293 inodo
1159 1265 1209 1294 ex
1236 1252 1489 1308 deterrimis,
1520 1254 1687 1307 publice
1717 1254 1867 1296 recitet

139 1329 266 1379 atque
298 1325 516 1379 expendat.
551 1325 669 1378 (Reg.
695 1326 744 1366 21
771 1325 906 1379 00111.)
958 1327 1098 1380 Atque
1131 1331 1178 1368 ut
1201 1327 1393 1381 expedite
1416 1329 1626 1382 corrigere
1648 1329 1865 1383 complura

138 1401 291 1457 possit,
324 1401 466 1454 aliqua
497 1401 672 1442 aemulis
711 1413 879 1454 quoque
917 1402 1179 1444 emendanda
1217 1403 1441 1456 dispertiat
1478 1404 1610 1458 (quod
1643 1418 1725 1459 quo
1756 1417 1863 1447 com-

137 1476 302 1518 modius
335 1475 422 1527 fiat,
454 1477 748 1529 unusquisque
779 1489 861 1518 non
895 1490 1019 1519 suum
1051 1481 1231 1534 tantum,
1265 1479 1337 1521 sed
1362 1483 1404 1521 et
1426 1480 1579 1522 aemuli
1610 1493 1761 1523 nomen
1793 1481 1865 1522 ad-

137 1551 339 1604 scribat);
374 1552 456 1593 alia
479 1552 730 1594 doctissimis
754 1552 992 1606 quibusque
1021 1567 1070 1595 ex
1093 1555 1202 1595 omni
1225 1567 1399 1596 numero
1422 1556 1664 1610 primosque
1685 1557 1865 1599 honores

138 1627 305 1680 adeptis
338 1627 586 1670 distribuat:
622 1628 703 1669 alia
741 1628 830 1682 ipse
870 1629 1088 1685 privatim,
1131 1629 1230 1671 dum
1272 1630 1313 1671 111
1357 1631 1499 1673 schola
1541 1632 1760 1685 scribitur,
1800 1633 1865 1675 vel

137 1702 380 1744 memoriter
417 1702 714 1745 decurionibus
753 1704 976 1758 recitatur,
1010 1704 1223 1757 inspiciat3
1263 1705 1344 1747 alia
1377 1706 1577 1763 denique,
1610 1707 1645 1749 si
1680 1707 1864 1763 libuerit,

140 1777 253 1818 domi
286 1778 484 1830 corrigat.
521 1779 639 1831 (Reg.
676 1779 728 1820 23
752 1778 865 1820 00111.
901 1779 1002 1831 Reg.
1038 1781 1061 1821 2
1085 1780 1189 1833 sing.
1224 1780 1354 1823 Class.
1389 1780 1578 1823 Sacchin.
1612 1783 1654 1824 in
1685 1783 1862 1826 Paraen.

137 1864 170 1892 0.
196 1854 218 1893 7
251 1865 289 1893 11.
316 1855 371 1901 7.)
437 1852 612 1894 Efficere
644 1857 785 1895 autem
818 1854 985 1895 omniuo
1018 1857 1150 1909 curet,
1183 1858 1231 1896 ut
1263 1856 1438 1908 singulis
1467 1857 1685 1899 minimum
1707 1858 1862 1901 hebdo-

136 1927 272 1969 madis
304 1928 483 1980 ipsemet
514 1941 655 1970 coram
687 1929 1020 1982 uniuscujusque
1060 1929 1201 1972 thema
1234 1935 1528 1987 recognoscat,
1561 1933 1751 1975 ordinem
1783 1934 1863 1975 sibi

139 2003 430 2044 tantummodo
463 2006 610 2044 uotum
644 2003 885 2059 observans,
919 2017 970 2046 ne
1001 2017 1125 2057 quem
1154 2018 1229 2058 per
1259 2006 1589 2060 imprudentiam
1619 2012 1863 2062 praetereat

142 2081 274 2130 utque
296 2090 416 2119 nemo
441 2078 560 2133 sciat,
593 2091 675 2131 quo
698 2092 822 2120 suuni
844 2079 911 2121 die
933 2081 1316 2133 recognoscendum
1339 2082 1405 2124 sit.
1440 2082 1648 2135 (Sacchin.
1672 2084 1748 2126 loc.
1774 2085 1861 2138 cit.)

278 2159 367 2200 Iam
400 2171 497 2200 vero
540 2159 776 2212 corrigendi
815 2160 982 2213 publice
1019 2161 1127 2202 ratio
1165 2161 1267 2204 haec
1305 2163 1387 2205 erit
1418 2176 1467 2205 ex
1505 2176 1590 2217 qua
1626 2169 1861 2219 praeterea,

137 2246 320 2287 quonam
350 2237 473 2286 pacto
506 2234 671 2287 privata
703 2247 871 2287 quoque
904 2237 1106 2278 correctio
1150 2238 1425 2291 transigenda
1465 2239 1539 2291 sit,
1582 2240 1859 2294 intelligetur.

136 2308 308 2350 Initium
340 2308 579 2351 ducendum
610 2321 635 2351 a
666 2310 958 2362 peritioribus,
992 2312 1063 2364 qui
1097 2313 1273 2355 caeteris
1305 2313 1503 2355 nimirum
1536 2316 1724 2369 exemplo
1757 2317 1860 2368 sint3

136 2396 231 2425 mox
264 2383 501 2425 infimorum
535 2397 703 2438 quoque
725 2386 974 2438 scriptiones
998 2387 1233 2429 audiendae
1260 2401 1335 2441 per
1356 2389 1486 2439 vices3
1520 2392 1648 2443 atque
1670 2391 1712 2432 111
1734 2391 1861 2434 utris—

138 2472 219 2512 que
251 2459 374 2501 modo
406 2459 666 2501 laudandum
699 2463 741 2502 et
770 2461 1115 2514 praedicandum,
1148 2463 1272 2504 modo
1301 2464 1693 2517 reprehendendum
1715 2479 1862 2520 expro-

136 2533 397 2576 brandumve
430 2534 522 2590 erit,
555 2535 695 2588 siquid
727 2538 824 2588 apte
857 2536 922 2578 vel
944 2549 1165 2590 perperam
1189 2538 1392 2591 scriptum
1414 2538 1564 2581 fuerit:
1597 2545 1725 2594 prout
1748 2542 1860 2585 vide-

135 2609 251 2651 bitur
273 2609 505 2659 convenire,
529 2614 577 2652 ut
600 2610 652 2652 ad
674 2610 975 2664 proficiendum
997 2612 1173 2665 singulis
1196 2626 1329 2656 novus
1348 2614 1626 2658 admoveatur
1647 2617 1858 2661 stimulus.

136 2684 280 2726 Errati
313 2687 455 2726 autem
487 2685 691 2739 cujusque
723 2686 851 2739 ratio,
892 2699 977 2728 una
1020 2699 1114 2729 cum
1152 2688 1314 2731 ratione
1353 2690 1623 2747 emendandi,
1663 2705 1711 2734 ex
1741 2706 1862 2746 prae-

137 2763 256 2813 cepto
289 2760 395 2815 ipso,
426 2761 468 2802 in
501 2760 614 2814 quod
644 2766 864 2814 peccatum
887 2761 1028 2818 fuerit,
1062 2765 1433 2806 commonstranda
1454 2766 1675 2820 perspicue
1698 2768 1861 2810 statim-

136 2847 216 2888 que
239 2835 442 2888 exigenda
463 2843 527 2878 est
547 2849 658 2878 nunc
680 2837 732 2878 ab
754 2836 846 2893 hoc,
877 2850 988 2879 nunc
1011 2837 1062 2879 ab
1084 2838 1154 2881 illo
1177 2842 1225 2880 ut
1246 2841 1546 2894 quamplurimi
1568 2846 1858 2885 exerceantur.

136 2909 286 2952 Omnia
321 2913 459 2952 tamen
490 2911 653 2964 placide
684 2912 825 2965 potius
858 2925 904 2954 ac
944 2912 1073 2954 veluti
1111 2913 1396 2971 familiariter,
1434 2929 1560 2969 quam
1592 2929 1735 2960 severe
1767 2931 1861 2971 gra-

135 2984 331 3038 viterque
353 2985 516 3038 agenda
538 2989 649 3028 sunt.
700 2986 832 3029 Porro
856 2987 1073 3029 rhetorum
1095 2991 1137 3030 et
1158 2988 1495 3032 humanistarum
1517 2992 1675 3045 scripta
1695 2993 1860 3046 integra

136 3060 400 3102 continenter
432 3072 525 3102 cum
559 3061 765 3114 dignitate
785 3062 1011 3116 fructuque
1032 3064 1324 3119 perleguntur,
1356 3066 1472 3108 velut
1502 3079 1602 3120 pars
1618 3068 1737 3120 justa
1769 3080 1860 3109 ora-

135 3135 260 3177 tionis
293 3135 358 3178 vel
395 3134 596 3178 historiae
636 3137 700 3179 vel
737 3139 946 3191 poematis
979 3142 1055 3181 001.
1117 3139 1174 3181 Α1
1205 3153 1313 3193 quae
1352 3141 1596 3183 scribuntur
1631 3142 1673 3183 in
1712 3142 1860 3185 Gram-

1580 3211 1622 3246 73<-
