2164 3535
470 249 572 283 Neue
599 247 959 291 Studienvorschlage
986 248 1050 282 der
1074 248 1271 283 deutschen
1296 246 1447 281 Provinz
1476 250 1573 283 1830.
1793 250 1875 290 417

437 538 660 603 Regulae
697 537 1000 586 Professoris
1038 537 1267 603 Linguae
1305 536 1601 586 Hebraicae.

302 665 371 707 Ad
404 664 638 706 Titulum.
701 663 781 713 Qui
813 663 910 704 olim
943 663 1164 705 dicebatur
1194 665 1413 706 Professor
1443 665 1612 717 linguae
1643 663 1877 719 Hebraeae,

163 741 286 783 hodie
318 740 473 794 passim
507 740 726 781 Professor
758 739 998 791 linguarum
1031 739 1309 781 Orientalium
1342 742 1530 795 vocatur,
1564 739 1677 792 quod
1709 738 1879 792 quidem

163 829 313 858 nomen
355 814 594 857 indifferens
635 826 716 855 non
750 813 936 864 videtui-3
978 813 1102 855 hodie
1134 814 1244 855 enim
1276 815 1386 856 inter
1417 815 1652 857 Novatores
1684 815 1803 868 parvi
1834 813 1880 855 fit

163 895 205 933 et
247 890 369 944 quasi
407 888 665 942 contemptui
707 888 889 929 habetur
930 888 1020 929 sola
1059 888 1204 941 lingua
1244 888 1427 930 hebraea
1471 889 1650 931 aliarum
1691 889 1880 932 subsidio

163 966 380 1008 destituta.
444 964 642 1006 Ceterum
686 975 783 1005 raro
822 963 1060 1004 invenietur
1098 963 1225 1017 hujus
1256 964 1426 1016 linguae
1456 977 1554 1006 vere
1585 965 1767 1017 peritus,
1810 965 1881 1017 qui

162 1054 243 1082 uon
276 1041 331 1082 sit
362 1040 672 1093 aliquantulum
705 1042 898 1080 versatus
930 1039 970 1079 in
1004 1038 1148 1091 lingua
1180 1038 1363 1094 Graeca,
1405 1039 1648 1089 Chaldaica,
1695 1040 1879 1093 Syriaca.

303 1121 544 1174 Optandum
577 1133 746 1174 quoque
777 1119 898 1172 foret,
932 1122 980 1160 ut
1010 1120 1050 1160 in
1083 1119 1133 1161 iis
1155 1119 1400 1172 Provinciis,
1432 1120 1474 1161 in
1497 1120 1650 1173 quibus
1672 1120 1749 1162 hoc
1776 1120 1880 1162 utile

164 1199 239 1238 aut
282 1196 566 1238 necessarium
612 1195 760 1249 fuerit,
812 1208 922 1236 unus
970 1195 1130 1237 alterve
1176 1195 1348 1249 speciali
1396 1208 1498 1236 cura
1545 1195 1780 1249 applicetur
1830 1195 1883 1236 ad

164 1272 350 1314 studium
392 1272 649 1323 Philologiae
693 1271 962 1323 universalis,
1009 1271 1145 1324 qualis
1194 1284 1304 1313 nunc
1348 1272 1528 1314 habetur
1570 1272 1611 1313 in
1655 1271 1882 1313 Germania

164 1350 206 1388 et
237 1347 399 1399 Anglia.

369 1691 592 1757 Regulae
634 1692 933 1741 Professoris
973 1692 1280 1759 Theologiae
1320 1692 1674 1742 Scholasticae.

304 1820 372 1861 Ad
420 1819 656 1862 Titulum.
728 1821 891 1863 Nomen
942 1821 1194 1873 Theologiae
1234 1820 1519 1862 Scholasticae
1565 1820 1689 1862 hodie
1734 1821 1881 1862 multis

165 1895 407 1948 ambiguum
440 1895 617 1937 videtur.
683 1895 764 1936 Alii
797 1896 927 1949 enim,
965 1900 1008 1938 et
1038 1909 1149 1938 nunc
1180 1899 1281 1938 sunt
1311 1896 1501 1952 plurimi,
1539 1908 1563 1937 a
1593 1896 1879 1938 Novatoribus

164 1970 300 2012 edocti
330 1971 401 2012 illo
433 1971 598 2012 nomine
628 1971 869 2024 intelligunt
899 1972 1156 2024 farraginem
1188 1972 1399 2014 inutilium
1432 1985 1565 2025 aeque
1588 1985 1636 2014 ac
1658 1972 1878 2014 subtilium

164 2046 482 2101 quaestionum,
524 2058 633 2099 quae
673 2046 826 2099 dogma
866 2047 1142 2089 christianum
1183 2048 1442 2101 contemptui
1480 2048 1614 2101 magis
1655 2061 1784 2101 quam
1821 2048 1883 2090 in—

164 2120 352 2162 tellectui
385 2125 611 2174 exponunt,
643 2122 788 2175 itaque
820 2123 998 2165 abusum
1031 2123 1309 2165 scholasticae
1340 2123 1526 2165 methodi
1558 2136 1650 2165 cum
1682 2124 1775 2177 ipsa
1799 2137 1883 2166 me-

164 2196 292 2237 thodo
335 2196 608 2237 confundunt.
682 2197 763 2238 Alii
796 2198 960 2250 judices
1002 2199 1222 2252 aequiores
1263 2199 1506 2251 intelligunt
1545 2199 1659 2252 quod
1701 2200 1760 2241 rei
1802 2203 1880 2253 est,

165 2270 469 2312 Scholasticam
516 2271 787 2325 Theologiam
834 2273 1100 2326 potissimum
1149 2275 1379 2316 consistere
1424 2274 1466 2316 in
1520 2274 1739 2325 methodo,
1794 2287 1878 2327 qua

165 2346 367 2387 materiae
405 2350 501 2399 apte
540 2347 650 2388 inter
687 2360 732 2389 se
770 2352 1079 2390 connectuntur
1110 2352 1152 2391 et
1177 2350 1300 2403 juxta
1332 2350 1513 2402 rigorem
1547 2349 1790 2392 dialecticae
1821 2350 1881 2391 in-

166 2421 402 2473 quisitionis
445 2422 735 2475 explanantur.
808 2423 1069 2465 Scholastica
1108 2424 1332 2466 methodus
1372 2425 1596 2478 posteriori
1635 2425 1712 2467 hoc
1755 2437 1881 2467 sensu

165 2495 379 2537 intellecta
415 2499 507 2537 tum
548 2497 589 2538 in
623 2497 883 2550 Theologicis
917 2502 1008 2540 tum
1040 2499 1080 2540 in
1114 2499 1417 2554 Philosophicis
1451 2500 1681 2554 disciplinis
1714 2500 1880 2542 omnino

166 2570 388 2611 retinenda
420 2574 497 2625 est,
529 2571 612 2612 imo
645 2572 780 2625 magis
812 2585 938 2625 quam
962 2578 1087 2615 antea
1108 2575 1395 2627 promovenda
1416 2574 1597 2630 videtur,
1631 2576 1880 2629 contemptis

166 2642 383 2685 Gallorum
425 2645 710 2701 quorundam,
754 2647 825 2700 qui
869 2648 1053 2689 omnium
1095 2661 1140 2690 se
1178 2649 1509 2702 sapientissimos
1535 2651 1721 2707 jactant,
1763 2651 1879 2692 vanis

166 2717 554 2762 declamationibus.
618 2721 729 2763 Talis
761 2734 928 2776 semper
958 2723 1038 2765 fuit
1069 2724 1281 2765 sententia
1312 2723 1554 2780 Societatis,
1595 2738 1722 2778 quam
1754 2726 1880 2767 etiam

166 2793 397 2835 declaravit
418 2794 568 2836 ultima
591 2795 796 2849 Congreg.
820 2797 933 2838 XXI.
987 2797 1216 2840 Praeterea
1235 2798 1350 2841 illam
1373 2800 1616 2842 methodum
1638 2813 1721 2842 non
1743 2801 1879 2842 solum

166 2867 220 2909 ab
260 2868 563 2912 illustrioribus
596 2870 848 2923 Theologiae
889 2884 936 2912 ac
968 2872 1262 2926 Philosophiae
1293 2874 1590 2930 scriptoribus,
1632 2875 1742 2917 inter
1773 2888 1878 2928 quos

167 2942 294 2984 etiam
327 2943 509 2985 Bossuet
539 2948 581 2986 et
602 2945 793 2987 Leibnitz
825 2945 939 2987 haud
971 2946 1124 2989 dubiae
1156 2949 1422 2991 auctoritatis
1455 2952 1567 3005 sunt,
1600 2949 1878 3002 adprobatam

166 3017 376 3073 videmUS,
424 3032 569 3061 verum
611 3021 738 3062 etiam
776 3034 800 3062 a
838 3021 1048 3063 modernis
1089 3023 1296 3066 solidioris
1346 3024 1562 3067 doctrinae
1605 3024 1727 3080 viris,
1776 3025 1876 3078 quin

166 3091 270 3134 adeo
303 3105 328 3133 a
358 3092 699 3137 Protestantibus
732 3096 803 3147 (V.
833 3096 900 3137 Sir
922 3096 1066 3139 James
1088 3097 1390 3151 Mackintosch,
1423 3099 1591 3141 miscell.
1616 3099 1873 3153 Philosoph.)

166 3167 256 3220 ejus
288 3167 618 3220 restitutionem,
652 3174 799 3222 utpote
830 3171 986 3212 nostris
1017 3173 1276 3226 temporibus
1308 3174 1612 3227 necessariam,
1645 3174 1875 3227 plurimum

237 3242 426 3269 Monumenta
446 3243 617 3270 Germaniae
636 3244 842 3278 Paedagogica
861 3244 936 3271 XVI.
1605 3242 1649 3277 27
