2164 3535
243 263 298 303 90
871 259 1102 295 Schriftliche
1129 259 1339 303 Uebungen.

242 400 394 443 tandas
426 400 572 456 velim,
604 414 713 454 quae
744 400 970 444 vernacule
1002 400 1212 442 duntaxat
1242 400 1330 443 suis
1364 400 1546 455 dictant,
1580 400 1814 454 significata
1845 401 1966 443 disci-

242 476 350 530 pulis
384 488 405 518 e
438 476 578 518 lexicis
611 476 897 530 conquirenda
930 475 1194 529 relinquunt:
1235 476 1377 518 licebit
1408 480 1548 518 tamen
1581 475 1738 518 imitari
1771 479 1964 519 eatenus:

246 554 279 593 1.
316 552 375 594 Ut
405 551 619 605 primitiva
650 565 722 593 seu
751 551 966 600 Derivata,
1000 563 1108 604 quae
1134 552 1223 605 J'am
1256 551 1477 599 edidicere,
1510 552 1546 592 2.
1581 550 1761 593 Phrases
1785 563 1832 592 ac
1854 551 1966 593 modi

245 626 444 679 loquendi
475 639 524 668 ex
557 626 736 668 authore
768 626 963 679 explicati
994 626 1096 679 ipsis
1129 639 1277 679 nempe
1309 626 1624 680 permittantur,
1663 628 1698 666 3.
1733 625 1891 668 Saltem
1924 626 1966 667 in

242 701 449 755 Suprema
480 702 787 743 Grammatices
822 701 956 743 altero
992 701 1207 756 semestri,
1240 705 1283 743 et
1313 701 1488 743 alternis
1521 714 1615 743 cum
1649 703 1690 743 et
1720 701 1810 743 sine
1841 701 1968 754 signi-

239 776 373 819 ficatis
415 776 609 819 dictetur.
672 776 720 818 In
760 789 853 818 eam
894 789 982 818 rem
1022 789 1275 830 magnopere
1306 776 1571 819 suadendum
1605 780 1689 829 est,
1730 780 1779 818 ut
1808 776 1968 819 Paeda-

240 865 394 905 gogum
426 851 625 894 Latinum
658 851 702 894 P.
736 852 874 906 Bayer
905 851 1409 909 Germanico-Latinum,
1441 853 1566 895 simul
1599 856 1642 896 et
1673 852 1967 895 Latino—Ger-

239 927 451 969 manicum
483 927 563 969 sibi
594 927 683 969 loco
717 927 841 970 Frisii
874 931 1130 981 comparent.

376 1015 552 1057 Praeter
590 1017 886 1067 argumentum
921 1014 1155 1068 jubeantur
1184 1015 1398 1057 interdum
1431 1015 1601 1057 brevem
1634 1014 1819 1068 aliquam
1854 1015 1968 1058 Cice-

239 1091 351 1133 ronis
384 1091 619 1132 versionem
652 1090 845 1132 Themati
878 1090 1144 1144 adscribere,
1178 1094 1226 1132 ut
1258 1091 1404 1143 regula
1437 1091 1601 1142 monet;
1645 1093 1687 1132 et
1718 1090 1967 1133 benevertet

239 1166 302 1216 iis,
335 1166 406 1220 qui
439 1169 590 1219 suapte
623 1165 813 1219 quotidie
843 1165 883 1206 id
919 1164 1161 1217 diligentiae
1195 1165 1434 1207 auctarium
1467 1165 1710 1219 adJecerint.

378 1252 418 1294 Si
453 1265 562 1306 quae
593 1251 752 1294 servari
786 1265 808 1293 e
838 1264 955 1293 more
985 1255 1130 1293 nostro
1153 1254 1369 1305 poterunt,
1402 1252 1635 1295 servandae
1658 1255 1757 1295 sunt
1778 1253 1964 1307 regulae,

239 1331 490 1381 argumenta
528 1327 748 1379 dictanda,
791 1331 834 1369 et
876 1327 999 1369 domo
1041 1327 1254 1370 afferenda
1296 1331 1397 1370 sunt
1429 1328 1618 1381 quotidie
1651 1331 1821 1382 praeter
1855 1329 1965 1371 diem

245 1403 466 1453 Sabbathi,
499 1403 665 1445 etiamsi
697 1402 813 1445 nulla
846 1402 934 1445 dies
968 1403 1200 1445 vacationis
1232 1403 1479 1445 intercedat.

379 1490 535 1541 Quavis
569 1490 848 1533 Hebdomada
890 1491 1018 1533 semel
1060 1491 1101 1532 in
1144 1491 1288 1533 schola
1321 1491 1551 1546 scribetur,
1592 1495 1686 1546 aut,
1729 1491 1763 1533 si
1796 1491 1965 1533 Rectori

239 1565 467 1617 videretur,
501 1566 587 1617 bis,
620 1568 711 1608 tum
744 1579 841 1608 vero
874 1567 934 1609 ita
966 1566 1092 1609 breve
1125 1570 1424 1620 argumentum
1456 1566 1512 1607 sit
1544 1568 1726 1619 oportet,
1760 1569 1808 1607 ut
1829 1565 1967 1608 media

238 1640 343 1682 hora
374 1641 645 1695 praelectioni
668 1642 870 1684 Authoris
902 1655 953 1684 ne
987 1642 1253 1695 detrahatur,
1288 1642 1416 1695 idque
1447 1642 1534 1684 fere
1557 1641 1623 1684 die
1647 1641 1859 1692 Mercurii,
1891 1653 1966 1683 nec

238 1716 405 1769 longius
439 1720 752 1771 argumentum,
785 1730 911 1770 quam
946 1721 993 1759 ut
1025 1717 1138 1759 intra
1169 1718 1311 1770 sesqui
1344 1717 1491 1759 horam
1525 1717 1684 1759 absolvi
1716 1717 1873 1770 possit,
1914 1729 1967 1758 ne

239 1792 449 1833 semihora
480 1793 743 1846 praescripta
776 1793 1061 1847 explanationi
1096 1792 1365 1839 detrahatur:
1411 1805 1520 1846 quae
1551 1796 1693 1834 tamen
1727 1792 1965 1846 explanatio

240 1867 377 1908 omitti
409 1868 578 1922 poterit,
611 1881 705 1910 cum
738 1868 866 1910 semel
899 1871 1005 1921 quot
1037 1867 1251 1910 mensibus
1285 1881 1359 1922 pro
1392 1868 1573 1922 Imperio
1607 1868 1818 1910 scribitur.

554 2272 632 2320 De
682 2272 1012 2338 scriptione
1060 2290 1161 2320 seu
1210 2272 1662 2338 compositione.

705 2377 897 2422 (Inops,
932 2377 1049 2412 Ratio
1075 2377 1116 2412 et
1140 2377 1202 2412 via
1228 2388 1268 2422 p.
1287 2376 1506 2421 131—134.)

380 2493 493 2535 Haec
534 2493 881 2534 exercitationum
921 2493 1270 2535 scholasticarum
1303 2493 1400 2546 jure
1439 2493 1633 2546 princeps
1672 2492 1876 2547 habetur,
1919 2494 1966 2535 ut

243 2567 441 2610 observat
480 2568 709 2610 Sacchinus
751 2568 791 2609 in
833 2568 1008 2610 Paraen.
1044 2580 1076 2610 c.
1102 2570 1124 2609 7
1158 2581 1196 2609 n.
1223 2570 1259 2609 7.
1323 2568 1385 2609 De
1417 2580 1502 2620 qua
1539 2568 1598 2609 sic
1638 2568 1758 2610 nobis
1802 2567 1965 2620 Regula

242 2643 465 2696 praecipit:
501 2643 717 2685 Scribendi
741 2648 1038 2697 argumentum
1061 2657 1142 2686 non
1166 2644 1410 2686 dictandum
1433 2657 1481 2685 ex
1504 2646 1709 2697 tempore,
1741 2643 1815 2685 sed
1837 2643 1964 2685 medi-

241 2720 330 2760 tato
364 2722 406 2759 et
436 2719 523 2760 fere
556 2719 606 2761 de
639 2719 816 2772 script0;
850 2720 963 2773 quod
997 2719 1050 2762 ad
1081 2719 1358 2761 imitationem
1384 2718 1612 2773 Ciceronis,
1645 2721 1852 2771 quantum
1874 2717 1964 2759 fieri

242 2795 402 2847 potest,
442 2797 484 2835 ot
515 2793 568 2834 ad
601 2806 791 2835 normam
825 2794 1046 2847 cujusdam
1079 2793 1354 2841 narrationis,
1389 2794 1619 2848 suasionis,
1652 2792 1964 2849 gratulationis,

245 2868 542 2911 admonitionis
581 2870 847 2922 aliarumque
888 2869 930 2910 id
974 2882 1107 2922 genus
1150 2881 1291 2911 rerum
1325 2868 1558 2921 dirigatur,
1599 2872 1641 2910 et
1672 2867 1841 2921 quidem
1874 2870 1963 2909 tum

245 2943 397 2985 Latina
428 2944 572 2996 lingua
603 2948 692 2985 tum
726 2945 865 2997 patria
897 2944 1166 2986 scribendum
1199 2945 1329 2996 esset,
1370 2943 1440 2984 ubi
1473 2943 1658 2985 dictatur
1690 2943 1741 2984 ad
1774 2942 1961 2984 verbum.

245 3018 459 3060 Dictatum
493 3031 619 3071 porro
652 3019 795 3060 statim
826 3019 1031 3071 Magister
1056 3018 1207 3072 jubeat
1238 3018 1427 3063 recitari:
1459 3017 1650 3070 explicet,
1683 3017 1824 3070 siquid
1855 3017 1965 3059 forte

246 3093 478 3142 difficilius3
512 3093 730 3143 vocabula,
763 3093 937 3146 phrases
963 3094 1130 3146 aliaque
1152 3092 1364 3146 praesidia
1385 3092 1679 3135 subministret
1701 3103 1963 3145 semperque,

250 3172 420 3221 excepto
454 3168 657 3217 Rhetore,
690 3168 800 3210 inter
832 3168 1076 3210 dictandum
1110 3168 1354 3217 admoneat,
1388 3179 1469 3220 quo
1505 3167 1626 3209 modo
1660 3167 1832 3219 quaevis
1864 3179 1962 3219 pars
