2164 3535
488 252 590 287 Neue
618 252 981 295 Studienvorschlage
1007 252 1071 286 der
1097 251 1294 287 deutschen
1320 250 1473 285 Provinz
1502 253 1599 286 1830.
1818 254 1895 293 411

186 390 430 432 viderentur
472 390 682 443 obligandi
720 404 863 433 omnes
895 391 1188 445 Philosophiae
1227 391 1441 433 auditores
1474 390 1527 432 ad
1560 389 1900 432 mathematicam

186 466 497 517 elementarem,
530 478 638 518 quae
672 478 753 507 uno
787 478 895 508 anno
928 466 1088 508 absolvi
1120 469 1277 519 posset,
1310 466 1343 508 si
1376 466 1417 507 in
1449 464 1719 507 inferioribus
1752 464 1903 506 scholis

184 539 440 593 pedetentim
480 539 640 592 aliquid
680 554 701 582 e
742 541 1048 583 mathematicis
1092 541 1378 583 delibaverint.
1442 539 1744 582 Mathematica
1778 551 1902 592 porro

184 614 377 667 superior
422 614 852 667 (transcendentalis)
893 615 1092 667 tradatur
1132 615 1390 665 volentibus,
1433 618 1475 657 et
1513 615 1619 669 illis,
1662 614 1735 667 qui
1766 616 1905 655 totum

184 688 410 730 triennium
443 688 584 730 studio
616 688 909 742 Philosophiae
941 689 1202 742 impendunt.
1254 716 1305 720 u-
1354 689 1421 732 Sic
1451 690 1492 731 in
1526 689 1722 742 Collegiis
1755 689 1905 731 saltem

185 762 415 816 majoribus
449 762 528 804 erit
549 774 632 815 quo
663 767 924 816 occupentur
946 764 1104 818 optimi,
1138 765 1238 817 quin
1261 765 1492 807 mediocres
1515 765 1638 807 nimis
1663 767 1904 806 onerentur.

320 837 392 879 Ad
424 850 523 891 reg.
549 839 599 879 21
635 838 719 892 §L
782 838 901 880 Licet
940 839 981 880 in
1014 839 1227 892 plerisque
1259 839 1444 892 collegiis
1478 840 1559 882 alia
1591 840 1646 882 sit
1675 840 1716 881 in
1750 852 1830 881 usu
1864 842 1906 881 et

182 913 384 967 prolixior
414 912 655 955 scholarum
689 913 856 970 divisio,
899 914 1067 956 videtur
1096 917 1237 956 tamen
1271 915 1445 968 antiqua
1477 914 1697 957 retinenda
1728 917 1789 969 et,
1837 913 1906 956 ubi

182 1000 264 1029 non
296 990 362 1030 est
392 987 433 1030 in
465 988 627 1043 vigore,
656 992 863 1042 quantum
896 989 982 1032 fieri
1016 992 1178 1045 potest,
1211 989 1496 1043 restituenda,
1538 993 1580 1031 et
1611 990 1699 1031 suis
1734 989 1906 1043 quidem

182 1063 434 1105 nominibus
507 1063 570 1105 Ex
618 1077 703 1117 reg.
745 1067 886 1106 tamen
919 1066 943 1107 8
986 1065 1063 1119 §3
1109 1065 1314 1106 Praefect.
1357 1064 1469 1106 stud.
1514 1064 1584 1106 inf.
1630 1064 1904 1120 permittitur,

182 1141 230 1179 ut
261 1137 428 1181 infimae
456 1138 769 1182 Grammaticae
803 1140 957 1193 duplex
992 1139 1201 1181 habeatur
1233 1139 1349 1194 ordo,
1382 1139 1609 1192 unicuique
1642 1152 1738 1180 vero
1772 1139 1906 1181 ordini

183 1213 384 1265 magister
423 1214 705 1267 praeficiatur.
774 1215 975 1257 Rationes
1018 1218 1189 1268 praeter
1231 1228 1324 1263 eas,
1366 1227 1476 1268 quae
1516 1215 1555 1255 in
1599 1214 1796 1256 instituto
1846 1228 1908 1257 re-

183 1289 421 1342 periuntur,
453 1294 553 1332 sunt
584 1294 822 1343 sequentes.
888 1293 936 1333 19
972 1291 1229 1342 Novatores,
1261 1291 1510 1344 praesertim
1542 1290 1580 1331 in
1617 1290 1774 1345 Gallia,
1807 1291 1905 1332 vitio

183 1367 354 1406 vertunt
394 1365 759 1421 praeceptoribus,
807 1366 982 1407 nimium
1026 1370 1117 1408 octo
1159 1367 1223 1408 vel
1264 1366 1449 1419 plurium
1492 1378 1700 1407 annorum
1741 1368 1907 1418 tempus

183 1439 352 1492 linguae
393 1440 549 1482 latinae
597 1440 877 1482 addiscendae
928 1441 1136 1496 impendi,
1189 1453 1297 1494 quae
1337 1440 1515 1494 obJ‘ectio
1559 1452 1776 1493 nunquam
1811 1440 1908 1493 jure

182 1513 301 1556 fieret
342 1513 566 1570 Societati,
617 1515 651 1557 si
692 1515 868 1568 antiqua
907 1515 1147 1558 scholarum
1191 1515 1338 1557 divisio
1389 1516 1654 1558 retineretur.
1728 1517 1779 1557 29
1814 1515 1907 1557 Non

184 1589 299 1631 aliud
339 1589 507 1631 videtur
548 1590 688 1643 aptius
730 1590 961 1632 remedium
1003 1591 1056 1632 ad
1096 1590 1310 1632 vitandam
1353 1590 1659 1643 confusionem,
1709 1603 1818 1643 quae
1860 1603 1908 1631 ex

185 1665 352 1707 diversa
382 1665 621 1707 scholarum
654 1665 856 1707 divisione
892 1666 1042 1717 oritur,
1077 1666 1111 1707 si
1142 1666 1252 1708 forte
1275 1666 1468 1718 Magistri
1502 1678 1550 1707 ex
1582 1678 1667 1706 una
1694 1665 1909 1719 provincia

181 1741 224 1782 in
272 1741 397 1782 aliam
444 1740 498 1782 ad
545 1741 805 1796 docendum,
853 1745 928 1783 aut
975 1741 1168 1794 discipuli
1214 1741 1266 1782 ad
1314 1740 1617 1783 addiscendum
1664 1741 1905 1782 mittuntur.

184 1816 237 1858 3‘?
272 1815 381 1858 Sunt
412 1816 485 1869 qui
517 1816 810 1872 suspicantur,
848 1829 924 1870 per
954 1816 1066 1858 illius
1100 1816 1317 1858 divisionis
1350 1816 1589 1868 neglectum
1621 1815 1755 1868 magis
1787 1828 1905 1869 prae-

184 1894 401 1945 ceptorum
450 1892 690 1945 commodo,
747 1904 873 1944 quam
923 1891 1229 1944 discipulorum
1278 1891 1454 1932 utilitati
1500 1891 1715 1943 provisum
1762 1890 1905 1933 fuisse.

182 1965 382 2016 Quamvis
424 1966 569 2020 itaque
612 1979 754 2008 omnes
796 1966 1082 2021 consentiant,
1125 1968 1172 2008 ut
1203 1978 1352 2007 cursus
1385 1965 1625 2007 scholarum
1658 1965 1907 2007 inferiorum

181 2041 234 2082 ad
266 2053 336 2083 sex
369 2054 500 2084 annos
532 2041 800 2097 extendatur,
832 2041 953 2082 multi
988 2045 1129 2083 tamen
1162 2041 1417 2095 improbant,
1450 2045 1498 2083 ut
1530 2044 1623 2083 octo
1658 2042 1723 2083 vel
1755 2054 1905 2083 novem

181 2117 278 2158 anni
309 2116 458 2159 iisdem
490 2117 642 2159 studiis
674 2117 990 2171 impendantur,
1023 2117 1136 2170 quod
1168 2121 1308 2158 tamen
1332 2117 1372 2158 in
1396 2117 1699 2164 convictibus¹)
1735 2116 1907 2170 quibus-

181 2191 278 2232 dam
309 2191 398 2233 fieri
431 2192 548 2234 solet.
610 2193 719 2234 Nam
751 2193 921 2245 plurimi
953 2206 974 2234 e
1007 2193 1173 2235 Nostris
1207 2193 1317 2235 circa
1348 2192 1441 2233 illos
1474 2193 1675 2245 puerulos
1720 2192 1907 2235 detinen-

181 2270 271 2323 tur,
311 2280 387 2310 nec
417 2268 587 2310 interim
617 2268 657 2309 in
691 2269 875 2311 scientiis
908 2273 949 2311 et
983 2269 1146 2311 artibus
1179 2268 1417 2322 proficiunt„
1484 2269 1592 2319 Quin
1626 2268 1705 2321 ipsi
1738 2267 1906 2320 pueruli

180 2342 260 2395 illi,
293 2343 463 2384 vixdum
494 2343 755 2385 infantilibus
789 2343 926 2386 fasciis
959 2345 1106 2394 soluti,
1147 2344 1299 2397 quibus
1332 2344 1453 2397 proin
1486 2343 1636 2385 ancilla
1669 2343 1802 2395 magis
1836 2355 1907 2384 ne-

182 2419 365 2461 cessaria
396 2421 509 2461 esset
540 2432 666 2472 quam
700 2423 968 2475 praeceptor,
1007 2420 1166 2461 nullam
1200 2419 1338 2461 adhuc
1369 2419 1527 2460 habent
1559 2419 1611 2460 ad
1644 2417 1905 2460 studendum

183 2493 465 2549 alacritatem,
508 2494 619 2536 unde
662 2495 834 2548 pigritia
875 2499 916 2537 et
955 2496 1046 2538 aliis
1080 2496 1192 2537 vitiis
1226 2495 1459 2547 puerilibus
1493 2493 1748 2548 assuefiunt,
1790 2492 1906 2534 nulla

183 2567 377 2621 deinceps
417 2569 580 2611 ratione
623 2570 906 2624 exstirpandis
940 2571 1058 2624 quia,
1098 2584 1121 2612 a
1152 2570 1308 2612 teneris
1335 2570 1424 2621 jam
1457 2569 1691 2611 exsaturati
1722 2568 1801 2621 piis
1834 2568 1905 2609 ad-

182 2643 513 2697 hortationibus,
546 2647 693 2697 postea
726 2645 777 2686 ad
812 2646 950 2686 omnia
982 2648 1201 2687 nauseant.
1266 2644 1357 2685 Non
1391 2644 1520 2685 semel
1554 2643 1773 2696 conquesti
1806 2646 1906 2684 sunt

182 2722 399 2772 parentes,
440 2719 679 2761 istiusmodi
721 2721 921 2774 puerulos
962 2734 1044 2761 non
1087 2720 1165 2762 nisi
1206 2732 1449 2772 praecocem
1483 2719 1667 2771 aliquam
1700 2718 1904 2760 malitiam

181 2793 222 2834 in
262 2795 416 2836 nostris
457 2795 716 2838 convictibus
758 2796 962 2838 didicisse.
1027 2821 1079 2824 —
1146 2795 1254 2837 Sunt
1293 2797 1438 2836 contra
1478 2795 1549 2847 qui
1591 2794 1667 2835 has
1716 2793 1904 2835 triviales

183 2867 347 2910 scholas
385 2869 626 2912 retinendas
667 2873 842 2925 putant,
884 2874 974 2911 tum
1016 2870 1135 2923 quia,
1177 2870 1255 2911 nisi
1295 2873 1573 2912 assumuntur
1605 2869 1762 2921 adhuc,
1804 2880 1905 2920 quo—

184 2943 405 3004 dammodo
443 2943 625 2986 infantes
668 2945 735 2985 vix
776 2945 827 2986 ad
871 2945 1072 2986 virtutem
1119 2948 1161 2986 et
1207 2946 1407 2998 pietatem
1450 2944 1666 2986 informari
1710 2945 1902 2997 possunt,

183 3020 274 3059 tum
307 3018 406 3071 quia
438 3031 586 3062 cursus
620 3020 861 3062 diuturnior
892 3019 1155 3062 necessarius
1188 3023 1264 3072 est,
1300 3024 1347 3062 ut
1379 3033 1473 3062 cum
1497 3019 1697 3065 studiosis
1725 3017 1903 3059 aliorum

323 3180 349 3222 ¹)
374 3178 539 3215 Rectius:
571 3181 825 3226 gymnasiis.
