2164 3535
516 238 698 273 Deutsche
723 237 1082 281 Reformvorschlage
1107 236 1166 271 fiir
1190 236 1248 271 die
1274 235 1316 270 R.
1344 240 1387 270 st.
1417 238 1514 271 1829.
1790 238 1870 279 401

158 378 356 432 vituperii
403 377 692 432 expectatione
739 376 792 418 ad
838 377 1040 430 majorem
1087 376 1347 430 diligentiam
1393 375 1685 427 stimulentur3
1729 387 1875 417 verum

158 467 241 495 non
274 454 446 508 desunt,
489 453 531 493 ni
562 452 781 505 imperitus
821 451 1020 494 dicendus
1052 452 1108 494 sit
1148 452 1370 507 magister,
1412 464 1539 505 quam
1577 450 1762 504 plurima
1793 450 1874 492 alia

162 528 407 582 adjumenta
449 527 562 568 haud
601 527 738 568 minus
770 526 923 568 idonea
953 530 996 568 et
1026 527 1160 580 magis
1193 526 1365 583 decora,
1407 526 1561 580 quibus
1592 526 1779 568 tironum
1809 538 1877 567 ex—

164 604 317 645 citetur
358 602 485 644 ardor
524 605 566 644 et
598 603 776 644 acuatur
812 602 1034 644 industria.
1098 603 1249 655 Itaque
1280 604 1490 656 praestat,
1533 613 1614 643 non
1647 600 1738 643 dico
1769 612 1876 655 mea,

160 678 234 721 sed
268 678 477 720 communi
509 678 595 720 fere
627 678 850 728 sententia,
882 677 922 718 in
946 675 1138 730 catalogo
1161 678 1325 720 nonnisi
1347 689 1493 719 eorum
1514 676 1684 718 nomina
1706 676 1877 730 referre,

160 754 231 806 qui
274 766 369 795 vere
410 753 579 795 laudem
622 755 855 803 merentum
898 753 976 795 hac
1017 753 1203 806 ratione,
1245 766 1328 794 non
1370 765 1467 795 vero
1509 752 1615 807 alia,
1648 751 1877 805 genuinum

163 828 354 871 Instituti
386 828 519 870 nostri
551 841 721 870 sensum
754 840 1050 881 assequemur3
1084 840 1167 880 quo
1200 828 1371 880 quidem
1394 829 1597 881 jubemur
1618 826 1879 870 merentibus

162 904 328 958 publice
360 903 542 958 laudem,
574 915 658 944 non
691 915 789 944 vero
823 903 973 944 ceteris
1006 902 1194 944 tribuere
1217 903 1473 956 vituperium
1498 904 1572 944 aut
1594 902 1879 945 diffamantem

160 979 329 1020 inurere
370 980 531 1028 notam;
575 981 762 1019 ceterum
804 977 858 1018 ad
889 977 974 1019 tale
1005 977 1106 1030 quid
1138 977 1378 1019 faciendum
1409 991 1492 1020 non
1524 979 1715 1020 videmur
1747 979 1880 1020 ullum

155 1055 226 1108 jus
258 1054 428 1102 habere,
461 1052 540 1093 nisi
572 1052 680 1094 forte
704 1053 808 1094 illud
830 1052 1032 1095 concedat
1053 1065 1253 1106 perversa
1275 1053 1551 1108 consuetudo,
1583 1065 1711 1106 quam
1732 1056 1879 1095 nostra

162 1129 350 1172 Societas
385 1132 498 1170 certe
530 1141 611 1170 non
644 1128 879 1170 introduxit
909 1132 952 1170 et
983 1128 1131 1170 nullibi
1163 1129 1425 1182 approbavit.

300 1223 347 1264 In
372 1222 565 1264 Helvetia
595 1221 810 1275 praemitti
842 1221 950 1263 solet
970 1220 1029 1262 illi
1053 1221 1246 1273 catalogo
1270 1221 1371 1263 ordo
1395 1220 1611 1263 doctrinae
1632 1221 1876 1263 auditorum

162 1298 201 1339 in
245 1297 533 1350 superioribus
566 1296 857 1342 facultatibus:
899 1309 1008 1350 quae
1041 1296 1302 1338 consuetudo
1335 1297 1387 1338 ab
1420 1298 1613 1340 omnibus
1646 1298 1882 1351 approbata

163 1373 344 1414 multum
377 1372 538 1414 confert
568 1372 621 1413 ad
654 1372 894 1425 diligentiae
925 1373 1243 1414 incrementum.
1307 1371 1454 1414 Solent
1485 1375 1626 1415 autem
1662 1373 1878 1416 auditores

162 1461 239 1501 pro
272 1448 434 1490 ratione
466 1460 717 1501 progressus
749 1448 791 1489 in
823 1460 1078 1500 unaquaque
1110 1446 1312 1489 facultate
1343 1448 1385 1489 in
1417 1451 1504 1490 tres
1544 1449 1699 1491 classes
1737 1448 1880 1505 dividi,

165 1536 345 1576 quarum
387 1524 547 1576 primae
589 1523 787 1577 adjicitur
833 1526 933 1565 nota
978 1535 1283 1577 progressus
1330 1524 1551 1580 maximi,
1600 1524 1723 1566 alteri
1769 1537 1885 1577 pro-

165 1610 372 1651 gressus
404 1599 590 1654 magni,
625 1602 666 1640 et
698 1598 849 1640 tertiae
881 1611 1188 1652 progressus
1221 1598 1507 1642 mediocris.

303 1691 583 1733 Desideratur
613 1691 795 1733 formula
826 1691 1035 1744 quaedam
1068 1692 1299 1733 communis
1341 1704 1388 1733 ac
1428 1692 1728 1748 determinata,
1761 1692 1886 1746 juxta

166 1780 294 1820 quam
326 1767 395 1809 ille
427 1768 644 1820 catalogus
676 1768 718 1809 in
750 1771 965 1821 posterum
1000 1767 1142 1809 confici
1176 1767 1339 1809 debeat.

206 2105 328 2157 §19
394 2104 464 2146 De
506 2103 719 2156 regulis
762 2104 1137 2146 communibus
1179 2104 1555 2158 professorum
1598 2104 1850 2147 classium

857 2184 1201 2227 inferiorum.

307 2302 378 2344 Ad
411 2314 506 2354 reg.
533 2303 713 2343 21—24.
778 2302 811 2342 A
843 2313 925 2354 quo
948 2305 1137 2354 tempore
1158 2301 1199 2342 in
1223 2301 1375 2344 scholis
1398 2301 1681 2359 inferioribus,
1714 2305 1884 2355 praeter

171 2380 413 2419 consuetam
457 2377 701 2431 materiam,
743 2377 870 2418 etiam
910 2377 1118 2429 Historia,
1163 2376 1454 2433 Geographia,
1496 2377 1774 2420 Arithmetica
1811 2382 1888 2421 etc.

171 2453 285 2495 tradi
332 2455 582 2507 coeperunt,
629 2456 872 2494 contractus
920 2452 1000 2494 fuit
1037 2452 1273 2505 corrigendi
1319 2453 1492 2508 modus,
1540 2453 1627 2494 fere
1673 2453 1794 2496 unice
1841 2457 1890 2495 ut

171 2528 352 2570 habetur
382 2541 467 2581 reg.
493 2530 560 2584 22,
592 2541 675 2570 non
707 2541 820 2583 vero,
853 2528 966 2582 quod
997 2532 1062 2570 est
1091 2528 1132 2569 in
1165 2541 1252 2581 reg.
1277 2530 1345 2581 21,
1378 2532 1426 2570 ut
1448 2529 1646 2583 privatim
1670 2542 1765 2572 cum
1787 2541 1890 2571 uno-

172 2617 342 2657 quoque
382 2607 482 2656 agat
522 2607 784 2657 praeceptor.
849 2603 966 2654 Quae
1007 2603 1196 2646 conferre
1228 2607 1408 2657 possunt
1440 2605 1493 2646 ad
1527 2604 1732 2658 optimum
1765 2604 1893 2658 expli-

173 2679 295 2720 candi
327 2679 648 2732 corrigendique
679 2678 866 2732 modum,
898 2678 1040 2720 videre
1072 2682 1137 2721 est
1168 2679 1282 2732 apud
1311 2679 1354 2720 P.
1380 2680 1627 2722 Iuvencium
1657 2680 1699 2721 in
1732 2692 1808 2722 suo
1842 2680 1893 2721 de

176 2754 337 2796 ratione
370 2753 555 2795 discendi
589 2758 631 2796 et
663 2754 839 2796 docendi
870 2754 1024 2804 libello,
1059 2755 1179 2807 cujus
1213 2757 1378 2797 attenta
1398 2755 1523 2798 lectio
1544 2755 1781 2806 iunioribus
1806 2755 1893 2796 Ma-

177 2825 319 2878 gistris
348 2843 431 2871 non
464 2830 567 2872 satis
599 2830 884 2872 commendari
916 2833 1068 2883 potest.

314 2917 386 2958 Ad
418 2931 513 2971 reg.
537 2923 603 2964 38.
668 2922 789 2964 Circa
820 2922 1061 2974 catalogum
1095 2922 1417 2979 discipulorum,
1457 2923 1508 2965 de
1540 2933 1622 2975 quo
1655 2921 1722 2963 hic
1754 2933 1891 2963 sermo

178 2994 263 3047 est,
311 2992 512 3034 nonnulla
553 2996 730 3038 referam
770 2997 837 3038 hic
878 2997 957 3038 loci
995 2998 1125 3039 ferme
1167 2997 1333 3050 ignota,
1384 3010 1578 3051 quaeque
1619 2997 1717 3038 alibi
1755 2996 1895 3037 inveni

177 3066 218 3107 in
264 3079 345 3108 usu
390 3067 547 3124 posita,
595 3082 676 3111 nou
723 3071 962 3125 interrupta
1008 3072 1136 3127 serie⁷
1187 3073 1240 3114 ab
1286 3073 1388 3127 ipsis
1434 3073 1522 3114 fere
1565 3071 1787 3114 Societatis
1834 3071 1894 3111 in-

179 3140 396 3183 cunabilis.
460 3142 627 3185 Scilicet
666 3145 744 3186 sub
785 3146 882 3187 anni
920 3146 1086 3188 initium
1126 3147 1365 3189 studiorum
1395 3147 1636 3200 praefectus
1668 3145 1892 3198 unicuique

248 3235 436 3261 Monumenta
456 3235 629 3264 Germaniae
649 3239 854 3273 paedagogica
873 3239 951 3266 XVI.
1623 3233 1670 3266 2ss
