<?xml version="1.0" encoding="UTF-8"?>
<!DOCTYPE html PUBLIC "-//W3C//DTD XHTML 1.0 Transitional//EN"
    "http://www.w3.org/TR/xhtml1/DTD/xhtml1-transitional.dtd">
<html xmlns="http://www.w3.org/1999/xhtml" xml:lang="en" lang="en">
 <head>
  <title>
</title>
<meta http-equiv="Content-Type" content="text/html;charset=utf-8" />
  <meta name='ocr-system' content='tesseract 3.04.00' />
  <meta name='ocr-capabilities' content='ocr_page ocr_carea ocr_par ocr_line ocrx_word'/>
</head>
<body>
  <div class='ocr_page' id='page_1' title='image "./ratiostudiorumet16jesu_0594.png"; bbox 0 0 2164 3535; ppageno 0'>
   <div class='ocr_carea' id='block_1_1' title="bbox 267 219 1547 264">
    <p class='ocr_par' dir='ltr' id='par_1_1' title="bbox 267 219 1547 264">
     <span class='ocr_line' id='line_1_1' title="bbox 267 219 1547 264; baseline 0.002 -11"><span class='ocrx_word' id='word_1_1' title='bbox 267 223 351 264; x_wconf 80' lang='lat'>570</span> <span class='ocrx_word' id='word_1_2' title='bbox 705 220 933 264; x_wconf 88' lang='lat' dir='ltr'>Anordnung</span> <span class='ocrx_word' id='word_1_3' title='bbox 958 219 1021 254; x_wconf 85' lang='lat' dir='ltr'>des</span> <span class='ocrx_word' id='word_1_4' title='bbox 1046 219 1099 263; x_wconf 86' lang='lat' dir='ltr'>3j.</span> <span class='ocrx_word' id='word_1_5' title='bbox 1127 220 1254 264; x_wconf 87' lang='lat' dir='ltr'>philos.</span> <span class='ocrx_word' id='word_1_6' title='bbox 1282 220 1421 255; x_wconf 86' lang='lat' dir='ltr'>Kurses</span> <span class='ocrx_word' id='word_1_7' title='bbox 1450 223 1547 256; x_wconf 87' lang='lat'>1858.</span> 
     </span>
    </p>
   </div>
   <div class='ocr_carea' id='block_1_2' title="bbox 272 292 364 301">
    <p class='ocr_par' dir='ltr' id='par_1_2' title="bbox 272 292 364 301">
     <span class='ocr_line' id='line_1_2' title="bbox 272 292 364 301; baseline 0.011 -1"><span class='ocrx_word' id='word_1_8' title='bbox 272 292 364 301; x_wconf 52' lang='lat'>4——</span> 
     </span>
    </p>
   </div>
   <div class='ocr_carea' id='block_1_3' title="bbox 364 293 1507 297">
    <p class='ocr_par' dir='ltr' id='par_1_3' title="bbox 364 293 1507 297">
     <span class='ocr_line' id='line_1_3' title="bbox 364 293 1507 297; baseline 0 0"><span class='ocrx_word' id='word_1_9' title='bbox 364 293 1507 297; x_wconf 95' lang='lat' dir='ltr'> </span> 
     </span>
    </p>
   </div>
   <div class='ocr_carea' id='block_1_4' title="bbox 266 361 1998 1021">
    <p class='ocr_par' dir='ltr' id='par_1_4' title="bbox 266 361 1997 489">
     <span class='ocr_line' id='line_1_4' title="bbox 404 361 1997 417; baseline 0.001 -13"><span class='ocrx_word' id='word_1_10' title='bbox 404 362 470 404; x_wconf 81' lang='lat'>35.</span> <span class='ocrx_word' id='word_1_11' title='bbox 519 362 655 404; x_wconf 90' lang='lat' dir='ltr'>Bruta</span> <span class='ocrx_word' id='word_1_12' title='bbox 698 364 798 403; x_wconf 91' lang='lat' dir='ltr'>sunt</span> <span class='ocrx_word' id='word_1_13' title='bbox 840 373 960 403; x_wconf 87' lang='lat' dir='ltr'>mera</span> <span class='ocrx_word' id='word_1_14' title='bbox 1000 364 1221 403; x_wconf 78' lang='lat' dir='ltr'>automata</span> <span class='ocrx_word' id='word_1_15' title='bbox 1263 361 1375 403; x_wconf 86' lang='lat' dir='ltr'>oinni</span> <span class='ocrx_word' id='word_1_16' title='bbox 1417 374 1543 404; x_wconf 91' lang='lat' dir='ltr'>sensu</span> <span class='ocrx_word' id='word_1_17' title='bbox 1576 364 1619 404; x_wconf 90' lang='lat' dir='ltr'>et</span> <span class='ocrx_word' id='word_1_18' title='bbox 1663 362 1900 417; x_wconf 81' lang='lat' dir='ltr'>cognitione</span> <span class='ocrx_word' id='word_1_19' title='bbox 1931 376 1997 406; x_wconf 88' lang='lat' dir='ltr'>ca-</span> 
     </span>
     <span class='ocr_line' id='line_1_5' title="bbox 266 437 457 489; baseline -0.005 -10"><span class='ocrx_word' id='word_1_20' title='bbox 266 437 457 489; x_wconf 80' lang='lat' dir='ltr'>rentia1).</span> 
     </span>
    </p>

    <p class='ocr_par' dir='ltr' id='par_1_5' title="bbox 267 512 1997 640">
     <span class='ocr_line' id='line_1_6' title="bbox 404 512 1997 569; baseline 0.001 -14"><span class='ocrx_word' id='word_1_21' title='bbox 404 514 469 555; x_wconf 85' lang='lat'>36.</span> <span class='ocrx_word' id='word_1_22' title='bbox 519 513 656 555; x_wconf 88' lang='lat' dir='ltr'>Bruta</span> <span class='ocrx_word' id='word_1_23' title='bbox 688 512 800 555; x_wconf 90' lang='lat' dir='ltr'>circa</span> <span class='ocrx_word' id='word_1_24' title='bbox 832 512 998 566; x_wconf 90' lang='lat' dir='ltr'>objecta</span> <span class='ocrx_word' id='word_1_25' title='bbox 1030 513 1306 566; x_wconf 89' lang='lat' dir='ltr'>particularia</span> <span class='ocrx_word' id='word_1_26' title='bbox 1344 512 1591 556; x_wconf 89' lang='lat' dir='ltr'>discurrunt</span> <span class='ocrx_word' id='word_1_27' title='bbox 1622 527 1720 557; x_wconf 90' lang='lat' dir='ltr'>vero</span> <span class='ocrx_word' id='word_1_28' title='bbox 1754 517 1797 558; x_wconf 90' lang='lat' dir='ltr'>et</span> <span class='ocrx_word' id='word_1_29' title='bbox 1827 514 1997 569; x_wconf 84' lang='lat' dir='ltr'>proprie</span> 
     </span>
     <span class='ocr_line' id='line_1_7' title="bbox 267 587 658 640; baseline -0.003 -11"><span class='ocrx_word' id='word_1_30' title='bbox 267 588 379 630; x_wconf 88' lang='lat' dir='ltr'>dicto</span> <span class='ocrx_word' id='word_1_31' title='bbox 412 587 658 640; x_wconf 81' lang='lat' dir='ltr'>discursu2).</span> 
     </span>
    </p>

    <p class='ocr_par' dir='ltr' id='par_1_6' title="bbox 404 664 1996 708">
     <span class='ocr_line' id='line_1_8' title="bbox 404 664 1996 708; baseline 0.004 -6"><span class='ocrx_word' id='word_1_32' title='bbox 404 664 469 705; x_wconf 81' lang='lat'>37.</span> <span class='ocrx_word' id='word_1_33' title='bbox 502 664 748 706; x_wconf 80' lang='lat' dir='ltr'>Facultates</span> <span class='ocrx_word' id='word_1_34' title='bbox 766 664 1077 707; x_wconf 77' lang='lat' dir='ltr'>intellectuales</span> <span class='ocrx_word' id='word_1_35' title='bbox 1095 677 1143 706; x_wconf 79' lang='lat' dir='ltr'>ex</span> <span class='ocrx_word' id='word_1_36' title='bbox 1162 664 1443 707; x_wconf 75' lang='lat' dir='ltr'>sensibilitate</span> <span class='ocrx_word' id='word_1_37' title='bbox 1462 665 1768 708; x_wconf 86' lang='lat' dir='ltr'>transformata</span> <span class='ocrx_word' id='word_1_38' title='bbox 1785 666 1996 708; x_wconf 89' lang='lat' dir='ltr'>oriuntur.</span> 
     </span>
    </p>

    <p class='ocr_par' dir='ltr' id='par_1_7' title="bbox 266 740 1998 870">
     <span class='ocr_line' id='line_1_9' title="bbox 404 740 1998 796; baseline 0.002 -15"><span class='ocrx_word' id='word_1_39' title='bbox 404 740 468 781; x_wconf 55' lang='lat'>38.</span> <span class='ocrx_word' id='word_1_40' title='bbox 519 740 638 783; x_wconf 91' lang='lat' dir='ltr'>Mens</span> <span class='ocrx_word' id='word_1_41' title='bbox 688 740 1044 795; x_wconf 87' lang='lat' dir='ltr'>apprehendendo</span> <span class='ocrx_word' id='word_1_42' title='bbox 1088 754 1162 784; x_wconf 91' lang='lat' dir='ltr'>sen</span> <span class='ocrx_word' id='word_1_43' title='bbox 1210 741 1479 796; x_wconf 88' lang='lat' dir='ltr'>percipiendo</span> <span class='ocrx_word' id='word_1_44' title='bbox 1527 755 1609 785; x_wconf 90' lang='lat' dir='ltr'>non</span> <span class='ocrx_word' id='word_1_45' title='bbox 1657 742 1764 795; x_wconf 73' lang='lat' dir='ltr'>agit,</span> <span class='ocrx_word' id='word_1_46' title='bbox 1812 741 1887 784; x_wconf 82' lang='lat' dir='ltr'>sed</span> <span class='ocrx_word' id='word_1_47' title='bbox 1933 745 1998 784; x_wconf 91' lang='lat' dir='ltr'>est</span> 
     </span>
     <span class='ocr_line' id='line_1_10' title="bbox 266 814 851 870; baseline 0.005 -14"><span class='ocrx_word' id='word_1_48' title='bbox 266 814 446 857; x_wconf 82' lang='lat' dir='ltr'>facultas</span> <span class='ocrx_word' id='word_1_49' title='bbox 478 828 594 857; x_wconf 90' lang='lat' dir='ltr'>mere</span> <span class='ocrx_word' id='word_1_50' title='bbox 626 817 851 870; x_wconf 81' lang='lat' dir='ltr'>passiva3).</span> 
     </span>
    </p>

    <p class='ocr_par' dir='ltr' id='par_1_8' title="bbox 268 891 1998 1021">
     <span class='ocr_line' id='line_1_11' title="bbox 402 891 1998 949; baseline 0.001 -16"><span class='ocrx_word' id='word_1_51' title='bbox 402 892 468 933; x_wconf 72' lang='lat'>39.</span> <span class='ocrx_word' id='word_1_52' title='bbox 515 891 732 934; x_wconf 87' lang='lat' dir='ltr'>Possibilis</span> <span class='ocrx_word' id='word_1_53' title='bbox 767 896 832 934; x_wconf 91' lang='lat' dir='ltr'>est</span> <span class='ocrx_word' id='word_1_54' title='bbox 854 895 1065 949; x_wconf 71' lang='lat' dir='ltr'>creatura,</span> <span class='ocrx_word' id='word_1_55' title='bbox 1099 905 1208 946; x_wconf 90' lang='lat' dir='ltr'>quae</span> <span class='ocrx_word' id='word_1_56' title='bbox 1230 893 1385 936; x_wconf 90' lang='lat' dir='ltr'>habeat</span> <span class='ocrx_word' id='word_1_57' title='bbox 1409 896 1550 936; x_wconf 87' lang='lat' dir='ltr'>actum</span> <span class='ocrx_word' id='word_1_58' title='bbox 1582 893 1823 936; x_wconf 88' lang='lat' dir='ltr'>intellectus</span> <span class='ocrx_word' id='word_1_59' title='bbox 1846 892 1998 935; x_wconf 88' lang='lat' dir='ltr'>identi-</span> 
     </span>
     <span class='ocr_line' id='line_1_12' title="bbox 268 965 894 1021; baseline 0.005 -14"><span class='ocrx_word' id='word_1_60' title='bbox 268 965 437 1008; x_wconf 89' lang='lat' dir='ltr'>ficatum</span> <span class='ocrx_word' id='word_1_61' title='bbox 471 979 565 1009; x_wconf 82' lang='lat' dir='ltr'>cuin</span> <span class='ocrx_word' id='word_1_62' title='bbox 598 968 894 1021; x_wconf 79' lang='lat' dir='ltr'>substantia4).</span> 
     </span>
    </p>
   </div>
   <div class='ocr_carea' id='block_1_5' title="bbox 263 1054 1997 1262">
    <p class='ocr_par' dir='ltr' id='par_1_9' title="bbox 263 1054 1997 1262">
     <span class='ocr_line' id='line_1_13' title="bbox 403 1054 1997 1109; baseline 0.003 -14"><span class='ocrx_word' id='word_1_63' title='bbox 403 1054 470 1095; x_wconf 80' lang='lat'>40.</span> <span class='ocrx_word' id='word_1_64' title='bbox 519 1054 718 1097; x_wconf 88' lang='lat' dir='ltr'>Essentia</span> <span class='ocrx_word' id='word_1_65' title='bbox 751 1056 916 1098; x_wconf 86' lang='lat' dir='ltr'>animae</span> <span class='ocrx_word' id='word_1_66' title='bbox 949 1056 1231 1109; x_wconf 79' lang='lat' dir='ltr'>intelligentia</span> <span class='ocrx_word' id='word_1_67' title='bbox 1263 1060 1429 1099; x_wconf 87' lang='lat' dir='ltr'>tantum</span> <span class='ocrx_word' id='word_1_68' title='bbox 1454 1060 1496 1100; x_wconf 91' lang='lat' dir='ltr'>et</span> <span class='ocrx_word' id='word_1_69' title='bbox 1531 1057 1749 1100; x_wconf 90' lang='lat' dir='ltr'>voluntate</span> <span class='ocrx_word' id='word_1_70' title='bbox 1780 1057 1997 1100; x_wconf 87' lang='lat' dir='ltr'>constitui-</span> 
     </span>
     <span class='ocr_line' id='line_1_14' title="bbox 268 1129 1995 1188; baseline 0.003 -18"><span class='ocrx_word' id='word_1_71' title='bbox 268 1132 356 1177; x_wconf 71' lang='lat' dir='ltr'>tur:</span> <span class='ocrx_word' id='word_1_72' title='bbox 398 1129 623 1172; x_wconf 83' lang='lat' dir='ltr'>facultates</span> <span class='ocrx_word' id='word_1_73' title='bbox 656 1134 799 1173; x_wconf 88' lang='lat' dir='ltr'>autem</span> <span class='ocrx_word' id='word_1_74' title='bbox 833 1135 877 1174; x_wconf 91' lang='lat' dir='ltr'>et</span> <span class='ocrx_word' id='word_1_75' title='bbox 908 1132 1100 1184; x_wconf 75' lang='lat' dir='ltr'>habitus,</span> <span class='ocrx_word' id='word_1_76' title='bbox 1144 1132 1230 1174; x_wconf 87' lang='lat' dir='ltr'>sive</span> <span class='ocrx_word' id='word_1_77' title='bbox 1263 1133 1481 1175; x_wconf 84' lang='lat' dir='ltr'>naturales</span> <span class='ocrx_word' id='word_1_78' title='bbox 1514 1132 1602 1175; x_wconf 85' lang='lat' dir='ltr'>sive</span> <span class='ocrx_word' id='word_1_79' title='bbox 1634 1132 1995 1188; x_wconf 81' lang='lat' dir='ltr'>supernaturales,</span> 
     </span>
     <span class='ocr_line' id='line_1_15' title="bbox 263 1205 1297 1262; baseline 0.005 -16"><span class='ocrx_word' id='word_1_80' title='bbox 263 1205 378 1246; x_wconf 88' lang='lat' dir='ltr'>aliud</span> <span class='ocrx_word' id='word_1_81' title='bbox 410 1218 491 1247; x_wconf 92' lang='lat' dir='ltr'>non</span> <span class='ocrx_word' id='word_1_82' title='bbox 526 1209 641 1262; x_wconf 79' lang='lat' dir='ltr'>sunt,</span> <span class='ocrx_word' id='word_1_83' title='bbox 674 1218 800 1259; x_wconf 90' lang='lat' dir='ltr'>quam</span> <span class='ocrx_word' id='word_1_84' title='bbox 834 1211 955 1250; x_wconf 86' lang='lat' dir='ltr'>actus</span> <span class='ocrx_word' id='word_1_85' title='bbox 987 1210 1297 1262; x_wconf 73' lang='lat' dir='ltr'>permanentes</span> 
     </span>
    </p>
   </div>
   <div class='ocr_carea' id='block_1_6' title="bbox 261 1293 1996 1577">
    <p class='ocr_par' dir='ltr' id='par_1_10' title="bbox 263 1293 1996 1421">
     <span class='ocr_line' id='line_1_16' title="bbox 401 1293 1996 1351; baseline 0.001 -16"><span class='ocrx_word' id='word_1_86' title='bbox 401 1295 468 1335; x_wconf 89' lang='lat'>41.</span> <span class='ocrx_word' id='word_1_87' title='bbox 518 1293 732 1336; x_wconf 82' lang='lat' dir='ltr'>Judiciuin</span> <span class='ocrx_word' id='word_1_88' title='bbox 765 1298 808 1336; x_wconf 88' lang='lat' dir='ltr'>et</span> <span class='ocrx_word' id='word_1_89' title='bbox 829 1295 962 1337; x_wconf 88' lang='lat' dir='ltr'>illatio</span> <span class='ocrx_word' id='word_1_90' title='bbox 995 1299 1095 1338; x_wconf 88' lang='lat' dir='ltr'>sunt</span> <span class='ocrx_word' id='word_1_91' title='bbox 1127 1295 1314 1337; x_wconf 85' lang='lat' dir='ltr'>actiones</span> <span class='ocrx_word' id='word_1_92' title='bbox 1347 1308 1429 1337; x_wconf 91' lang='lat' dir='ltr'>non</span> <span class='ocrx_word' id='word_1_93' title='bbox 1463 1295 1716 1351; x_wconf 80' lang='lat' dir='ltr'>intellectus,</span> <span class='ocrx_word' id='word_1_94' title='bbox 1750 1295 1824 1338; x_wconf 87' lang='lat' dir='ltr'>sed</span> <span class='ocrx_word' id='word_1_95' title='bbox 1850 1295 1996 1337; x_wconf 90' lang='lat' dir='ltr'>volun-</span> 
     </span>
     <span class='ocr_line' id='line_1_17' title="bbox 263 1369 420 1421; baseline -0.006 -11"><span class='ocrx_word' id='word_1_96' title='bbox 263 1369 420 1421; x_wconf 73' lang='lat' dir='ltr'>tatis5).</span> 
     </span>
    </p>

    <p class='ocr_par' dir='ltr' id='par_1_11' title="bbox 261 1446 1992 1577">
     <span class='ocr_line' id='line_1_18' title="bbox 403 1446 1992 1502; baseline 0.001 -16"><span class='ocrx_word' id='word_1_97' title='bbox 403 1446 468 1486; x_wconf 83' lang='lat'>42.</span> <span class='ocrx_word' id='word_1_98' title='bbox 518 1446 666 1489; x_wconf 89' lang='lat' dir='ltr'>Potest</span> <span class='ocrx_word' id='word_1_99' title='bbox 698 1446 858 1500; x_wconf 86' lang='lat' dir='ltr'>aliquid</span> <span class='ocrx_word' id='word_1_100' title='bbox 891 1446 1188 1501; x_wconf 80' lang='lat' dir='ltr'>substantiale‚</span> <span class='ocrx_word' id='word_1_101' title='bbox 1223 1449 1379 1489; x_wconf 87' lang='lat' dir='ltr'>natura</span> <span class='ocrx_word' id='word_1_102' title='bbox 1401 1459 1480 1489; x_wconf 86' lang='lat' dir='ltr'>sua</span> <span class='ocrx_word' id='word_1_103' title='bbox 1510 1446 1831 1502; x_wconf 87' lang='lat' dir='ltr'>incorruptibile</span> <span class='ocrx_word' id='word_1_104' title='bbox 1863 1449 1992 1501; x_wconf 86' lang='lat' dir='ltr'>atque</span> 
     </span>
     <span class='ocr_line' id='line_1_19' title="bbox 261 1520 1040 1577; baseline 0.001 -15"><span class='ocrx_word' id='word_1_105' title='bbox 261 1520 562 1577; x_wconf 83' lang='lat' dir='ltr'>independens,</span> <span class='ocrx_word' id='word_1_106' title='bbox 594 1536 619 1564; x_wconf 87' lang='lat' dir='ltr'>a</span> <span class='ocrx_word' id='word_1_107' title='bbox 650 1523 830 1565; x_wconf 89' lang='lat' dir='ltr'>materia</span> <span class='ocrx_word' id='word_1_108' title='bbox 863 1523 982 1565; x_wconf 91' lang='lat' dir='ltr'>educi</span> <span class='ocrx_word' id='word_1_109' title='bbox 995 1523 1040 1575; x_wconf 77' lang='grc'>6).</span> 
     </span>
    </p>
   </div>
   <div class='ocr_carea' id='block_1_7' title="bbox 262 1609 1992 1891">
    <p class='ocr_par' dir='ltr' id='par_1_12' title="bbox 263 1609 1992 1740">
     <span class='ocr_line' id='line_1_20' title="bbox 400 1609 1992 1666; baseline 0.002 -16"><span class='ocrx_word' id='word_1_110' title='bbox 400 1611 467 1651; x_wconf 75' lang='lat'>43.</span> <span class='ocrx_word' id='word_1_111' title='bbox 516 1610 733 1654; x_wconf 88' lang='lat' dir='ltr'>Possibilis</span> <span class='ocrx_word' id='word_1_112' title='bbox 757 1614 822 1654; x_wconf 88' lang='lat' dir='ltr'>est</span> <span class='ocrx_word' id='word_1_113' title='bbox 854 1611 993 1653; x_wconf 89' lang='lat' dir='ltr'>anima</span> <span class='ocrx_word' id='word_1_114' title='bbox 1018 1610 1253 1665; x_wconf 82' lang='lat' dir='ltr'>spiritualis</span> <span class='ocrx_word' id='word_1_115' title='bbox 1288 1610 1329 1665; x_wconf 71' lang='lat' dir='ltr'>(i.</span> <span class='ocrx_word' id='word_1_116' title='bbox 1355 1624 1388 1653; x_wconf 92' lang='lat' dir='ltr'>e.</span> <span class='ocrx_word' id='word_1_117' title='bbox 1414 1621 1438 1651; x_wconf 89' lang='lat' dir='ltr'>a</span> <span class='ocrx_word' id='word_1_118' title='bbox 1461 1609 1639 1651; x_wconf 85' lang='lat' dir='ltr'>materia</span> <span class='ocrx_word' id='word_1_119' title='bbox 1670 1609 1992 1666; x_wconf 84' lang='lat' dir='ltr'>independens),</span> 
     </span>
     <span class='ocr_line' id='line_1_21' title="bbox 263 1687 921 1740; baseline 0.003 -14"><span class='ocrx_word' id='word_1_120' title='bbox 263 1698 374 1738; x_wconf 90' lang='lat' dir='ltr'>quae</span> <span class='ocrx_word' id='word_1_121' title='bbox 407 1699 489 1728; x_wconf 92' lang='lat' dir='ltr'>non</span> <span class='ocrx_word' id='word_1_122' title='bbox 522 1687 577 1729; x_wconf 89' lang='lat' dir='ltr'>sit</span> <span class='ocrx_word' id='word_1_123' title='bbox 608 1687 921 1740; x_wconf 78' lang='lat' dir='ltr'>intellectiva7).</span> 
     </span>
    </p>

    <p class='ocr_par' dir='ltr' id='par_1_13' title="bbox 262 1760 1992 1891">
     <span class='ocr_line' id='line_1_22' title="bbox 401 1760 1992 1816; baseline 0 -13"><span class='ocrx_word' id='word_1_124' title='bbox 401 1763 467 1803; x_wconf 87' lang='lat'>44.</span> <span class='ocrx_word' id='word_1_125' title='bbox 516 1762 685 1805; x_wconf 87' lang='lat' dir='ltr'>Dantur</span> <span class='ocrx_word' id='word_1_126' title='bbox 727 1764 767 1805; x_wconf 91' lang='lat' dir='ltr'>in</span> <span class='ocrx_word' id='word_1_127' title='bbox 815 1763 983 1805; x_wconf 89' lang='lat' dir='ltr'>homine</span> <span class='ocrx_word' id='word_1_128' title='bbox 1031 1762 1157 1804; x_wconf 85' lang='lat' dir='ltr'>simul</span> <span class='ocrx_word' id='word_1_129' title='bbox 1203 1766 1245 1805; x_wconf 87' lang='lat' dir='ltr'>et</span> <span class='ocrx_word' id='word_1_130' title='bbox 1291 1764 1590 1816; x_wconf 86' lang='lat' dir='ltr'>permanenter</span> <span class='ocrx_word' id='word_1_131' title='bbox 1638 1761 1782 1814; x_wconf 86' lang='lat' dir='ltr'>plures</span> <span class='ocrx_word' id='word_1_132' title='bbox 1828 1760 1992 1803; x_wconf 88' lang='lat' dir='ltr'>animae</span> 
     </span>
     <span class='ocr_line' id='line_1_23' title="bbox 262 1836 963 1891; baseline 0.001 -14"><span class='ocrx_word' id='word_1_133' title='bbox 262 1836 434 1879; x_wconf 88' lang='lat' dir='ltr'>realiter</span> <span class='ocrx_word' id='word_1_134' title='bbox 465 1837 576 1880; x_wconf 90' lang='lat' dir='ltr'>inter</span> <span class='ocrx_word' id='word_1_135' title='bbox 608 1850 652 1880; x_wconf 88' lang='lat' dir='ltr'>se</span> <span class='ocrx_word' id='word_1_136' title='bbox 685 1837 963 1891; x_wconf 67' lang='lat' dir='ltr'>distinctaess).</span> 
     </span>
    </p>
   </div>
   <div class='ocr_carea' id='block_1_8' title="bbox 261 1923 1992 2355">
    <p class='ocr_par' dir='ltr' id='par_1_14' title="bbox 262 1923 1991 2052">
     <span class='ocr_line' id='line_1_24' title="bbox 400 1923 1991 1977; baseline 0 -12"><span class='ocrx_word' id='word_1_137' title='bbox 400 1926 466 1966; x_wconf 73' lang='lat'>45.</span> <span class='ocrx_word' id='word_1_138' title='bbox 519 1925 627 1967; x_wconf 71' lang='lat' dir='ltr'>[nio</span> <span class='ocrx_word' id='word_1_139' title='bbox 670 1925 878 1967; x_wconf 89' lang='lat' dir='ltr'>naturalis</span> <span class='ocrx_word' id='word_1_140' title='bbox 921 1924 1086 1966; x_wconf 86' lang='lat' dir='ltr'>animae</span> <span class='ocrx_word' id='word_1_141' title='bbox 1119 1926 1161 1966; x_wconf 89' lang='lat' dir='ltr'>et</span> <span class='ocrx_word' id='word_1_142' title='bbox 1200 1924 1389 1977; x_wconf 86' lang='lat' dir='ltr'>corporis</span> <span class='ocrx_word' id='word_1_143' title='bbox 1422 1923 1501 1966; x_wconf 90' lang='lat' dir='ltr'>dici</span> <span class='ocrx_word' id='word_1_144' title='bbox 1546 1926 1690 1977; x_wconf 89' lang='lat' dir='ltr'>potest</span> <span class='ocrx_word' id='word_1_145' title='bbox 1722 1924 1764 1965; x_wconf 87' lang='lat' dir='ltr'>et</span> <span class='ocrx_word' id='word_1_146' title='bbox 1796 1926 1862 1966; x_wconf 90' lang='lat' dir='ltr'>est</span> <span class='ocrx_word' id='word_1_147' title='bbox 1893 1923 1991 1966; x_wconf 91' lang='lat' dir='ltr'>unio</span> 
     </span>
     <span class='ocr_line' id='line_1_25' title="bbox 262 1998 583 2052; baseline 0.003 -13"><span class='ocrx_word' id='word_1_148' title='bbox 262 1998 583 2052; x_wconf 74' lang='lat' dir='ltr'>hypostatica9).</span> 
     </span>
    </p>

    <p class='ocr_par' dir='ltr' id='par_1_15' title="bbox 261 2074 1992 2355">
     <span class='ocr_line' id='line_1_26' title="bbox 399 2074 1990 2129; baseline 0.001 -13"><span class='ocrx_word' id='word_1_149' title='bbox 399 2076 466 2116; x_wconf 82' lang='grc'>46.</span> <span class='ocrx_word' id='word_1_150' title='bbox 517 2075 692 2118; x_wconf 86' lang='lat' dir='ltr'>Animae</span> <span class='ocrx_word' id='word_1_151' title='bbox 737 2076 955 2118; x_wconf 87' lang='lat' dir='ltr'>rationalis</span> <span class='ocrx_word' id='word_1_152' title='bbox 989 2076 1086 2117; x_wconf 92' lang='lat' dir='ltr'>unio</span> <span class='ocrx_word' id='word_1_153' title='bbox 1122 2088 1216 2117; x_wconf 86' lang='lat' dir='ltr'>cum</span> <span class='ocrx_word' id='word_1_154' title='bbox 1249 2087 1424 2128; x_wconf 87' lang='lat' dir='ltr'>corpore</span> <span class='ocrx_word' id='word_1_155' title='bbox 1458 2075 1499 2116; x_wconf 92' lang='lat' dir='ltr'>in</span> <span class='ocrx_word' id='word_1_156' title='bbox 1533 2088 1581 2116; x_wconf 91' lang='lat' dir='ltr'>eo</span> <span class='ocrx_word' id='word_1_157' title='bbox 1614 2074 1750 2116; x_wconf 87' lang='lat' dir='ltr'>solum</span> <span class='ocrx_word' id='word_1_158' title='bbox 1784 2075 1990 2129; x_wconf 83' lang='lat' dir='ltr'>consistit,</span> 
     </span>
     <span class='ocr_line' id='line_1_27' title="bbox 261 2149 1992 2205; baseline 0.002 -15"><span class='ocrx_word' id='word_1_159' title='bbox 261 2149 374 2201; x_wconf 90' lang='lat' dir='ltr'>quod</span> <span class='ocrx_word' id='word_1_160' title='bbox 407 2150 520 2192; x_wconf 88' lang='lat' dir='ltr'>Deus</span> <span class='ocrx_word' id='word_1_161' title='bbox 562 2150 761 2205; x_wconf 79' lang='lat' dir='ltr'>voluerit,</span> <span class='ocrx_word' id='word_1_162' title='bbox 802 2151 854 2192; x_wconf 86' lang='lat' dir='ltr'>ad</span> <span class='ocrx_word' id='word_1_163' title='bbox 888 2154 1024 2194; x_wconf 87' lang='lat' dir='ltr'>certas</span> <span class='ocrx_word' id='word_1_164' title='bbox 1066 2151 1324 2193; x_wconf 88' lang='lat' dir='ltr'>mutationes</span> <span class='ocrx_word' id='word_1_165' title='bbox 1367 2150 1554 2204; x_wconf 86' lang='lat' dir='ltr'>corporis</span> <span class='ocrx_word' id='word_1_166' title='bbox 1598 2152 1736 2192; x_wconf 89' lang='lat' dir='ltr'>certas</span> <span class='ocrx_word' id='word_1_167' title='bbox 1768 2151 1810 2192; x_wconf 91' lang='lat' dir='ltr'>in</span> <span class='ocrx_word' id='word_1_168' title='bbox 1851 2150 1992 2193; x_wconf 90' lang='lat' dir='ltr'>anima</span> 
     </span>
     <span class='ocr_line' id='line_1_28' title="bbox 263 2225 1992 2281; baseline 0.002 -16"><span class='ocrx_word' id='word_1_169' title='bbox 263 2225 555 2279; x_wconf 82' lang='lat' dir='ltr'>perceptiones</span> <span class='ocrx_word' id='word_1_170' title='bbox 589 2230 664 2268; x_wconf 90' lang='lat' dir='ltr'>aut</span> <span class='ocrx_word' id='word_1_171' title='bbox 696 2229 837 2268; x_wconf 87' lang='lat' dir='ltr'>motus</span> <span class='ocrx_word' id='word_1_172' title='bbox 872 2226 1067 2281; x_wconf 80' lang='lat' dir='ltr'>excitari,</span> <span class='ocrx_word' id='word_1_173' title='bbox 1110 2230 1152 2268; x_wconf 87' lang='lat' dir='ltr'>et</span> <span class='ocrx_word' id='word_1_174' title='bbox 1183 2226 1271 2269; x_wconf 89' lang='lat' dir='ltr'>vice</span> <span class='ocrx_word' id='word_1_175' title='bbox 1304 2238 1425 2268; x_wconf 87' lang='lat' dir='ltr'>versa</span> <span class='ocrx_word' id='word_1_176' title='bbox 1458 2238 1533 2279; x_wconf 86' lang='lat' dir='ltr'>pro</span> <span class='ocrx_word' id='word_1_177' title='bbox 1567 2226 1693 2268; x_wconf 89' lang='lat' dir='ltr'>certis</span> <span class='ocrx_word' id='word_1_178' title='bbox 1727 2225 1894 2268; x_wconf 90' lang='lat' dir='ltr'>animae</span> <span class='ocrx_word' id='word_1_179' title='bbox 1926 2239 1992 2269; x_wconf 90' lang='lat' dir='ltr'>co-</span> 
     </span>
     <span class='ocr_line' id='line_1_29' title="bbox 262 2299 1823 2355; baseline 0.001 -15"><span class='ocrx_word' id='word_1_180' title='bbox 262 2299 540 2351; x_wconf 80' lang='lat' dir='ltr'>gitationibus</span> <span class='ocrx_word' id='word_1_181' title='bbox 573 2315 646 2344; x_wconf 90' lang='lat' dir='ltr'>seu</span> <span class='ocrx_word' id='word_1_182' title='bbox 681 2301 971 2344; x_wconf 84' lang='lat' dir='ltr'>voluntatibus</span> <span class='ocrx_word' id='word_1_183' title='bbox 1005 2305 1142 2345; x_wconf 87' lang='lat' dir='ltr'>certos</span> <span class='ocrx_word' id='word_1_184' title='bbox 1175 2302 1215 2343; x_wconf 92' lang='lat' dir='ltr'>in</span> <span class='ocrx_word' id='word_1_185' title='bbox 1250 2314 1425 2355; x_wconf 87' lang='lat' dir='ltr'>corpore</span> <span class='ocrx_word' id='word_1_186' title='bbox 1457 2304 1596 2343; x_wconf 86' lang='lat' dir='ltr'>motus</span> <span class='ocrx_word' id='word_1_187' title='bbox 1630 2301 1823 2355; x_wconf 69' lang='lat' dir='ltr'>sequiffl).</span> 
     </span>
    </p>
   </div>
   <div class='ocr_carea' id='block_1_9' title="bbox 260 2387 1991 2520">
    <p class='ocr_par' dir='ltr' id='par_1_16' title="bbox 260 2387 1991 2520">
     <span class='ocr_line' id='line_1_30' title="bbox 400 2387 1991 2442; baseline 0.001 -13"><span class='ocrx_word' id='word_1_188' title='bbox 400 2390 465 2429; x_wconf 88' lang='lat'>47.</span> <span class='ocrx_word' id='word_1_189' title='bbox 519 2388 669 2430; x_wconf 86' lang='lat' dir='ltr'>Anima</span> <span class='ocrx_word' id='word_1_190' title='bbox 691 2389 877 2431; x_wconf 89' lang='lat' dir='ltr'>humana</span> <span class='ocrx_word' id='word_1_191' title='bbox 899 2402 981 2431; x_wconf 89' lang='lat' dir='ltr'>non</span> <span class='ocrx_word' id='word_1_192' title='bbox 1014 2389 1255 2432; x_wconf 87' lang='lat' dir='ltr'>immediate</span> <span class='ocrx_word' id='word_1_193' title='bbox 1279 2402 1302 2431; x_wconf 94' lang='lat' dir='ltr'>a</span> <span class='ocrx_word' id='word_1_194' title='bbox 1327 2389 1413 2431; x_wconf 88' lang='lat' dir='ltr'>Deo</span> <span class='ocrx_word' id='word_1_195' title='bbox 1447 2392 1630 2441; x_wconf 76' lang='lat' dir='ltr'>creatur,</span> <span class='ocrx_word' id='word_1_196' title='bbox 1664 2387 1737 2431; x_wconf 89' lang='lat' dir='ltr'>sed</span> <span class='ocrx_word' id='word_1_197' title='bbox 1761 2401 1785 2430; x_wconf 91' lang='lat' dir='ltr'>a</span> <span class='ocrx_word' id='word_1_198' title='bbox 1806 2388 1991 2442; x_wconf 89' lang='lat' dir='ltr'>parenti-</span> 
     </span>
     <span class='ocr_line' id='line_1_31' title="bbox 260 2462 1856 2520; baseline 0.001 -16"><span class='ocrx_word' id='word_1_199' title='bbox 260 2462 339 2505; x_wconf 87' lang='lat' dir='ltr'>bus</span> <span class='ocrx_word' id='word_1_200' title='bbox 371 2476 446 2517; x_wconf 87' lang='lat' dir='ltr'>per</span> <span class='ocrx_word' id='word_1_201' title='bbox 477 2464 791 2517; x_wconf 82' lang='lat' dir='ltr'>generationem</span> <span class='ocrx_word' id='word_1_202' title='bbox 823 2464 1087 2520; x_wconf 78' lang='lat' dir='ltr'>producitur,</span> <span class='ocrx_word' id='word_1_203' title='bbox 1119 2465 1270 2507; x_wconf 86' lang='lat' dir='ltr'>saltem</span> <span class='ocrx_word' id='word_1_204' title='bbox 1302 2467 1513 2518; x_wconf 87' lang='lat' dir='ltr'>quatenus</span> <span class='ocrx_word' id='word_1_205' title='bbox 1546 2465 1611 2506; x_wconf 85' lang='lat' dir='ltr'>est</span> <span class='ocrx_word' id='word_1_206' title='bbox 1643 2463 1856 2506; x_wconf 83' lang='lat' dir='ltr'>sensitiva.</span> 
     </span>
    </p>
   </div>
   <div class='ocr_carea' id='block_1_10' title="bbox 260 2550 1990 2744">
    <p class='ocr_par' dir='ltr' id='par_1_17' title="bbox 260 2550 1990 2744">
     <span class='ocr_line' id='line_1_32' title="bbox 404 2550 1990 2607; baseline 0.002 -17"><span class='ocrx_word' id='word_1_207' title='bbox 404 2550 472 2591; x_wconf 84' lang='lat'>48.</span> <span class='ocrx_word' id='word_1_208' title='bbox 529 2550 692 2603; x_wconf 87' lang='lat' dir='ltr'>Corpus</span> <span class='ocrx_word' id='word_1_209' title='bbox 736 2554 779 2592; x_wconf 90' lang='lat' dir='ltr'>et</span> <span class='ocrx_word' id='word_1_210' title='bbox 819 2551 958 2592; x_wconf 88' lang='lat' dir='ltr'>anima</span> <span class='ocrx_word' id='word_1_211' title='bbox 1006 2551 1224 2605; x_wconf 87' lang='lat' dir='ltr'>dynamice</span> <span class='ocrx_word' id='word_1_212' title='bbox 1266 2554 1454 2607; x_wconf 69' lang='lat' dir='ltr'>tantum,</span> <span class='ocrx_word' id='word_1_213' title='bbox 1501 2564 1583 2593; x_wconf 88' lang='lat' dir='ltr'>non</span> <span class='ocrx_word' id='word_1_214' title='bbox 1626 2563 1724 2593; x_wconf 91' lang='lat' dir='ltr'>vero</span> <span class='ocrx_word' id='word_1_215' title='bbox 1771 2550 1990 2593; x_wconf 89' lang='lat' dir='ltr'>entitative</span> 
     </span>
     <span class='ocr_line' id='line_1_33' title="bbox 264 2623 1988 2681; baseline 0.002 -17"><span class='ocrx_word' id='word_1_216' title='bbox 264 2623 487 2667; x_wconf 79' lang='lat' dir='ltr'>uniuntur:</span> <span class='ocrx_word' id='word_1_217' title='bbox 520 2624 559 2665; x_wconf 91' lang='lat' dir='ltr'>h.</span> <span class='ocrx_word' id='word_1_218' title='bbox 584 2637 617 2666; x_wconf 92' lang='lat' dir='ltr'>e.</span> <span class='ocrx_word' id='word_1_219' title='bbox 652 2624 712 2666; x_wconf 88' lang='lat' dir='ltr'>ita</span> <span class='ocrx_word' id='word_1_220' title='bbox 745 2626 968 2679; x_wconf 80' lang='lat' dir='ltr'>conjuncta</span> <span class='ocrx_word' id='word_1_221' title='bbox 1000 2630 1120 2681; x_wconf 69' lang='lat' dir='ltr'>sunt,</span> <span class='ocrx_word' id='word_1_222' title='bbox 1154 2628 1201 2668; x_wconf 87' lang='lat' dir='ltr'>ut</span> <span class='ocrx_word' id='word_1_223' title='bbox 1232 2626 1272 2667; x_wconf 92' lang='lat' dir='ltr'>in</span> <span class='ocrx_word' id='word_1_224' title='bbox 1306 2638 1350 2668; x_wconf 89' lang='lat' dir='ltr'>se</span> <span class='ocrx_word' id='word_1_225' title='bbox 1382 2626 1558 2668; x_wconf 87' lang='lat' dir='ltr'>invicem</span> <span class='ocrx_word' id='word_1_226' title='bbox 1592 2630 1741 2681; x_wconf 74' lang='lat' dir='ltr'>agant,</span> <span class='ocrx_word' id='word_1_227' title='bbox 1773 2638 1856 2668; x_wconf 91' lang='lat' dir='ltr'>non</span> <span class='ocrx_word' id='word_1_228' title='bbox 1888 2638 1988 2668; x_wconf 88' lang='lat' dir='ltr'>vero</span> 
     </span>
     <span class='ocr_line' id='line_1_34' title="bbox 260 2698 1366 2744; baseline 0.003 -5"><span class='ocrx_word' id='word_1_229' title='bbox 260 2703 308 2740; x_wconf 91' lang='lat' dir='ltr'>ut</span> <span class='ocrx_word' id='word_1_230' title='bbox 340 2698 601 2741; x_wconf 89' lang='lat' dir='ltr'>constituant</span> <span class='ocrx_word' id='word_1_231' title='bbox 633 2713 759 2742; x_wconf 83' lang='lat' dir='ltr'>unam</span> <span class='ocrx_word' id='word_1_232' title='bbox 792 2704 988 2743; x_wconf 86' lang='lat' dir='ltr'>naturam</span> <span class='ocrx_word' id='word_1_233' title='bbox 1022 2714 1096 2743; x_wconf 92' lang='lat' dir='ltr'>seu</span> <span class='ocrx_word' id='word_1_234' title='bbox 1129 2701 1366 2744; x_wconf 87' lang='lat' dir='ltr'>essentiam.</span> 
     </span>
    </p>
   </div>
   <div class='ocr_carea' id='block_1_11' title="bbox 259 2805 527 2808">
    <p class='ocr_par' dir='ltr' id='par_1_18' title="bbox 259 2805 527 2808">
     <span class='ocr_line' id='line_1_35' title="bbox 259 2805 527 2808; baseline 0 0"><span class='ocrx_word' id='word_1_235' title='bbox 259 2805 527 2808; x_wconf 95' lang='lat' dir='ltr'> </span> 
     </span>
    </p>
   </div>
   <div class='ocr_carea' id='block_1_12' title="bbox 398 2859 1984 3194">
    <p class='ocr_par' dir='ltr' id='par_1_19' title="bbox 402 2859 1379 2906">
     <span class='ocr_line' id='line_1_36' title="bbox 402 2859 1379 2906; baseline 0.002 -12"><span class='ocrx_word' id='word_1_236' title='bbox 402 2861 428 2903; x_wconf 87' lang='lat'>¹)</span> <span class='ocrx_word' id='word_1_237' title='bbox 455 2859 579 2895; x_wconf 84' lang='lat' dir='ltr'>Tamb.</span> <span class='ocrx_word' id='word_1_238' title='bbox 607 2870 706 2904; x_wconf 84' lang='lat' dir='ltr'>prop.</span> <span class='ocrx_word' id='word_1_239' title='bbox 726 2864 779 2896; x_wconf 83' lang='lat'>21.</span> <span class='ocrx_word' id='word_1_240' title='bbox 991 2862 1018 2905; x_wconf 84' lang='lat'>2)</span> <span class='ocrx_word' id='word_1_241' title='bbox 1045 2861 1176 2897; x_wconf 85' lang='lat' dir='ltr'>Piccol.</span> <span class='ocrx_word' id='word_1_242' title='bbox 1204 2872 1305 2906; x_wconf 88' lang='lat' dir='ltr'>prop.</span> <span class='ocrx_word' id='word_1_243' title='bbox 1325 2865 1379 2897; x_wconf 85' lang='lat'>46.</span> 
     </span>
    </p>

    <p class='ocr_par' dir='ltr' id='par_1_20' title="bbox 401 2917 1248 2964">
     <span class='ocr_line' id='line_1_37' title="bbox 401 2917 1248 2964; baseline 0.002 -13"><span class='ocrx_word' id='word_1_244' title='bbox 401 2918 430 2958; x_wconf 85' lang='grc'>3)</span> <span class='ocrx_word' id='word_1_245' title='bbox 457 2917 580 2952; x_wconf 88' lang='lat' dir='ltr'>Tamb.</span> <span class='ocrx_word' id='word_1_246' title='bbox 609 2928 709 2961; x_wconf 91' lang='lat' dir='ltr'>prop.</span> <span class='ocrx_word' id='word_1_247' title='bbox 729 2921 784 2953; x_wconf 85' lang='grc'>26.</span> <span class='ocrx_word' id='word_1_248' title='bbox 836 2919 887 2954; x_wconf 84' lang='lat' dir='ltr'>Cf.</span> <span class='ocrx_word' id='word_1_249' title='bbox 915 2919 1047 2954; x_wconf 87' lang='lat' dir='ltr'>Piccol.</span> <span class='ocrx_word' id='word_1_250' title='bbox 1074 2931 1174 2964; x_wconf 88' lang='lat' dir='ltr'>prop.</span> <span class='ocrx_word' id='word_1_251' title='bbox 1195 2924 1248 2955; x_wconf 79' lang='lat'>45.</span> 
     </span>
    </p>

    <p class='ocr_par' dir='ltr' id='par_1_21' title="bbox 398 2975 1602 3022">
     <span class='ocr_line' id='line_1_38' title="bbox 398 2975 1602 3022; baseline 0.002 -13"><span class='ocrx_word' id='word_1_252' title='bbox 398 2977 426 3019; x_wconf 77' lang='lat'>4)</span> <span class='ocrx_word' id='word_1_253' title='bbox 453 2975 585 3010; x_wconf 88' lang='lat' dir='ltr'>Piccol.</span> <span class='ocrx_word' id='word_1_254' title='bbox 613 2986 713 3020; x_wconf 90' lang='lat' dir='ltr'>prop.</span> <span class='ocrx_word' id='word_1_255' title='bbox 733 2979 786 3011; x_wconf 82' lang='grc'>52.</span> <span class='ocrx_word' id='word_1_256' title='bbox 839 2976 889 3011; x_wconf 84' lang='lat' dir='ltr'>Cf.</span> <span class='ocrx_word' id='word_1_257' title='bbox 916 2976 1006 3011; x_wconf 87' lang='lat' dir='ltr'>Retz</span> <span class='ocrx_word' id='word_1_258' title='bbox 1033 2988 1132 3021; x_wconf 90' lang='lat' dir='ltr'>prop.</span> <span class='ocrx_word' id='word_1_259' title='bbox 1152 2980 1183 3013; x_wconf 84' lang='lat'>9.</span> <span class='ocrx_word' id='word_1_260' title='bbox 1233 2977 1424 3012; x_wconf 83' lang='lat' dir='ltr'>Roothaan</span> <span class='ocrx_word' id='word_1_261' title='bbox 1452 2988 1551 3022; x_wconf 87' lang='lat' dir='ltr'>prop.</span> <span class='ocrx_word' id='word_1_262' title='bbox 1572 2979 1602 3013; x_wconf 85' lang='lat'>7.</span> 
     </span>
    </p>

    <p class='ocr_par' dir='ltr' id='par_1_22' title="bbox 398 3033 1376 3079">
     <span class='ocr_line' id='line_1_39' title="bbox 398 3033 1376 3079; baseline 0.001 -12"><span class='ocrx_word' id='word_1_263' title='bbox 398 3034 426 3076; x_wconf 81' lang='lat'>⁵)</span> <span class='ocrx_word' id='word_1_264' title='bbox 452 3033 575 3068; x_wconf 90' lang='lat' dir='ltr'>Tamb.</span> <span class='ocrx_word' id='word_1_265' title='bbox 603 3044 704 3078; x_wconf 90' lang='lat' dir='ltr'>prop.</span> <span class='ocrx_word' id='word_1_266' title='bbox 723 3034 778 3069; x_wconf 86' lang='lat'>27.</span> <span class='ocrx_word' id='word_1_267' title='bbox 988 3035 1018 3076; x_wconf 87' lang='grc'>6)</span> <span class='ocrx_word' id='word_1_268' title='bbox 1043 3034 1175 3070; x_wconf 91' lang='lat' dir='ltr'>Piccol.</span> <span class='ocrx_word' id='word_1_269' title='bbox 1203 3045 1302 3079; x_wconf 91' lang='lat' dir='ltr'>prop.</span> <span class='ocrx_word' id='word_1_270' title='bbox 1325 3035 1376 3070; x_wconf 88' lang='lat'>17.</span> 
     </span>
    </p>

    <p class='ocr_par' dir='ltr' id='par_1_23' title="bbox 400 3090 1984 3194">
     <span class='ocr_line' id='line_1_40' title="bbox 400 3090 1984 3138; baseline 0.002 -13"><span class='ocrx_word' id='word_1_271' title='bbox 400 3091 427 3132; x_wconf 79' lang='grc'>7)</span> <span class='ocrx_word' id='word_1_272' title='bbox 454 3090 585 3125; x_wconf 88' lang='lat' dir='ltr'>Piccol.</span> <span class='ocrx_word' id='word_1_273' title='bbox 613 3101 712 3136; x_wconf 88' lang='lat' dir='ltr'>prop.</span> <span class='ocrx_word' id='word_1_274' title='bbox 740 3095 793 3127; x_wconf 85' lang='lat'>53.</span> <span class='ocrx_word' id='word_1_275' title='bbox 1028 3093 1055 3136; x_wconf 81' lang='grc'>8)</span> <span class='ocrx_word' id='word_1_276' title='bbox 1082 3092 1122 3127; x_wconf 89' lang='lat' dir='ltr'>Id</span> <span class='ocrx_word' id='word_1_277' title='bbox 1149 3102 1249 3137; x_wconf 86' lang='lat' dir='ltr'>prop.</span> <span class='ocrx_word' id='word_1_278' title='bbox 1276 3095 1329 3127; x_wconf 83' lang='lat'>44.</span> <span class='ocrx_word' id='word_1_279' title='bbox 1547 3093 1575 3137; x_wconf 85' lang='grc'>9)</span> <span class='ocrx_word' id='word_1_280' title='bbox 1602 3092 1805 3138; x_wconf 68' lang='lat' dir='ltr'>Roothaam</span> <span class='ocrx_word' id='word_1_281' title='bbox 1832 3103 1932 3138; x_wconf 91' lang='lat' dir='ltr'>prop.</span> <span class='ocrx_word' id='word_1_282' title='bbox 1951 3095 1984 3129; x_wconf 88' lang='lat'>8.</span> 
     </span>
     <span class='ocr_line' id='line_1_41' title="bbox 405 3148 805 3194; baseline 0.003 -11"><span class='ocrx_word' id='word_1_283' title='bbox 405 3150 446 3193; x_wconf 76' lang='grc'>10)</span> <span class='ocrx_word' id='word_1_284' title='bbox 473 3148 596 3183; x_wconf 86' lang='lat' dir='ltr'>Tamb.</span> <span class='ocrx_word' id='word_1_285' title='bbox 622 3159 724 3194; x_wconf 86' lang='lat' dir='ltr'>prop.</span> <span class='ocrx_word' id='word_1_286' title='bbox 750 3152 805 3184; x_wconf 85' lang='lat'>22.</span> 
     </span>
    </p>
   </div>
   <div class='ocr_carea' id='block_1_13' title="bbox 2149 3350 2164 3530">
    <p class='ocr_par' dir='ltr' id='par_1_24' title="bbox 2149 3350 2164 3530">
     <span class='ocr_line' id='line_1_42' title="bbox 2149 3350 2164 3530; textangle 90"><span class='ocrx_word' id='word_1_287' title='bbox 2152 3506 2164 3530; x_wconf 62' lang='lat'>.‘</span> <span class='ocrx_word' id='word_1_288' title='bbox 2149 3350 2164 3475; x_wconf 58' lang='lat' dir='ltr'>*mua</span> 
     </span>
    </p>
   </div>
  </div>
 </body>
</html>
