2164 3535
233 270 312 311 116
507 267 928 304 Geschichtsunterricht
959 279 1005 303 an
1040 268 1108 303 den
1135 268 1423 305 oberdeutschen
1449 270 1678 316 Gymnasien.

229 420 364 462 ganze
394 408 669 463 Vorstellung
709 412 865 452 sammt
906 409 1000 451 dem
1046 408 1253 451 »Extract
1290 409 1463 464 Einiger
1500 411 1686 455 iiberaus
1726 413 1957 467 anziigiger

230 483 389 526 Stellen
427 497 504 527 aus
542 484 932 527 Protestantischen
966 483 1190 527 Biichern«
1230 484 1271 526 in
1303 484 1474 528 Bucher
1505 486 1602 529 Ges.
1627 486 1784 530 Werke
1814 487 1876 543 II,
1900 489 1953 530 69

231 560 353 601 -75.
416 559 557 613 Vergl.
591 559 699 602 noch
730 559 874 602 Ebner
905 558 945 602 S.
971 560 1211 602 520—527
1246 560 1333 603 und
1365 560 1467 603 Cod.
1501 574 1630 615 germ.
1665 562 1776 604 3806
1807 563 1849 604 in
1881 562 1956 606 der

230 633 610 678 Staatsbibliothek
640 649 693 677 zu
725 634 949 677 Miinchen.

373 992 700 1060 Anleitung
742 993 836 1043 ffir
879 994 989 1043 den
1034 994 1808 1045 Geschichts-Unterricht.

704 1086 866 1132 (Kropf‚
891 1086 1008 1123 Ratio
1035 1087 1076 1123 et
1100 1087 1164 1123 via
1189 1097 1229 1132 p.
1248 1087 1478 1132 195—198.)

540 1203 613 1245 De
651 1202 838 1245 studio
877 1202 1213 1246 eruditionis
1254 1208 1310 1246 et
1350 1203 1639 1247 historiae.

366 1318 561 1360 Eruditio
594 1331 644 1360 ex
674 1317 852 1360 historia
883 1323 925 1361 et
956 1319 1145 1362 moribus
1177 1320 1381 1376 gentium,
1413 1333 1462 1362 ex
1486 1319 1747 1362 authoritate
1778 1320 1954 1375 scripto-

229 1406 323 1435 rum
355 1395 398 1436 et
428 1407 478 1436 ex
510 1394 622 1435 omni
654 1393 859 1446 doctrina,
893 1394 965 1437 sed
997 1395 1168 1448 parcius
1202 1395 1255 1437 ad
1287 1398 1459 1449 captum
1488 1395 1792 1449 discipulorum
1815 1408 1954 1439 accer-

228 1469 359 1512 senda
398 1469 645 1523 modiceque
684 1469 930 1523 usurpanda
970 1470 1012 1512 in
1045 1470 1207 1512 Scholis
1251 1474 1336 1513 est:
1379 1474 1428 1512 ut
1458 1470 1673 1524 ingenium
1705 1471 1859 1514 excitet
1888 1485 1954 1514 rem

228 1548 427 1598 creetque
464 1549 507 1587 et
538 1545 716 1587 Latinae
748 1544 1021 1599 Graecaeque
1060 1546 1249 1588 studium
1289 1546 1458 1599 linguae
1499 1558 1551 1588 ne
1594 1546 1809 1599 impediat.
1871 1547 1953 1600 (Ex

228 1633 314 1674 reg.
342 1624 360 1662 1
387 1620 508 1662 Rhet.
533 1624 575 1662 et
596 1621 743 1673 Hum.)
792 1621 849 1662 Et
879 1622 1073 1674 quamvis
1105 1622 1346 1675 plusculum
1379 1621 1437 1663 illi
1471 1621 1593 1664 hodie
1617 1621 1806 1664 tribuere
1827 1622 1954 1665 liceat

228 1696 269 1738 in
303 1696 603 1738 exercitatione
635 1696 849 1752 historica,
882 1709 1009 1750 quam
1032 1697 1157 1739 statis
1173 1698 1263 1751 jam
1286 1697 1550 1751 temporibus
1573 1697 1763 1751 singulae
1787 1697 1953 1740 Classes

230 1772 407 1828 obeunt,
446 1772 487 1813 in
528 1772 884 1825 praelectionibus
916 1775 1057 1814 tamen
1091 1776 1133 1814 et
1164 1772 1462 1826 scriptionibus
1495 1773 1672 1826 aliisque
1705 1772 1953 1815 Scholarum

228 1847 613 1901 exercitationibus,
646 1850 826 1889 maxime
858 1846 1145 1901 humiliorum,
1174 1847 1391 1889 immorari
1417 1847 1454 1889 ei
1477 1860 1746 1901 nequaquam
1769 1851 1949 1902 oportet.

229 1922 335 1965 Cum
366 1923 476 1965 enim
508 1924 549 1965 in
572 1922 779 1976 Suprema
810 1923 902 1975 ipsa
932 1922 1220 1964 Grammatica
1251 1926 1344 1976 (per
1375 1936 1460 1976 reg.
1486 1924 1528 1976 5)
1567 1924 1867 1979 praecipiatur,
1903 1928 1952 1966 ut

229 2011 339 2052 quae
374 1999 428 2040 ad
461 1999 740 2041 eruditionem
773 1998 1009 2053 pertinent,
1041 1998 1076 2040 si
1108 2011 1217 2051 quae
1248 1998 1437 2040 incidant
1467 1999 1580 2040 inter
1610 1998 1953 2054 praelegendum,

227 2075 346 2117 brevi
369 2075 662 2129 expediantur,
686 2078 814 2127 atque
836 2073 941 2115 adeo
964 2074 1004 2115 in
1029 2073 1182 2115 Schola
1203 2073 1494 2116 Humanitatis
1519 2074 1685 2127 (itidem
1706 2087 1781 2128 per
1803 2087 1887 2128 reg.
1909 2076 1952 2127 5)

229 2154 402 2193 cautum
435 2151 503 2206 sit,
535 2163 586 2191 116
620 2149 879 2192 ornamentis
902 2149 1166 2205 eruditionis,
1198 2149 1278 2191 nisi
1301 2149 1449 2191 leviter
1471 2149 1692 2206 duntaxat,
1724 2150 1953 2204 praelectio

229 2230 502 2281 aspergatur,
547 2226 651 2267 satis
683 2225 836 2280 liquet,
868 2228 1029 2278 quanta
1061 2225 1351 2267 moderatione
1383 2224 1588 2266 utendum
1620 2225 1677 2267 sit
1707 2225 1879 2278 reliquis
1911 2225 1953 2267 in

230 2302 446 2345 Classibus
487 2300 768 2343 inferioribus.
833 2300 948 2351 Quae
989 2313 1086 2342 vero
1127 2300 1179 2342 de
1219 2300 1455 2342 eruditione
1495 2300 1656 2342 tradita
1685 2300 1862 2356 fuerint,
1904 2312 1954 2342 ea

229 2376 379 2419 deinde
410 2378 450 2418 in
484 2376 799 2431 congressibus,
831 2376 874 2417 in
907 2375 1288 2430 disputationibus,
1326 2376 1369 2418 in
1401 2376 1664 2418 examinibus
1696 2389 1771 2430 per
1803 2388 1953 2430 oppor-

229 2452 456 2493 tunitatem
490 2455 785 2506 reposcentur,
828 2451 889 2492 uti
927 2450 1117 2507 fabulae,
1158 2451 1381 2507 historiae,
1423 2451 1723 2506 antiquitates,
1765 2451 1951 2508 oracula,

229 2527 342 2569 dicta
363 2527 616 2581 sapientum,
639 2530 946 2580 strategemata
969 2526 1132 2583 bellica,
1155 2526 1343 2569 facinora
1365 2526 1564 2582 illustria,
1586 2526 1758 2568 inventa
1780 2526 1950 2583 artium,

231 2616 372 2645 rerum
405 2602 602 2658 origines,
634 2602 887 2656 populorum
920 2615 1058 2644 mores
1090 2605 1131 2644 et
1163 2602 1375 2655 instituta,
1408 2601 1601 2655 exempla
1631 2601 1839 2644 virtutum
1871 2604 1949 2643 cet.

230 2677 393 2732 (Ordin.
425 2678 548 2719 Prov.
583 2679 653 2732 §8
686 2691 725 2719 n.
753 2678 837 2731 18.)

367 2752 624 2794 Exercitatio
657 2765 781 2806 porro
814 2752 1035 2808 historica,
1075 2752 1126 2794 de
1157 2764 1241 2806 qua
1273 2751 1475 2808 diximus,
1515 2752 1558 2794 in
1590 2764 1638 2794 eo
1671 2752 1753 2795 sita
1784 2754 1870 2808 est,
1902 2754 1952 2793 ut

230 2840 338 2880 quae
379 2840 427 2869 ex
460 2827 724 2869 Rudhnentis
764 2827 976 2870 historicis
1015 2827 1221 2881 Magister
1257 2827 1529 2881 explicaverit
1568 2827 1649 2870 rite
1688 2830 1837 2881 postea
1869 2826 1950 2870 dis-

230 2902 356 2955 cipuli
388 2904 595 2955 repetant.
649 2903 697 2944 In
730 2903 1006 2957 explicatione
1038 2906 1180 2945 autem
1201 2902 1407 2955 Magister
1429 2903 1460 2944 Ι.
1496 2902 1569 2959 rei,
1602 2915 1730 2956 quam
1761 2904 1949 2945 tractare

229 2977 495 3033 aggreditur,
528 2981 671 3031 partes
702 2978 974 3034 praecipuas,
1006 2978 1156 3020 idoneo
1188 2977 1344 3020 divisas
1378 2977 1544 3034 ordine,
1578 2978 1822 3021 summatim
1852 2990 1949 3033 pro-

228 3052 359 3105 ponit.
420 3053 475 3094 11.
511 3052 706 3106 Singulas
739 3064 930 3094 seorsum
962 3056 1106 3107 partes
1138 3055 1310 3095 enarrat
1340 3052 1506 3106 plenius
1539 3056 1594 3109 et,
1627 3065 1736 3107 quae
1765 3053 1809 3095 in
1838 3051 1947 3095 libro

229 3127 507 3170 succinctiora
546 3127 689 3170 forsan
732 3127 924 3170 minusve
956 3128 1180 3182 perspicua
1211 3128 1493 3183 occurrerint,
1536 3127 1847 3182 aliquantulum
1879 3127 1948 3170 de-

229 3202 384 3253 clarat3
416 3203 487 3245 ubi
518 3203 706 3246 locorum
738 3203 877 3259 simul,
909 3205 1231 3257 temporumque
1263 3202 1470 3245 rationem
1493 3215 1701 3256 exponere
1723 3202 1948 3256 diligenter
