2164 3535
231 205 316 246 320
578 202 746 236 Statuten
771 200 834 235 des
860 199 998 234 Kolner
1025 199 1369 235 Clericalseminars.
1420 201 1489 236 Um
1517 203 1614 236 1615.

230 355 340 396 quae
381 342 435 383 ad
476 342 608 396 ipsius
650 341 800 383 domus
843 340 1108 395 disciplinam
1150 340 1426 394 ipsorumque
1474 340 1704 382 utilitatem
1752 341 1967 394 pertinere

230 414 544 460 indicabuntur.

368 491 425 534 II.
476 492 631 534 Omnes
678 491 766 534 suis
813 491 1164 545 praeceptoribus
1206 502 1255 532 ac
1296 489 1522 543 praefectis
1564 489 1814 544 legibusque
1856 502 1966 532 com-

230 566 428 609 munibus
479 566 729 608 Scholarum
779 565 1105 622 obtemperent,
1153 566 1361 608 rationem
1408 564 1610 607 studendi
1654 565 1963 619 praescriptam

230 644 412 684 servent.

368 715 444 758 III.
495 715 619 757 Mane
651 729 727 768 per
759 715 1042 768 quadrantem
1076 715 1267 769 quotidie
1300 715 1495 770 orationi,
1529 715 1758 758 Dominicis
1783 718 1827 757 et
1847 715 1966 758 festis

230 790 417 846 mentali,
450 790 637 844 profanis
670 790 804 832 vocali
837 791 1062 832 vacabunt.
1114 791 1292 844 Vesperi
1315 791 1617 833 conscientiam
1639 790 1964 841 examinabunt;

230 866 405 909 meridie
436 869 535 920 post
566 866 870 908 recreationem
903 866 1096 908 Litanias
1129 866 1177 908 B.
1202 866 1256 908 M.
1290 866 1464 919 virginis
1488 866 1770 921 Lauretanas,
1803 865 1966 919 vesperi

230 941 473 995 quadrante
506 944 604 983 ante
637 954 810 983 coenam
843 941 998 982 librum
1032 941 1172 997 pium,
1214 943 1312 994 post
1343 953 1441 983 vero
1474 941 1579 982 hora
1613 944 1761 983 octava
1792 940 1963 983 litanias

231 1017 283 1059 de
314 1016 508 1058 omnibus
541 1015 618 1058 SS.
653 1016 720 1070 pie
752 1016 904 1069 legent.
955 1016 1107 1058 Omnia
1139 1028 1187 1058 eo
1220 1016 1346 1058 modo
1379 1019 1422 1058 et
1453 1016 1614 1067 ordine,
1648 1028 1730 1069 quo
1763 1016 1813 1069 ijs
1836 1015 1966 1058 fuerit

229 1092 557 1146 praescriptum3
590 1091 773 1145 praeibit
805 1092 982 1134 caeteris
1015 1104 1165 1134 censor
1198 1104 1272 1133 seu
1296 1090 1669 1147 hebdomadarius,
1701 1091 1774 1144 qui
1796 1094 1838 1132 et
1860 1093 1959 1133 ante

231 1166 373 1209 studia
413 1179 508 1208 cum
553 1166 646 1220 alijs
678 1166 803 1208 simul
835 1166 877 1207 in
909 1178 1047 1219 genua
1080 1167 1202 1208 nixus
1237 1166 1351 1207 clara
1385 1178 1484 1208 voce
1520 1166 1733 1208 »actiones
1765 1168 1962 1207 nostras«

232 1245 297 1297 et,
340 1242 440 1283 dum
479 1245 664 1294 surgunt
699 1242 1058 1295 incumbuntque,
1100 1242 1313 1295 psalmum
1349 1242 1601 1284 »miserere«
1638 1241 1855 1293 recitabit3
1893 1241 1965 1294 qui

231 1316 356 1359 horas
388 1317 537 1370 legunt
568 1319 744 1358 utentur
775 1316 983 1359 breviario
1008 1316 1262 1372 Coloniensi,
1296 1317 1337 1358 in
1369 1317 1498 1359 missa
1530 1316 1775 1359 sacerdotes
1807 1315 1964 1358 facient

231 1392 314 1434 ritu
337 1392 542 1443 Romano,
575 1391 752 1445 proinde
774 1392 827 1433 ad
851 1391 1191 1434 conformitatem
1217 1392 1420 1434 maiorem
1444 1405 1538 1434 cum
1561 1393 1752 1434 Romana
1774 1391 1966 1434 Ecclesia

231 1466 421 1509 eiusdem
450 1467 632 1509 missalis
664 1471 708 1509 et
738 1467 958 1508 ritualium
991 1468 1250 1509 ceremonias
1273 1470 1315 1509 et
1336 1467 1486 1521 praxin
1509 1467 1742 1523 addiscent,
1775 1467 1961 1520 quoties—

232 1554 314 1595 que
346 1542 388 1584 in
422 1542 561 1584 Sacris
594 1542 814 1584 ordinibus
846 1545 947 1585 sunt
979 1543 1221 1599 constituti,
1255 1543 1374 1586 Sacri
1408 1543 1641 1598 Evangelii,
1675 1542 1893 1596 Epistolae
1923 1546 1966 1584 et

232 1620 497 1659 caeterorum
529 1616 893 1659 decantandorum
924 1618 1089 1660 occasio
1121 1619 1216 1674 erit,
1250 1621 1325 1660 aut
1354 1630 1379 1659 a
1401 1617 1702 1672 Superioribus
1724 1617 1963 1661 iniunctum

232 1692 373 1748 fuerit,
404 1692 544 1734 omnia
575 1704 691 1734 more
723 1692 807 1734 iam
840 1692 977 1735 dictae
1010 1693 1225 1736 Ecclesiae
1257 1694 1524 1736 exercebunt.

370 1773 440 1815 IV.
488 1772 618 1815 Sacro
651 1773 839 1826 quotidie
870 1774 1111 1816 intererunt
1143 1778 1198 1829 et,
1241 1787 1336 1816 cum
1375 1775 1610 1816 iniunctum
1649 1773 1799 1825 fuerit,
1845 1773 1962 1815 mini-

231 1848 444 1903 strabunt,
475 1849 664 1890 concioni
698 1848 846 1891 diebus
871 1849 1011 1891 Sacris
1044 1853 1086 1891 et
1109 1849 1388 1904 Catechismo,
1422 1849 1647 1891 Sodalitati
1681 1849 1862 1902 denique
1890 1848 1961 1890 ubi

232 1927 274 1966 et
315 1922 485 1976 quando
524 1922 652 1965 fuerit
695 1924 831 1966 visum
871 1923 1192 1980 Superioribus,
1245 1924 1561 1967 confitebuntur
1603 1925 1825 1977 designato
1867 1936 1962 1966 con-

232 1999 420 2041 fessario.
484 1998 868 2042 Cominunicabunt
914 2004 1062 2042 octavo
1097 2012 1267 2053 quoque
1300 2000 1377 2042 die.
1443 2000 1605 2051 Quibus
1638 2003 1780 2042 autem
1813 1998 1962 2041 diebus

233 2074 546 2116 communicant
578 2075 767 2116 concioni
791 2075 1061 2128 repetendae,
1096 2075 1379 2130 annotandae,
1413 2076 1599 2128 legendis
1622 2076 1741 2118 libris
1763 2075 1842 2128 pijs
1865 2074 1960 2127 plus

233 2149 436 2203 temporis
469 2161 597 2201 quam
631 2149 734 2191 alias
767 2149 1022 2203 impendent.

373 2224 421 2265 V.
469 2223 551 2265 Pro
584 2224 740 2266 Rev.¹1¹⁰
781 2237 829 2266 ac
862 2224 1006 2267 Ser.ffl0
1044 2225 1236 2278 Archiep.
1271 2225 1523 2277 Coloniensi,
1556 2238 1632 2267 nec
1664 2237 1747 2267 non
1780 2224 1957 2267 caeteris

235 2300 488 2341 Alumnatus
543 2299 871 2355 fundatoribus,
927 2300 1268 2343 benefactoribus
1324 2313 1372 2342 ac
1430 2300 1719 2354 provisoribus
1778 2299 1962 2342 orabunt

236 2374 438 2427 quotidie.

373 2450 443 2491 VI.
493 2449 741 2503 Superiores
782 2462 828 2492 ac
870 2450 1104 2503 praefectos
1147 2450 1289 2492 colant
1326 2454 1455 2504 atque
1500 2451 1748 2502 observent,
1790 2462 1959 2504 eosque,

235 2537 320 2578 qua
359 2537 438 2578 par
474 2527 557 2579 est,
597 2524 805 2567 modestia
847 2525 1136 2578 alloquantur;
1181 2529 1359 2568 caveant
1399 2526 1526 2567 etiam
1569 2526 1673 2567 alios
1716 2525 1854 2567 verbis
1895 2524 1960 2567 vel

235 2598 355 2641 factis
388 2599 611 2642 offendere.

374 2675 467 2716 VII.
517 2674 761 2717 Studiorum
803 2677 993 2728 tempore
1034 2688 1057 2716 a
1089 2688 1262 2718 musaeo
1306 2676 1396 2718 sine
1427 2676 1630 2729 praefecti
1662 2680 1735 2718 aut
1775 2674 1959 2718 censoris

236 2749 357 2792 venia
387 2762 470 2791 non
501 2749 644 2804 ibunt3
678 2750 823 2792 eodem
855 2752 1045 2803 tempore
1078 2752 1120 2792 et
1152 2754 1273 2793 extra
1303 2750 1406 2792 illud
1438 2763 1560 2792 nenio
1592 2763 1666 2803 per
1696 2750 1865 2792 domum
1889 2762 1959 2792 va-

236 2828 378 2880 getur,
419 2823 609 2875 hortum,
659 2824 860 2880 culinam,
909 2825 1100 2867 cubicula
1141 2830 1215 2868 aut
1257 2826 1340 2867 alia
1381 2825 1530 2867 domus
1570 2826 1663 2867 loca
1702 2825 1829 2867 adeat
1869 2825 1959 2867 sine

236 2898 465 2941 eorundem
497 2899 629 2941 venia.

380 2974 491 3015 VIII.
525 2974 788 3026 Tempestive
811 2974 932 3016 ibunt
954 2974 1006 3016 ad
1029 2974 1217 3030 Scholas,
1240 2974 1458 3027 templum,
1481 2974 1778 3030 confessiones,
1796 2974 1957 3030 laudes,

238 3048 503 3101 concionem,
543 3061 736 3103 campos,
780 3061 969 3090 mensam
1001 3053 1101 3103 etc,
1142 3062 1190 3090 eo
1232 3049 1343 3099 loco,
1385 3052 1575 3102 tempore
1617 3052 1659 3091 et
1697 3049 1842 3104 modo,
1874 3061 1957 3102 quo

240 3123 368 3165 fuerit
398 3125 726 3178 praescriptum;
769 3124 809 3164 in
843 3136 1012 3166 accessu
1045 3128 1087 3166 et
1118 3136 1285 3166 recessu
1319 3136 1343 3165 a
1374 3136 1538 3179 mensa,
1578 3124 1688 3166 inter
1718 3123 1958 3179 lavandum,
