2164 3535
242 263 322 304 148
481 260 646 295 Oeffentl.
673 261 871 305 Uebungen
898 271 929 295 a.
956 261 989 295 d.
1017 261 1143 306 Gymn.
1170 261 1202 296 d.
1229 261 1400 297 Jesuiten
1425 263 1462 296 in
1488 262 1598 297 Coeln
1629 263 1726 298 1753.

239 401 302 442 Ex
334 401 588 444 Geometria.
641 402 853 456 Josephus
885 402 1104 444 Deodatus
1137 403 1188 445 de
1220 404 1497 457 Formantau,
1531 416 1579 445 ex
1609 403 1854 458 Hodimont,
1887 403 1966 444 Lo-

354 477 485 530 gicus.

631 553 753 594 Joan.
787 552 941 594 Theocl.
976 552 1163 594 Barthol.
1199 552 1400 609 Gamans,
1434 553 1610 607 Agripp.
1644 553 1839 606 Logicus.

240 628 302 669 Ex
334 627 617 681 Geographia.
681 628 867 670 Joannes
909 627 1096 670 Jacobus
1139 628 1353 681 Josephus
1387 628 1483 669 Ant.
1529 628 1575 669 L.
1610 628 1656 669 B.
1701 628 1752 669 de
1784 627 1968 670 Leerodt

353 703 546 745 Leerodt.

238 778 300 819 Ex
333 777 622 820 Arithmetica
685 777 893 831 Georgius
927 778 1062 820 Carol.
1098 779 1144 820 L.
1180 778 1226 819 B.
1262 778 1313 820 de
1345 778 1538 834 Martial‚
1572 791 1621 820 ex
1652 777 1963 820 Birlinckoven.

237 852 301 894 Ex
332 853 570 895 Heraldica.
633 853 778 895 Jacob.
814 853 967 896 Theod.
1003 853 1054 895 de
1085 853 1211 904 Proffi
1245 866 1294 895 ex
1325 853 1463 907 Henff,
1496 853 1668 895 Rhetor.

632 927 851 970 Cornelius
883 929 1090 971 Leonard.
1124 930 1255 971 Ernst
1287 942 1336 971 ex
1367 929 1517 981 Aubel,
1549 929 1690 970 Poeta.

373 1003 631 1045 Rudimenta
660 1004 874 1045 Historiae
906 1016 1052 1045 sacrae
1085 1004 1138 1045 ab
1160 1003 1322 1045 Adamo
1356 1016 1490 1056 usque
1522 1002 1575 1044 ad
1597 1002 1624 1044 J
1630 1002 1785 1055 udices,
1818 1002 1962 1056 populi

236 1078 458 1121 Israelitici
496 1079 668 1121 Publice
709 1080 903 1133 exposuit
943 1079 1151 1121 Henricus
1193 1078 1440 1120 Wilhelmus
1479 1077 1691 1131 ι1056111165
1733 1078 1780 1119 L.
1820 1078 1866 1119 B.
1912 1077 1963 1119 (16

237 1152 372 1207 811165,
403 1153 622 1196 Infimista.

374 1229 582 1282 Populum
616 1230 895 1271 Israeliticum
927 1243 975 1271 ex
1007 1231 1198 1283 Aegypto
1232 1242 1307 1283 per
1336 1229 1533 1282 Moysen„
1566 1229 1608 1270 in
1642 1228 1964 1270 Chananitislem

236 1316 311 1356 per
342 1304 539 1356 Josuam,
578 1304 777 1346 Judicum
811 1305 1004 1358 Imperiis
1037 1305 1090 1346 ad
1124 1305 1294 1346 Saulem
1333 1316 1468 1357 usque
1507 1303 1736 1346 deductum
1770 1303 1965 1357 disquisi-

236 1379 339 1420 tioni
370 1378 608 1421 Historicae
640 1392 734 1421 cum
768 1380 858 1421 aliis
894 1380 1200 1433 Condiscipulis
1235 1379 1516 1433 Subjecerunt
1548 1380 1614 1420 252).
1649 1379 1850 1432 Augusti:

373 1454 625 1496 Franciscus
659 1454 846 1497 Salesius
879 1455 925 1496 L.
960 1455 1006 1496 Β.
1041 1455 1092 1497 (16
1125 1455 1307 1505 Weichs„
1342 1468 1390 1496 ex
1422 1454 1652 1507 Roesberg,

375 1529 561 1570 Joannes
584 1529 824 1571 Ludovicus
849 1530 1074 1586 Coutelier,
1108 1543 1156 1572 ex
1179 1530 1309 1581 Herff„
1343 1529 1678 1583 Limburgensis,
1710 1528 1963 1571 Secundam.

236 1605 468 1646 Historiam
502 1605 553 1646 de
584 1605 770 1658 Regibus
803 1605 956 1659 hidae,
990 1610 1031 1647 et
1063 1606 1234 1647 Israelis
1267 1605 1604 1658 explanaverunt
1636 1606 1702 1646 29.
1737 1605 1933 1656 Augusti.

373 1680 608 1721 Balduinus
642 1681 892 1723 Franciscus
917 1681 1212 1723 Ferffinanclus
1245 1681 1291 1722 L.
1322 1680 1369 1721 B.
1405 1680 1456 1722 de
1479 1679 1670 1735 Seraing,
1703 1693 1752 1721 ex
1774 1679 1962 1733 Eybach,

375 1755 551 1797 Carolus
584 1754 789 1808 Georgius
822 1756 868 1797 L.
901 1755 949 1797 B.
983 1756 1035 1798 de
1065 1756 1237 1798 Martial
1269 1769 1318 1797 ex
1350 1755 1659 1807 Birlinckoven,
1692 1755 1891 1796 Primani.

236 1830 470 1872 Historiam
488 1831 827 1873 Ecclesiasticam
846 1835 1031 1884 quatuor
1047 1832 1280 1884 primorum
1300 1831 1574 1873 Saeculorum
1593 1831 1670 1872 Die
1694 1831 1760 1872 31.
1783 1830 1963 1882 Augusti

445 1906 650 1947 Antonius
682 1906 933 1948 Bauduinus
966 1907 1221 1948 Benedictus
1255 1906 1425 1961 Spirlet‚
1458 1905 1655 1959 Leodius,

443 1981 630 2024 Joannes
663 1981 957 2023 Ferdinandus
991 1981 1183 2036 Steffens,
1217 1995 1264 2023 ex
1297 1981 1489 2033 Honneff,

445 2056 684 2110 Stephanus
716 2057 916 2106 Buchem,
949 2069 997 2098 ex
1029 2056 1216 2105 Hittorff,
1248 2057 1414 2099 Poetae.

513 2132 675 2174 Eadem
707 2132 773 2173 (116
804 2132 1063 2173 Rudimenta
1094 2131 1390 2185 Geographiae

512 2207 730 2260 Adolphus
763 2206 974 2259 Josephus
1008 2207 1058 2248 de
1089 2206 1214 2262 Proff,
1246 2206 1420 2248 Rhetor.

380 2282 594 2334 Epistolae
626 2282 720 2323 Divi
743 2282 863 2323 Pauli
895 2282 948 2323 ad
970 2282 1177 2335 Ephesios
1210 2296 1292 2324 non
1325 2296 1496 2324 sensum
1527 2286 1694 2324 tantum
1726 2295 1774 2324 ex
1797 2282 1959 2323 Graeco

240 2356 390 2398 Latine
421 2357 625 2407 reddidit„
664 2357 737 2399 sed
770 2370 919 2399 vocum
958 2358 1083 2399 etiam
1123 2357 1285 2399 radices
1324 2362 1366 2399 et
1403 2358 1779 2406 constructionem,
1819 2369 1962 2398 occur-

240 2435 380 2474 rentes
413 2444 580 2485 quoque
612 2432 707 2474 hinc
738 2432 835 2474 inde
868 2433 1027 2485 Tropos
1066 2435 1108 2474 et-
1147 2432 1306 2485 figuras
1346 2446 1441 2474 cum
1480 2433 1659 2486 propriis
1701 2432 1961 2474 Graecorum

239 2507 438 2559 loquendi
469 2507 660 2548 formulis
694 2508 1003 2549 concertatione
1037 2508 1205 2560 publica
1237 2508 1460 2561 explicavit

378 2581 596 2623 Cornelius
629 2582 876 2624 Leonardus
910 2583 1053 2633 Ernst,
1086 2583 1419 2638 Limburgensis,
1452 2596 1500 2624 ex
1532 2583 1681 2633 Aubel,
1714 2583 1856 2624 Poeta.

423 2661 526 2704 (Hier
550 2661 669 2704 folgen
695 2661 849 2696 Nomina
874 2662 1124 2697 Convictorum
1151 2674 1195 2697 ex
1220 2673 1312 2696 anno
1343 2664 1431 2697 1752
1457 2663 1492 2696 in
1523 2665 1634 2705 1753).
1686 2663 1808 2696 Dann:

765 2802 990 2843 Nomina
1031 2802 1423 2845 Convictorum.

379 2892 458 2943 Qui
489 2906 564 2946 per
594 2894 703 2935 Anni
737 2893 983 2936 Scholastici
1016 2895 1251 2936 Decursum
1284 2907 1307 2935 a
1340 2894 1566 2935 Novembri
1602 2896 1706 2936 1751
1749 2894 1802 2935 ad
1833 2893 1958 2936 finem

242 2967 499 3021 Septembris
547 2970 654 3009 1752
702 2969 948 3010 Doctrinam
999 2982 1119 3011 suam
1170 2969 1389 3010 tentamini
1442 2969 1608 3022 publico
1663 2969 1958 3019 subdiderunt,

242 3044 398 3096 quique
434 3043 636 3085 Praemiis
677 3044 863 3085 decorati
908 3049 1027 3095 sunt,
1075 3046 1150 3086 aut
1194 3043 1456 3098 praemiseris
1502 3044 1677 3096 proximi
1727 3046 1957 3085 certarunt.

241 3118 380 3159 Primo
412 3118 501 3160 loco
533 3119 647 3160 venit
678 3119 886 3171 specimen
919 3120 1146 3172 publicum„
1179 3132 1261 3172 quo
1294 3132 1415 3160 suam
1446 3119 1488 3161 111
1519 3133 1599 3161 usu
1633 3118 1756 3160 Globi
1788 3123 1830 3160 et
1851 3118 1959 3160 Geo-

242 3193 415 3234 metriae
455 3193 725 3235 theorematis
767 3194 1100 3245 demonstandis,
1143 3195 1182 3235 in
1224 3194 1327 3235 artis
1370 3194 1620 3236 Heraldicae
1661 3206 1708 3235 ac
1753 3194 1953 3235 historiae
