2164 3535
207 154 289 195 234
743 153 1020 197 Heranbildung
1045 153 1109 188 der
1134 153 1274 188 Lehrer
1301 155 1398 190 1700.

205 562 537 636 Repetition
567 563 665 616 der
692 563 1296 619 Humanitatsstudien
1326 565 1385 618 in
1416 566 1515 620 der
1548 566 1934 621 bohmischen

942 669 1201 723 ProvinZ.

468 780 586 824 (Geh.
614 780 886 817 staatsarehiv
912 792 959 817 zu
984 782 1112 828 wien,
1139 782 1281 820 Geistl.
1308 783 1454 819 Archiv
1480 783 1551 819 No.
1570 783 1681 827 4⁶23.)

297 895 426 930 Dieser
458 896 582 931 Erlass
621 897 701 932 fallt
740 897 776 932 in
816 897 873 932 die
906 897 987 932 Zeit
1024 908 1091 932 von
1126 899 1382 944 1699—1703‚
1421 900 1484 934 der
1524 899 1742 934 Amtsdauer
1780 899 1843 934 des

753 955 977 991 Provinzials
1003 956 1109 991 Ferd.
1138 957 1390 994 Waldhauser.

261 1240 547 1282 Instructio
591 1254 681 1294 pro
721 1241 805 1293 iis,
852 1242 935 1296 qui
981 1242 1221 1285 absoluta
1261 1243 1592 1297 Philosophia
1635 1247 1877 1298 repetunt

903 1324 1230 1367 Humaniora.

342 1438 422 1479 Per
444 1439 507 1480 III
540 1438 827 1482 hebdomadas
859 1440 1018 1493 primas
1042 1441 1346 1494 praelegantur
1366 1446 1594 1496 praecepta
1618 1442 1932 1485 Grammaticae

202 1516 245 1554 et
277 1513 412 1555 nostri
443 1517 721 1557 exerceantur
751 1516 793 1557 in
825 1516 934 1570 stylo
968 1516 1211 1571 epistolari,
1245 1516 1620 1572 descriptionibus,
1653 1518 1933 1572 inscriptioni-

204 1588 355 1631 busve:
399 1589 439 1630 in
474 1589 700 1632 verborum
735 1590 990 1644 originibus,
1023 1591 1065 1633 in
1098 1591 1297 1635 thematis
1331 1593 1636 1646 investigandis
1669 1596 1712 1635 et
1741 1593 1932 1636 formulis

202 1663 402 1716 loquendi
445 1664 615 1718 Latine,
667 1666 895 1719 legantque
936 1667 1067 1710 libros
1112 1667 1166 1709 ad
1207 1667 1319 1710 hunc
1360 1667 1484 1710 finem
1531 1668 1825 1711 conducentes.
1879 1694 1928 1699 —

203 1734 380 1781 Duabus
413 1741 690 1793 sequentibus
722 1741 998 1784 hebdomadis
1031 1742 1265 1785 doceantur
1296 1747 1526 1797 praecepta
1555 1749 1730 1797 poeseos
1762 1745 1804 1786 et
1830 1743 1932 1798 quid

201 1814 255 1856 ad
287 1818 422 1857 artem
446 1817 664 1859 metricam
696 1817 922 1873 pertineat,
954 1830 1029 1860 nec
1053 1818 1168 1860 aliud
1194 1822 1365 1872 praeter
1385 1831 1534 1861 versus
1557 1819 1741 1862 cuiusvis
1765 1820 1930 1873 generis

201 1889 401 1931 scribant.
442 1891 619 1945 Reliquo
643 1895 834 1945 tempore
857 1892 1068 1935 rhetorica
1090 1894 1323 1948 explicetur
1346 1897 1388 1936 et
1409 1895 1543 1937 nostri
1565 1894 1749 1937 formare
1771 1895 1929 1950 stylum

202 1966 433 2007 oratorium
476 1966 689 2021 incipiant.
758 1969 807 2011 In
850 1969 1023 2012 Graecis
1061 1969 1151 2024 pari
1192 1970 1354 2011 ratione
1394 1970 1724 2023 progrediantur
1763 1971 1843 2026 ita,
1884 1974 1932 2013 ut

202 2040 302 2081 dum
344 2040 642 2085 Grammaticis
682 2044 876 2098 student,
918 2045 1153 2088 doceantur
1191 2045 1284 2099 illa,
1329 2058 1437 2098 quac
1476 2058 1552 2099 pro
1595 2045 1748 2088 scholis
1780 2045 1930 2088 Gram-

202 2116 382 2159 maticae
424 2118 637 2161 docendae
671 2120 730 2173 (a)
764 2121 1030 2173 praescripta
1071 2122 1189 2170 sunt,
1229 2124 1271 2162 et
1310 2120 1367 2162 sic
1408 2120 1459 2162 de
1491 2121 1664 2175 poeticis
1697 2123 1741 2163 et
1770 2121 1927 2163 rhetor.

204 2191 438 2247 Authores,
481 2207 587 2247 quos
628 2195 820 2248 magistri
861 2196 948 2238 suis
989 2196 1031 2237 in
1074 2195 1226 2238 scholis
1267 2196 1495 2252 explicant,
1537 2196 1786 2250 praelegant
1825 2196 1930 2238 hora

204 2267 445 2310 scholarum
479 2273 718 2322 repetentes
752 2272 984 2313 secundum
1017 2271 1226 2326 ordinem,
1267 2271 1465 2314 audiente
1502 2271 1780 2321 instructore,
1822 2274 1864 2313 et
1894 2272 1928 2313 si

202 2342 303 2395 quid
343 2344 482 2386 minus
526 2348 639 2387 recte
680 2346 734 2387 ad
776 2350 969 2389 nostrum
1021 2347 1192 2389 modum
1241 2346 1417 2389 docendi
1467 2346 1760 2401 exposuerint,
1802 2347 1929 2389 corri-

201 2422 336 2471 gente.
374 2445 422 2448 —
457 2419 615 2462 Thema
647 2421 859 2475 Latinum,
895 2422 948 2464 ab
980 2422 1127 2465 eodem
1158 2423 1417 2464 instructore
1449 2423 1713 2475 assignatum
1745 2421 1928 2464 reddant

201 2493 404 2547 quotidie,
437 2494 644 2538 Graecum
679 2497 829 2539 saltem
862 2497 925 2539 bis
957 2511 1033 2552 per
1064 2497 1386 2540 hebdomadam.
1414 2523 1463 2527 ——
1490 2497 1677 2540 Sabbato
1708 2510 1928 2540 exercean-

201 2571 273 2611 tur
313 2569 354 2611 in
396 2571 532 2612 forma
573 2574 615 2613 et
656 2572 819 2615 ratione
860 2573 1035 2615 docendi
1077 2573 1195 2615 iuxta
1236 2586 1426 2615 normam
1468 2576 1510 2615 et
1549 2573 1718 2625 regulas
1751 2572 1926 2615 rationis

201 2644 441 2687 studiorum
494 2646 621 2699 idque
673 2660 748 2700 per
802 2660 946 2690 omnes
1005 2648 1170 2691 scholas
1228 2648 1489 2690 observando
1546 2647 1717 2689 modum
1776 2647 1926 2701 cuique

202 2720 369 2763 scholae
408 2722 791 2764 accommodatum:
831 2723 1074 2777 faciantque
1111 2724 1265 2777 singuli
1307 2736 1438 2765 unum
1480 2723 1542 2765 vel
1586 2723 1767 2765 alterum
1800 2735 1925 2775 argu-

202 2799 389 2838 mentum
422 2809 497 2850 pro
531 2797 707 2850 singulis
740 2799 892 2841 scholis
924 2813 961 2841 v.
986 2812 1023 2852 g.
1059 2800 1141 2842 duo
1174 2802 1249 2841 aut
1280 2799 1363 2841 tria
1384 2811 1461 2851 pro
1482 2798 1712 2853 principiis,
1746 2797 1923 2840 totidem

202 2883 278 2924 pro
302 2871 603 2928 Grammatica,
636 2872 824 2927 Syntaxi,
858 2875 978 2917 Po‘esi
1012 2875 1052 2916 in
1084 2875 1219 2928 iisque
1251 2874 1511 2923 attendatur,
1543 2877 1592 2916 ut
1623 2873 1707 2916 sint
1735 2873 1925 2915 themata

202 2958 284 2988 non
323 2947 506 3000 ludicra,
547 2948 632 2989 sint
665 2948 939 2991 accomodata
970 2950 1022 2991 ad
1056 2952 1283 3003 praecepta
1315 2948 1519 3001 cuiusque
1550 2948 1718 2991 scholae
1749 2948 1803 2990 ad
1834 2948 1924 2989 imi-

202 3022 405 3063 tationem
430 3022 655 3067 Ciceronis,
688 3024 759 3076 qui
792 3024 833 3065 in
865 3024 938 3066 illa
969 3024 1112 3066 schola
1143 3024 1310 3076 legitur.
1365 3023 1420 3065 Et
1451 3023 1605 3076 singuli
1628 3023 1923 3077 paradigmata

205 3109 282 3138 sua
320 3097 567 3140 instructori
612 3098 847 3141 exhibeant.
911 3099 1128 3142 Absolutis
1161 3098 1458 3142 Grammaticis
1491 3099 1737 3153 obsignetur
1767 3098 1846 3140 illis
1880 3098 1920 3140 in
