2164 3535
292 264 346 304 46
813 260 1032 305 Bamberger
1056 259 1319 303 Lektionsplan
1349 259 1507 303 1742743.

294 401 474 443 selectae
508 405 550 442 et
581 400 651 443 Or.
686 401 886 443 Isocratis
918 400 971 442 ad
1003 399 1228 442 Nicoclem.
1279 425 1328 430 -
1379 403 1416 443 9.
1451 401 1748 443 Institutiones
1781 401 2020 444 Historicae

293 475 344 518 de
377 475 483 518 Vitis
516 479 558 518 et
589 475 731 518 Rebus
767 475 932 529 [gestis]
965 476 1277 529 Imperatorum
1310 489 1386 530 per
1418 475 1576 518 XVIII.
1607 475 1786 519 Saecula
1817 477 2023 533 digestae,

292 564 386 594 cum
425 551 644 605 Principiis
677 552 792 594 Artis
825 550 1087 594 Heraldicae.
1126 576 1175 581 —
1214 554 1277 594 10.
1313 552 1469 594 Canisii
1503 551 1796 594 Catechismus
1830 552 2022 595 Latinus.

815 704 859 743 ln
893 714 1121 756 suprema
1154 703 1503 745 GrammatIca.

434 798 467 836 1.
518 794 805 836 Emmanuelis
847 793 1043 848 Syntaxis
1087 807 1183 836 cum
1225 796 1540 849 Appendicibus
1584 796 1699 838 tertii
1742 795 1919 848 generis.
1970 820 2020 826 —

294 874 331 912 2.
365 871 419 912 M.
454 870 498 911 T.
533 869 744 911 Ciceronis
776 869 993 923 Epistolae
1025 874 1067 911 et
1100 870 1203 912 Cato
1237 871 1386 924 Major.
1444 896 1493 900 ——
1549 873 1585 912 3.
1620 871 1825 913 Prosodia
1856 870 2020 913 Latina.

295 970 345 976 —
379 948 416 987 4.
453 945 590 986 Ovidii
631 945 681 987 de
712 945 847 987 Ponto
890 945 959 987 lib.
1001 948 1012 986 l
1052 949 1094 986 et
1129 946 1364 987 Fastorum.
1432 972 1473 975 ψ
1545 947 1581 988 5.
1617 946 1780 999 Virgilii
1815 945 2022 988 Aeneidos

293 1021 360 1063 lib.
385 1024 417 1062 l.
445 1045 493 1050 —
519 1024 555 1062 ὕ.
591 1020 780 1063 Gretseri
803 1020 1091 1062 Grammatica
1113 1020 1288 1062 Graeca.
1316 1046 1364 1050 —
1392 1024 1428 1062 7.
1464 1022 1757 1064 Institutiones
1780 1022 2017 1064 Historicae

292 1096 343 1138 de
375 1100 560 1149 quatuor
591 1096 866 1146 Monarchiis,
900 1097 1190 1149 Assyriorum,
1222 1096 1468 1147 Persarum,
1502 1097 1762 1140 Graecorum
1795 1101 1837 1139 et
1868 1098 2020 1139 Roma-

292 1184 463 1227 norum,
507 1184 590 1213 una
632 1184 724 1213 cum
760 1171 1076 1213 Introduction(¹
1120 1172 1158 1213 in
1192 1173 1505 1227 (rieographiam
1545 1176 1586 1214 et
1628 1173 1742 1215 brevi
1787 1172 2017 1226 appendice

294 1247 368 1289 Rei
402 1247 683 1288 Nummariae.
722 1272 770 1277 ——
806 1251 843 1289 8.
879 1246 1033 1289 Canisii
1067 1247 1358 1289 Catechismns
1392 1248 1570 1290 Latinus
1602 1248 1787 1304 [minorj.

841 1411 884 1452 ln
925 1412 1085 1453 media
1125 1410 1471 1453 Grammatica.

435 1505 468 1544 1.
504 1502 791 1545 Emmanuelis
824 1504 1113 1545 Grammatica
1152 1516 1245 1545 cum
1280 1503 1625 1545 Institutionibus
1665 1501 2017 1556 orthographicis.

297 1603 345 1608 —
382 1580 418 1619 2.
453 1578 649 1631 Syntaxis
672 1578 860 1631 ejusdem
885 1591 979 1620 cum
1001 1578 1316 1632 Appendicilius
1349 1580 1386 1622 3.
1422 1579 1611 1620 (iteneris.
1648 1603 1696 1608 —-
1732 1580 1769 1619 3.
1805 1577 2016 1620 Ciceronis

297 1654 510 1707 Epistolae
548 1654 599 1695 ad
636 1654 901 1703 FamiliareS,
944 1654 1012 1695 lib.
1051 1656 1115 1694 11.
1183 1678 1231 1683 -
1294 1656 1332 1695 4.
1368 1654 1504 1695 ovidii
1545 1654 1613 1695 lib.
1654 1657 1667 1695 l
1705 1654 1920 1695 Tristium.
1965 1677 2015 1683 —-

294 1732 332 1770 ἴ).
366 1728 554 1771 Gretseri
578 1730 832 1771 Rudimenta
855 1730 1017 1771 Graeca
1047 1741 1139 1769 cnm
1165 1729 1302 1770 verbis
1329 1728 1366 1769 in
1387 1745 1443 1784 μι.
1469 1754 1524 1757 —
1547 1732 1584 1769 (5.
1620 1729 1781 1770 Notitia
1803 1729 2017 1771 Historica

294 1804 396 1846 Novi
431 1805 702 1847 Testamenta
735 1818 829 1846 cum
862 1804 1076 1846 succincta
1111 1804 1399 1857 Explicationo
1432 1804 1733 1846 vocabulorum
1767 1805 1806 1845 in
1832 1804 2017 1846 Chrono-

294 1880 402 1932 logia
435 1882 759 1922 occurrentium.
794 1906 849 1909 —
882 1883 917 1921 7.
953 1880 1109 1922 Canisii
1143 1880 1436 1923 Catechismus
1470 1880 1663 1921 Latinus.

833 2032 878 2072 ln
918 2031 1090 2073 Infima
1130 2030 1480 2073 Grammatica.

437 2127 469 2166 1.
504 2124 797 2166 institutiones
820 2124 1132 2166 (irammaticae
1161 2128 1202 2166 et
1225 2124 1589 2177 ortliographicae.
1626 2150 1677 2154 —
1712 2126 1749 2166 2.
1783 2125 2016 2178 Praecepta

294 2199 483 2241 faciliora
514 2200 747 2252 Syntaxeos
783 2199 1081 2241 Emmanuelis.
1137 2224 1185 2228 -
1241 2201 1277 2240 3.
1314 2200 1526 2241 Ciceronis
1562 2200 1776 2253 Epistolae
1809 2213 1856 2242 ex
1890 2200 2017 2242 variis

295 2274 413 2316 libris
455 2275 645 2317 selectae.
712 2301 761 2305 ψ
825 2277 861 2315 4.
901 2274 1155 2316 Rudimenta
1197 2277 1360 2317 Graeca
1403 2274 1605 2317 Gretseri.
1674 2300 1718 2304 —-
1783 2277 1819 2317 5.
1854 2276 2018 2317 Notitia

296 2350 508 2392 Historica
542 2351 693 2392 veteris
726 2350 996 2391 'l‘estamenti
1034 2374 1082 2379 —
1119 2354 1157 2390 (5.
1193 2351 1346 2392 Canisii
1381 2351 1670 2393 Catechismus
1703 2351 1894 2392 Latinus.

300 2712 785 2785 Lektionsplan
831 2713 941 2766 der
981 2712 1749 2784 «Iesuiten—Gymnasien
1798 2714 1860 2766 in
1905 2712 2018 2766 der

664 2817 1099 2872 bohmisehen
1145 2817 1427 2871 Provinz
1487 2818 1650 2870 1753.

368 2934 691 2977 (Einblattdruck
719 2933 769 2968 ini
796 2933 893 2969 Geli.
920 2934 1164 2970 Staatsarch.
1190 2944 1235 2968 zu
1263 2934 1387 2979 wien,
1415 2933 1557 2969 Greistl.
1584 2933 1730 2968 Archiv
1756 2933 1825 2969 No.
1852 2933 1954 2977 451.)

438 3051 497 3091 Im
530 3050 661 3091 Jahrc
701 3052 804 3091 1852
838 3049 928 3091 liel's
962 3049 1027 3091 die
1060 3050 1253 3091 Kaiserin
1287 3050 1422 3091 Maria
1443 3049 1641 3091 Theresia
1672 3050 1762 3091 eine
1796 3050 2014 3092 »Instruk-

298 3126 385 3167 tion
428 3139 569 3178 wegen
613 3127 828 3178 klini‘tiger
871 3126 1150 3178 Einrichtung
1189 3126 1264 3167 ‹lor
1304 3124 1661 3166 humanistischen
1709 3124 1793 3166 und
1834 3124 2015 3177 philoso-

299 3201 496 3255 phischen
530 3200 732 3242 Studien«
776 3200 1135 3249 verijflentlichen,
1167 3200 1273 3242 nach
1314 3200 1489 3242 weleher
1530 3200 1616 3241 sich
1657 3200 1721 3241 die
1760 3200 2014 3253 Gymnasien
