2164 3535
635 219 977 256 Niederrheinische
1002 216 1306 253 Klassenbucher.
1779 218 1829 258 51

247 369 282 407 (5.
332 366 380 408 R.
404 367 449 409 P-
472 365 622 408 Jacobi
653 364 792 417 Bayer
824 362 864 404 S.
889 362 928 404 J.
963 358 1300 413 compendiariae
1330 356 1616 399 institutiones
1646 356 1834 398 Graecae

108 440 420 483 Grammaticae
453 439 640 495 (einschl.
674 438 712 479 d.
747 437 929 491 Konjug.
963 448 1044 478 von
1078 434 1233 486 τύπτω)
1266 446 1304 486 p.
1330 431 1570 474 356—387.

248 518 284 557 7.
331 517 522 569 Zweyter
553 513 669 556 Theil
702 512 778 554 der
808 510 1140 553 Rechen-Kunst
1172 507 1375 561 (Bruche)
1409 520 1447 561 p.
1472 508 1712 550 388—406.

246 593 284 632 8.
330 591 378 632 R.
402 590 447 632 P.
473 589 628 631 Canisii
651 587 692 629 S.
712 588 752 628 J.
775 586 975 637 Theologi
994 584 1286 627 Catechismus
1310 582 1464 625 additis
1487 595 1534 624 ex
1555 582 1595 624 S.
1615 582 1837 635 Scriptura

108 670 151 707 et
182 664 259 706 SS.
297 665 380 705 ΡΡ.
415 664 524 705 notis
556 663 811 704 illustratus.
859 660 978 702 IHS.
1021 660 1126 701 Cum
1158 659 1294 713 privil.
1328 660 1370 700 et
1400 657 1478 701 fac.
1512 670 1604 711 sup.
1640 656 1837 699 Coloniae

107 740 233 794 Typis
266 738 495 781 Christiani
526 735 925 779 Rommerskirchen
959 767 967 774 .
1003 766 1010 774 .
1049 736 1173 784 1760,
1205 735 1267 777 8⁰.
1301 746 1368 787 pp.
1394 735 1461 775 24.

625 1003 672 1046 C.
725 1001 1054 1047 Grammatica
1084 1011 1326 1056 suprema.

248 1107 689 1150 *Praelectiones
719 1110 723 1156 Ι
752 1105 1130 1147 Scholasticae
1157 1106 1162 1155 l
1190 1104 1288 1145 Pro
1316 1106 1321 1156 1
1351 1103 1605 1158 Suprema
1632 1107 1636 1156 Ι
1665 1103 1839 1147 Gram-

110 1185 330 1226 matices
357 1183 361 1227 1
388 1182 573 1225 Classe
596 1181 599 1225 ἱ
623 1181 827 1223 Faciliore
844 1179 848 1224 1
865 1181 1004 1234 Atque
1026 1179 1279 1221 Amoeniore
1311 1179 1511 1221 Methodo
1534 1180 1537 1222 l
1560 1179 1805 1222 Adornatae
1833 1181 1836 1224 Ι

111 1260 150 1301 in
192 1271 317 1302 usum
359 1257 689 1312 Gymnasiorum
731 1255 770 1298 S.
808 1256 848 1298 J.
892 1255 946 1297 ad
986 1255 1181 1297 Rhenum
1221 1254 1481 1296 Inferiorem.
1536 1255 1660 1297 IHS.
1732 1256 1839 1299 Cum

110 1334 219 1376 Priv.
262 1338 305 1376 et
346 1334 442 1375 Fac.
476 1332 575 1385 Sup.
639 1331 837 1373 Coloniae
880 1330 993 1384 apud
1034 1330 1260 1383 Hilgerum
1300 1330 1561 1382 Hamecher,
1603 1334 1646 1372 et
1678 1331 1839 1375 Ludov.

113 1408 288 1464 Schorn,
322 1410 447 1460 1761,
480 1408 542 1449 8⁰.
575 1420 644 1460 pp.
669 1408 769 1457 518;
803 1408 869 1447 24.

252 1487 286 1525 1.
335 1482 532 1537 Syntaxis
564 1482 700 1523 Enim.
735 1481 878 1523 Alvari
910 1481 1028 1523 novis
1061 1481 1173 1523 curis
1205 1481 1422 1524 illustrata
1453 1495 1493 1536 p.
1519 1484 1702 1525 6-104.

250 1561 286 1600 2.
334 1559 397 1600 De
418 1558 770 1611 interpretatione
791 1558 1020 1600 vernacula
1049 1558 1271 1611 (deutsche
1295 1558 1504 1612 Sprachl.)
1538 1573 1578 1613 p.
1602 1560 1840 1602 104—134.

250 1635 287 1676 3.
336 1634 398 1675 De
431 1634 593 1675 ratione
620 1633 831 1675 scribendi
853 1632 1083 1675 faciliorem
1106 1634 1327 1687 epistolam
1352 1633 1662 1691 Germanicam,
1695 1648 1732 1689 p.
1762 1637 1842 1678 134

116 1711 267 1751 —140.

250 1787 288 1825 4.
335 1784 632 1825 Praelusiones
679 1784 732 1825 ad
779 1785 923 1826 stilum
975 1785 1063 1826 sive
1112 1784 1164 1826 de
1217 1784 1411 1826 dictionis
1450 1786 1628 1828 Latinae
1672 1786 1842 1829 dotibus

113 1859 237 1913 (nach
279 1858 354 1900 der
393 1858 808 1911 Alvarez—Ausgabe
857 1859 929 1901 des
971 1859 1016 1900 P.
1060 1860 1300 1911 Iuvencius)
1348 1874 1386 1913 p.
1426 1861 1684 1913 140-195ς
1733 1862 1843 1904 dazu

113 1934 334 1988 Appendix
370 1937 387 1976 1
432 1934 690 1987 philologica
732 1934 782 1976 de
819 1934 1021 1976 Kalendis
1055 1935 1367 1978 Romanorum:
1414 1936 1520 1990 App.
1555 1938 1579 1978 2
1622 1937 1672 1979 de
1713 1938 1844 1991 magi-

112 2010 318 2051 stratibus
349 2011 637 2051 Romanorum
668 2024 707 2063 p.
733 2011 971 2053 195—208.

253 2086 289 2127 5.
339 2085 633 2128 Institutiones
656 2086 857 2127 metricae
878 2099 917 2139 p.
939 2086 1188 2138 209—2763
1224 2086 1333 2128 dazu
1355 2086 1593 2139 Appendix:
1627 2087 1842 2130 Historiae

114 2161 312 2202 Poeticae
343 2161 524 2213 epitome
558 2160 771 2214 (Mythol.)
805 2174 854 2203 ex
886 2161 928 2204 P.
964 2162 1161 2204 Iuvencio
1194 2176 1233 2216 p.
1258 2164 1499 2204 277—306.

255 2238 291 2276 6.
340 2236 574 2277 Auctorum
617 2236 853 2289 explicatio.
923 2237 1140 2290 Epistolae
1183 2238 1444 2280 amoeniores
1484 2238 1608 2280 Plinii
1650 2243 1692 2281 et
1730 2239 1845 2281 Cice-

116 2311 249 2361 ronis3
294 2311 394 2352 Loci
436 2311 689 2354 illustriores
723 2326 772 2354 ex
805 2313 1026 2365 Cicerone,
1061 2313 1314 2364 Columella,
1357 2317 1399 2355 et
1433 2314 1598 2364 Curtio;
1641 2315 1844 2368 Exempla

116 2399 267 2439 prosae
298 2387 455 2439 ligatae
487 2400 534 2429 ex
568 2387 732 2437 Ovidio,
765 2388 1005 2440 Hoschio¹),
1038 2389 1225 2431 Masenio
1240 2388 1272 2441 2)
1307 2389 1498 2442 aliisque,
1538 2402 1576 2442 p.
1601 2390 1842 2430 307—447.

258 2573 284 2615 1)
313 2570 501 2606 Sidronius
519 2571 721 2607 Hosschius
749 2573 782 2607 S.
798 2573 832 2606 J.
859 2573 915 2618 (de
935 2573 1112 2617 Hossche)
1139 2573 1239 2608 einer
1265 2573 1329 2608 der
1354 2573 1480 2608 besten
1506 2574 1640 2608 neulat.
1660 2574 1844 2618 Elegiker,

117 2629 318 2671 (Merckem
346 2629 382 2662 in
402 2629 632 2664 Ostflandern
662 2633 759 2675 1596,
790 2634 887 2666 1616.
918 2632 1016 2676 1653)
1044 2631 1187 2665 schrieb
1213 2643 1246 2666 u.
1274 2642 1304 2666 a.
1333 2632 1483 2676 Elegiae
1511 2632 1607 2675 (XII)
1634 2632 1676 2666 de
1702 2631 1843 2666 Christo

117 2687 290 2731 patiente,
316 2686 474 2721 Bruxell.
506 2690 603 2732 1649,
630 2689 684 2722 40.
711 2691 756 2723 36
774 2682 811 2732 p.
836 2710 876 2714 -—
904 2688 1189 2732 Gesammtausg.
1217 2689 1281 2724 der
1298 2689 1466 2733 Elegien:
1496 2690 1653 2724 Sidi-onii
1672 2690 1844 2724 Hosschii

119 2755 137 2779 e
165 2744 199 2779 S.
226 2744 260 2779 J.
287 2744 499 2788 Elegiarum
525 2745 607 2780 libri
635 2746 683 2780 VI
712 2774 718 2781 .
746 2774 752 2781 .
781 2747 954 2790 Antverp.
988 2749 1087 2782 1656.

255 2814 284 2858 2)
309 2814 424 2849 Jacob
455 2814 584 2850 Masen
619 2815 652 2850 S.
679 2815 713 2850 J.
749 2815 1105 2859 (Daelhem-Julich
1134 2819 1238 2862 1606,
1276 2819 1381 2861 1629,
1419 2818 1525 2860 1681)
1560 2816 1731 2851 verfasste
1766 2817 1845 2851 Pa-

118 2873 292 2907 laestra
325 2872 541 2907 Oratoria
574 2873 842 2918 Praeceptis
890 2878 931 2908 et
963 2873 1196 2919 Exemplis
1231 2874 1439 2909 Veterum
1477 2874 1744 2909 lectissimis
1782 2875 1846 2909 in-

119 2935 306 2964 structa.
357 2930 526 2965 Coloniae
556 2934 660 2976 1659,
695 2933 750 2966 80.
779 2934 866 2967 1062
892 2943 944 2976 p.‚
971 2931 1135 2967 mehrere
1162 2931 1353 2976 Auflagen.
1403 2933 1455 2966 Er
1480 2933 1621 2968 schrieb
1649 2933 1741 2967 auch
1768 2934 1846 2968 eine

120 2988 266 3023 Poetik:
307 2987 497 3023 Palaestra
522 2988 763 3033 Eloquentiae
789 2990 942 3034 Ligatae
969 2990 1139 3025 Coloniae
1168 2991 1266 3035 1657,
1298 2993 1319 3026 3
1346 2990 1412 3024 vol.
1462 2990 1514 3024 Im
1546 2991 1696 3025 zweiten
1721 2990 1846 3025 Bande

120 3045 268 3080 Masens
296 3046 466 3091 Sareofis,
493 3047 627 3082 welche
653 3047 785 3082 Milton
810 3059 874 3082 zur
899 3048 1056 3092 Vorlage
1083 3048 1229 3092 gedient
1253 3048 1372 3083 haben
1396 3048 1511 3093 sollte,
1539 3048 1611 3082 und
1638 3048 1685 3081 ini
1713 3048 1847 3083 dritten

121 3103 246 3138 Bande
280 3103 427 3139 Masens
459 3104 635 3139 Dramen:
673 3105 875 3150 Josaphat‚
913 3105 1067 3151 Ollaria,
1108 3106 1279 3141 Rusticus
1316 3107 1518 3152 imperans,
1557 3106 1692 3140 Bacchi
1725 3106 1848 3140 schola

123 3171 258 3207 eversa,
284 3161 492 3207 Mauritius,
520 3163 781 3209 Androphssus,
807 3163 1006 3198 Telesbius.
1049 3163 1176 3199 Masen
1204 3164 1251 3199 ist
1269 3165 1362 3199 auch
1381 3164 1434 3200 als
1451 3164 1660 3199 Histoi-ikei·
1678 3164 1847 3199 bekannt.

1574 3235 1618 3267 4*
