2164 3535
507 219 609 254 Neue
637 217 999 261 Studienvorschlage
1025 216 1089 252 der
1113 217 1310 253 deutschen
1334 218 1488 253 Provinz
1515 222 1612 254 1830.
1837 223 1915 264 431

204 359 391 412 praemia
422 359 599 412 proponi
630 359 785 401 nostris
817 359 858 400 in
893 358 1132 411 regionibus
1165 358 1342 414 soleant,
1374 370 1455 400 non
1487 358 1635 400 inutile
1664 357 1773 400 foret
1794 359 1922 400 etiam

204 447 279 487 pro
311 434 375 476 his
408 435 521 487 leges
553 435 827 485 constituere,
861 434 1056 475 nimirum
1088 437 1137 475 ut
1167 434 1345 487 sciatur,
1379 437 1521 475 utrum
1554 433 1710 486 scripto
1745 445 1797 474 an
1828 434 1921 475 viva

205 522 304 551 voce
342 509 414 550 illa
456 509 649 550 examina
690 509 913 550 instituere
952 508 1168 563 expediat,
1209 508 1249 550 in
1283 509 1374 550 aliis
1407 508 1514 550 enim
1549 507 1742 561 Collegijs
1774 520 1924 561 propo—

204 587 364 624 nuntur
406 583 596 623 examina
640 582 796 635 scripto
839 583 1051 624 exaranda
1094 583 1269 635 singulis
1300 583 1515 625 mensibus
1549 582 1601 624 de
1632 583 1808 635 singulis
1840 595 1926 624 ma-

205 658 342 709 teriis,
382 658 423 698 in
467 657 558 698 aliis
603 669 700 698 vero
746 657 946 699 lectiones
990 657 1084 698 viva
1116 670 1215 699 voce
1248 658 1451 699 recitatae
1482 658 1522 698 in
1557 658 1760 699 rationem
1795 657 1926 699 addu-

206 736 380 783 cuntur,
414 736 456 773 et
487 731 656 785 quidem
691 731 772 773 hae
803 735 929 773 notae
961 744 1036 785 per
1067 745 1222 773 annum
1255 733 1486 785 acquisitae
1518 733 1558 774 in
1591 733 1800 785 aliquibus
1834 732 1925 774 Col-

205 807 323 860 legiis
356 806 585 856 dimidiam,
618 806 659 847 in
692 806 784 847 aliis
817 806 984 848 tertiam
1019 810 1183 859 partem
1215 810 1412 848 notarum
1435 807 1701 849 constituunt
1721 808 1921 850 examinis

205 882 245 923 in
278 881 359 923 fine
391 882 488 923 anni
520 881 738 923 subeundi.

344 957 413 998 Ad
446 969 543 1009 reg.
569 958 592 997 9
627 981 677 985 —
710 957 795 998 fin.
860 957 1038 998 Decreto
1070 955 1295 1010 Gubernii,
1338 957 1457 1010 cujus
1490 956 1776 999 munificentia
1806 970 1927 1011 prae-

205 1032 289 1073 mia
333 1031 668 1084 distribuuntur,
710 1034 919 1073 statutum
953 1035 1036 1086 est,
1077 1034 1126 1073 ut
1156 1032 1345 1085 praemia
1376 1032 1573 1085 praemiis
1607 1032 1812 1073 cumulari
1843 1045 1923 1074 non

205 1107 378 1160 possint.
441 1106 563 1149 Unde
596 1107 805 1160 quamvis,
838 1107 910 1160 (1111
940 1107 1121 1162 primus,
1154 1107 1314 1160 primus
1348 1107 1477 1149 etiam
1508 1107 1766 1161 nominetur,
1809 1120 1928 1160 prae-

205 1182 334 1223 mium
375 1185 515 1223 tamen
563 1181 717 1223 transit
749 1181 801 1223 ad
833 1182 1023 1235 proxime
1055 1185 1323 1235 sequentem,
1366 1183 1437 1235 qui
1470 1182 1559 1236 ipse
1590 1182 1826 1236 praemium
1857 1182 1929 1224 ali-

206 1256 320 1310 quod
366 1269 446 1298 non
503 1256 719 1309 receperit.
792 1257 985 1298 Praemio
1038 1270 1289 1311 progressus
1343 1258 1471 1299 annui
1526 1258 1781 1311 conjungere
1831 1257 1930 1299 licet

207 1332 387 1373 alterum
419 1331 673 1385 praemium,
716 1332 911 1373 similiter
942 1336 984 1373 et
1013 1333 1250 1385 praemium
1282 1345 1332 1374 ex
1363 1332 1516 1374 litteris
1559 1333 1743 1385 graecis,
1785 1332 1929 1374 haere-

207 1406 374 1454 ditario„
407 1410 456 1448 ut
486 1407 604 1460 ajunt
614 1439 625 1461 ,
652 1407 749 1459 jure
780 1419 863 1448 non
894 1407 1050 1448 transit
1082 1407 1135 1448 ad
1167 1407 1314 1457 alium;
1356 1408 1508 1460 accipit
1539 1407 1611 1460 qui
1642 1407 1818 1449 meritus
1850 1411 1926 1450 est.

347 1483 414 1524 Ad
448 1495 545 1535 reg.
584 1484 646 1524 12.
709 1482 826 1524 Solet
856 1482 897 1523 in
929 1483 1143 1536 plerisque
1166 1482 1361 1535 Collegiis
1394 1482 1678 1535 praemiorum
1710 1482 1928 1535 catalogus

207 1559 319 1612 typis
357 1557 548 1599 mandari
590 1569 637 1598 ac
669 1557 877 1599 distribui.
941 1557 1045 1599 Cum
1078 1557 1244 1598 nomine
1277 1557 1447 1598 victoris
1481 1557 1750 1610 conjungitur
1780 1557 1822 1598 in
1855 1557 1928 1598 ali-

209 1633 361 1686 quibus
400 1633 594 1686 Collegiis
635 1633 838 1686 elogium,
887 1633 998 1685 quod
1047 1633 1302 1686 quandoque
1348 1633 1555 1674 insulsum
1595 1632 1727 1674 videri
1773 1636 1927 1687 potest,

208 1720 288 1750 non
329 1709 464 1750 solum
502 1708 603 1761 quia
643 1708 831 1749 encomia
870 1708 991 1749 condi
1030 1708 1186 1750 debent
1223 1709 1264 1750 in
1306 1709 1484 1750 materia
1524 1720 1606 1750 non
1652 1720 1748 1749 raro
1780 1708 1927 1761 sterili,

210 1783 285 1825 sed
327 1784 426 1836 quia
465 1783 620 1825 variari
652 1796 818 1836 semper
849 1783 1024 1835 debent„
1066 1788 1154 1825 tum
1188 1787 1362 1837 propter
1392 1796 1591 1835 magnam
1626 1783 1831 1825 victorum
1864 1796 1930 1825 ca-

210 1861 392 1913 tervam,
433 1862 524 1899 tum
563 1859 662 1911 quia
699 1859 915 1911 catalogus
961 1859 1086 1901 unius
1120 1860 1216 1901 anni
1250 1860 1485 1913 comparari
1518 1863 1660 1913 potest
1691 1872 1785 1901 cum
1818 1863 1930 1901 cata—

209 1933 305 1986 logo
344 1933 687 1986 praecedentium
728 1947 947 1975 annorum.
1011 1933 1233 1976 Sufficeret
1271 1936 1405 1989 enim,
1447 1937 1493 1976 ut
1536 1935 1789 1987 recitentur,
1828 1935 1930 1988 quin

210 2008 526 2062 imprimantur3
569 2009 651 2050 imo
691 2009 857 2050 illorum
900 2009 1093 2051 recitatio
1137 2010 1273 2051 omitti
1306 2012 1471 2063 posset,
1517 2011 1550 2051 si
1581 2011 1780 2052 nimirum
1811 2022 1931 2063 prae-

210 2083 390 2124 miorum
423 2084 663 2126 distributio
696 2085 983 2138 protrahatur.
1048 2085 1206 2127 Contra
1238 2086 1433 2138 spiritum
1465 2085 1589 2138 hujus
1622 2086 1794 2138 regulae
1827 2098 1929 2138 quo-

212 2169 293 2210 que
324 2162 402 2210 est,
433 2163 482 2199 ut
512 2159 799 2213 adjungantur
829 2160 1067 2202 nominibus
1090 2163 1216 2202 notae
1237 2160 1375 2203 minus
1398 2160 1665 2211 honorificae,
1697 2161 1732 2202 si
1758 2160 1929 2213 quidem

207 2233 408 2286 jubemur
447 2233 615 2275 laudem
660 2235 942 2286 merentibus7
993 2247 1076 2276 non
1115 2247 1213 2277 vero
1261 2236 1411 2278 ceteris
1458 2237 1714 2290 vituperium
1763 2235 1929 2288 publice

211 2307 410 2350 tribuere.

350 2384 398 2425 In
427 2384 620 2426 Helvetia
651 2385 865 2438 praemitti
897 2385 1006 2427 solet
1037 2385 1228 2438 catalogo
1261 2386 1545 2438 praemiorum
1577 2386 1681 2427 ordo
1714 2385 1930 2433 doctrinae

213 2459 453 2501 auditorum
487 2460 527 2500 in
560 2459 849 2513 superioribus
881 2460 1169 2515 facultatibus,
1202 2473 1310 2513 quae
1333 2460 1593 2502 consuetudo
1618 2461 1811 2502 omnibus
1833 2471 1931 2514 pro-

213 2533 312 2576 bata
344 2534 522 2576 multum
555 2535 716 2576 confert
747 2535 799 2576 ad
831 2535 1063 2577 acuendam
1095 2535 1354 2588 diligentiam
1386 2539 1429 2577 et
1459 2535 1716 2578 industriam
1747 2534 1931 2588 discipu-

211 2609 360 2650 lorum.
421 2609 679 2652 Dividuntur
721 2614 862 2652 autem
908 2611 949 2651 in
987 2610 1064 2652 hoc
1107 2611 1252 2652 ordine
1293 2610 1508 2652 auditores
1550 2611 1592 2652 in
1633 2614 1719 2652 tres
1758 2609 1928 2678 classes,

213 2696 392 2737 quarum
424 2685 558 2737 prima
590 2685 884 2738 complectitur
914 2685 985 2738 qui
1015 2684 1205 2727 fecerunt
1226 2697 1497 2738 progressum
1520 2686 1761 2737 maximum,
1794 2685 1929 2726 altera

213 2759 284 2811 qui
317 2772 528 2814 magnum,
559 2760 686 2802 tertia
718 2760 787 2813 qui
820 2760 1084 2802 mediocrem.
1145 2759 1311 2801 Petitur
1342 2762 1484 2801 autem
1516 2759 1698 2802 formula
1719 2759 1927 2813 quaedam

213 2834 459 2889 communis,
485 2835 609 2887 juxta
640 2847 766 2888 quam
798 2835 1038 2887 hujusmodi
1071 2834 1286 2887 catalogus
1320 2834 1463 2877 confici
1497 2835 1658 2877 debeat.

348 2908 464 2950 Idem
501 2909 706 2962 judicium
745 2912 833 2951 esto
872 2909 922 2950 de
965 2909 1179 2963 versibus,
1218 2909 1288 2961 qui
1332 2910 1664 2963 uuiuscujusque
1708 2909 1926 2951 victoriam

213 2982 485 3025 cohonestare
525 2983 746 3035 deberent,
785 2997 833 3026 ac
874 2985 1042 3036 elogiis,
1081 2984 1132 3025 de
1171 2985 1323 3037 quibus
1364 2997 1494 3038 supra
1532 2987 1684 3026 actum.
1747 2984 1829 3025 Res
1865 2985 1929 3024 est

213 3057 370 3099 fastidii
401 3058 524 3111 plena
554 3060 733 3102 maxime
765 3059 923 3102 attritis
949 3059 1038 3111 ι16111
1070 3058 1214 3101 labore
1245 3059 1377 3101 totius
1409 3059 1518 3101 anni.
