2164 3535
218 277 298 318 126
446 275 663 311 Geschichte
689 285 736 311 an
761 275 830 311 den
857 275 1078 321 Gymnasien
1104 275 1168 310 der
1193 276 1520 312 osterreichischen
1545 277 1709 313 Provinz.

215 413 322 458 finis.
371 440 421 446 ——
470 416 663 469 Septimii
696 416 839 458 Severi
871 416 1071 458 victoriae
1103 417 1246 468 quae?
1295 441 1344 446 -
1391 416 1564 458 Antonii
1596 417 1816 459 Commodi
1846 419 1936 460 libi-

216 490 355 547 dines,
387 494 429 533 et
459 490 580 532 bella.
618 515 667 520 ——
702 490 932 532 Antonium
965 490 1267 544 Philosophum
1300 489 1502 533 describe.
1549 516 1598 521 -—-
1645 493 1843 534 Antonini
1872 493 1935 535 Pii

215 567 350 620 pietas
382 566 423 608 in
455 566 570 620 quo?
605 590 654 595 ——
691 565 811 615 Quod
843 565 1057 618 ingenium
1089 565 1327 607 Hadriani?
1370 591 1420 595 —
1466 566 1583 616 Quae
1614 567 1789 609 Adriani
1822 580 1938 620 pere-

216 641 428 695 grinatio?
494 665 538 670 —-
605 641 812 695 TraJanus
844 653 928 693 quo
960 641 1156 693 ingenio?
1210 666 1259 670 —
1316 641 1424 691 Quid
1456 642 1498 683 in
1530 642 1693 684 Dacia?
1755 642 1864 693 Quid
1895 643 1937 684 in

217 716 421 759 Oriente?
455 741 504 746 ——
538 716 806 758 Domitianus
838 728 921 769 quo
953 716 1150 769 ingenio?
1182 716 1336 769 quibus
1368 717 1528 770 gestis?
1561 741 1612 747 —-
1649 717 1934 771 Vespasianus

216 804 381 834 avarus.
444 790 699 833 Iudaeorum
732 792 876 833 victor.
922 816 972 822 ——
1023 791 1191 833 Ottonis
1223 791 1421 834 interitus
1454 795 1497 834 et
1528 792 1682 834 Vitelii.
1728 817 1778 823 —
1823 793 1935 835 Nero

215 867 411 911 crudelis.
473 866 631 909 Christi
662 866 809 909 hostis.
874 867 1032 909 Caesus
1063 880 1089 909 a
1119 870 1263 910 semet.
1301 892 1351 897 —
1385 867 1611 910 Claudium
1643 867 1843 910 describe.
1879 892 1930 898 —-

215 942 406 985 Tiberius
438 941 670 984 simulator.
722 941 917 984 Crudelis
950 945 1026 984 cet.
1064 966 1113 972 ——
1138 943 1359 996 Augustus
1382 943 1518 996 qualis
1550 943 1591 984 in
1613 942 1848 985 Senatum?
1885 966 1931 972 —

215 1018 274 1060 Ut
304 1029 406 1071 erga
435 1016 614 1073 plebem,
646 1020 688 1059 et
718 1017 905 1059 Milites?
939 1041 989 1047 —
1022 1017 1083 1059 Ut
1112 1018 1155 1059 in
1186 1017 1367 1073 litteras,
1399 1020 1442 1059 et
1473 1017 1662 1060 amicos?

728 1190 1066 1242 Quaestiones
1105 1190 1421 1234 convolutae.

355 1283 467 1335 Quot
507 1282 710 1326 Caesares
752 1296 828 1325 suo
867 1283 954 1326 fato
997 1287 1097 1325 sunt
1138 1283 1326 1325 mortui?
1392 1284 1440 1326 R.
1472 1283 1716 1340 Augustus,
1758 1284 1934 1338 Vespas.

216 1360 347 1403 Titus.
400 1360 552 1401 Nerva.
601 1359 808 1413 TraJanus
842 1363 919 1401 cet.
957 1383 1006 1389 —
1041 1358 1120 1409 Qui
1153 1359 1341 1401 veneno?
1393 1359 1441 1400 R.
1467 1358 1671 1401 Tiberius.
1720 1359 1935 1402 Claudius.

215 1461 268 1466 -—
302 1435 379 1478 Cui
410 1434 673 1488 praedictum
706 1434 966 1487 Imperium?
1026 1434 1074 1475 R.
1110 1434 1286 1487 Vespas.
1320 1433 1604 1477 Diocletiano.
1654 1459 1703 1465 —
1759 1434 1862 1485 Quis
1893 1435 1936 1476 in

214 1511 303 1553 acie
344 1510 519 1553 cecidit?
580 1510 627 1551 R.
663 1509 854 1552 Carinus.
910 1509 1139 1563 Philippus.
1199 1509 1365 1552 Decius.
1422 1509 1534 1552 Otto.
1600 1534 1650 1539 --
1715 1509 1795 1560 Qui
1835 1510 1933 1552 boni

214 1586 457 1640 Principes?
502 1586 549 1627 R.
574 1585 793 1638 Augustus
827 1588 903 1627 cet.
941 1610 991 1615 —
1027 1585 1129 1636 Quis
1161 1588 1330 1638 turpem
1361 1597 1507 1638 pacem
1540 1584 1667 1627 fecit?
1717 1586 1765 1627 R.
1795 1585 1936 1627 Domi-

215 1663 380 1711 tianus,
425 1661 700 1712 Commodus,
732 1660 968 1716 Macrinus,
1001 1660 1161 1702 Gallus.
1227 1685 1276 1690 —-
1341 1660 1420 1711 Qui
1462 1663 1636 1714 propter
1666 1661 1937 1702 severitatem

216 1737 355 1780 caesi?
412 1736 461 1778 R.
494 1736 707 1791 Pertinax,
739 1735 979 1777 Alexander
1011 1736 1205 1790 Severus,
1238 1735 1502 1777 Maximinus.
1558 1735 1733 1777 Probus.
1770 1759 1820 1766 -
1856 1735 1937 1786 Qui

215 1813 401 1854 omnium
433 1811 605 1866 pessimi
637 1811 885 1865 Principes?
937 1812 982 1853 R.
1018 1812 1223 1867 Tiberius,
1257 1811 1461 1867 Caligula,
1494 1811 1620 1865 Nero,
1653 1810 1935 1865 Domitianus,

217 1887 486 1942 Commodus,
520 1886 750 1939 Caracalla,
783 1887 962 1942 Heliog,
994 1888 1260 1943 Maximinus,
1293 1887 1506 1929 Galienus.
1543 1911 1592 1916 —
1628 1886 1729 1937 Quis
1761 1900 1786 1928 a
1808 1887 1934 1928 Prae-

214 1963 389 2005 torianis
422 1962 616 2005 occisus?
663 1963 710 2004 R.
737 1962 942 2017 Caligula,
976 1962 1126 2015 Galbo,
1148 1962 1430 2017 Domitianus,
1454 1961 1724 2018 Commodus,
1755 1961 1935 2017 Heliog,

216 2037 453 2080 Alexander
484 2037 677 2079 Severus.

353 2113 482 2155 Nota:
514 2113 556 2153 in
589 2112 774 2154 secunda
804 2112 934 2153 libelli
956 2115 1077 2165 parte
1099 2125 1198 2166 pars
1221 2112 1293 2154 illa
1315 2112 1366 2154 de
1388 2111 1710 2165 migrationibus
1733 2112 1936 2165 gentium,

216 2188 359 2241 magni
401 2187 455 2229 ad
494 2188 777 2230 universalem
818 2188 1050 2230 Historiam
1092 2189 1315 2244 momenti,
1358 2187 1582 2241 diligenter
1621 2191 1686 2230 est
1724 2187 1937 2243 discenda,

218 2264 403 2317 exceptis
437 2264 611 2305 Francis
644 2263 815 2316 regibus
848 2263 1072 2305 Clodovaei
1106 2263 1454 2315 Successoribus,
1487 2267 1529 2306 et
1560 2262 1758 2316 Hispanis
1793 2262 1937 2305 Ostro-

217 2338 374 2392 gotthis
405 2339 582 2390 Alarici;
615 2342 657 2381 et
688 2339 977 2391 Longobardis
1011 2339 1196 2393 Alboini,
1229 2352 1335 2392 quos
1367 2339 1569 2381 memoria
1606 2343 1750 2380 tenere
1791 2349 1936 2391 opero-

216 2427 310 2457 sum
340 2428 475 2457 nimis.

758 2612 875 2653 Fur
925 2612 1023 2654 die
1073 2611 1398 2654 Rhetorik.

822 2694 1011 2739 (Wagner
1035 2704 1075 2739 p.
1094 2693 1334 2737 258—260.)

355 2780 559 2823 Themata
598 2794 647 2823 ex
686 2780 863 2823 historia
902 2782 1036 2835 petita
1077 2781 1294 2834 dignitatis
1326 2780 1546 2822 habebunt
1576 2779 1803 2833 plurimum
1837 2811 1845 2818 .
1880 2810 1889 2818 .
1924 2810 1932 2818 .

218 2856 335 2899 Varii
366 2856 468 2898 item
499 2859 737 2909 temporum
768 2860 942 2899 eventus
974 2857 1197 2898 materiam
1228 2855 1543 2910 ministrabunt,
1576 2857 1624 2896 ut
1652 2854 1685 2896 si
1708 2854 1808 2895 dum
1832 2853 1934 2896 haec

218 2931 355 2974 scribo
378 2931 661 2985 Panegyricus
694 2930 768 2973 fiat
790 2932 993 2985 Eugenio,
1025 2931 1137 2985 quod
1170 2930 1432 2984 expeditione
1464 2942 1571 2971 anno
1608 2930 1717 2971 1734
1750 2929 1803 2971 ad
1825 2929 1934 2972 Rhe—

217 3018 341 3061 num,
381 3005 483 3048 nihil
524 3006 687 3059 agendo
729 3007 958 3059 plurimum
999 3007 1143 3060 egerit.
1217 3007 1294 3048 Vel
1336 3005 1542 3048 celebrem
1592 3006 1682 3058 ejus
1731 3004 1784 3046 ad
1823 3004 1935 3048 Heil-

218 3080 424 3123 bronnam
455 3085 675 3134 receptum
706 3081 926 3125 extollam:
958 3082 1023 3124 vel
1045 3082 1202 3134 Anglos
1235 3080 1436 3123 adhorter
1467 3080 1519 3122 ad
1552 3079 1853 3133 praestandam
1884 3091 1932 3120 ex

219 3155 406 3208 foedere,
449 3155 621 3199 Caesari
661 3159 888 3209 utramque
929 3156 1130 3199 Siciliam:
1175 3156 1237 3199 vel
1279 3155 1447 3210 Mercyo
1487 3155 1541 3197 ad
1571 3155 1768 3197 Parmam
1810 3165 1931 3197 caeso

220 3229 396 3274 funebre
428 3243 596 3275 carmen
626 3242 809 3285 pangam
839 3233 917 3274 cet.
