2164 3535
718 215 927 259 Erklarung
952 214 1015 249 der
1040 215 1216 249 Antoren.
1774 217 1826 256 79

548 527 790 577 Α1111101·13
829 526 1155 593 praelegendi
1191 526 1383 574 modus,

751 630 900 675 (Krops
922 640 962 674 p.
981 630 1188 675 117—123.)

242 746 541 789 praelectionis
584 746 708 799 hujus
751 759 799 787 ex
840 758 923 797 reg.
950 747 1001 786 27
1036 745 1149 787 Com.
1194 745 1294 787 haec
1334 746 1413 788 erit
1452 746 1646 788 universe
1678 745 1827 787 forma.

104 822 291 864 Primum
322 824 455 863 totam
488 821 621 874 ipsam
654 821 875 863 lectionem
908 820 1170 861 continenter
1201 820 1404 872 Magister
1437 820 1704 873 pronunciet:
1748 820 1828 862 nisi

104 897 350 952 aliquando,
392 900 440 938 ut
470 897 510 937 in
543 896 767 938 Rhetorica
800 897 842 936 et
873 895 1169 944 Humanitate,
1211 895 1374 947 longior
1406 908 1498 937 esse
1531 896 1694 937 debeat.
1758 895 1829 938 Se—

105 972 240 1015 cundo
273 971 518 1014 brevissime
549 972 847 1023 argumentum
879 973 1062 1022 exponat
1094 972 1135 1011 et
1168 970 1479 1023 connexionem,
1512 971 1583 1012 ubi
1606 972 1686 1013 erit
1708 984 1828 1025 opus,

104 1060 198 1090 cum
238 1048 308 1101 iis,
351 1059 460 1100 quae
500 1049 827 1088 antecesserant.
892 1044 1032 1086 Tertio
1072 1057 1415 1097 unamquamque
1458 1045 1678 1097 periodum
1710 1059 1831 1099 prae—

102 1124 260 1178 legens,
292 1122 498 1176 siquidem
523 1122 672 1163 Latine
694 1121 1012 1174 interpretetur,
1036 1120 1302 1162 obscuriores
1326 1120 1534 1173 explanet,
1558 1133 1685 1162 unam
1709 1121 1830 1163 alteri

103 1201 247 1241 nectat
278 1210 326 1240 ac
359 1197 613 1240 sententiam
646 1200 745 1249 (non
778 1195 947 1249 quidem
979 1195 1122 1248 inepta
1154 1195 1415 1248 metaphrasi
1447 1195 1674 1248 unicuique
1702 1197 1829 1238 verbo

104 1274 254 1316 Latino
297 1273 476 1315 alterum
516 1272 691 1315 verbum
731 1271 929 1313 Latinum
970 1270 1206 1318 reddendo,
1249 1270 1323 1312 sed
1355 1270 1530 1312 eandem
1564 1272 1830 1323 sententiam,

102 1349 310 1403 siquidem
342 1350 394 1391 sit
427 1348 659 1403 obscurior,
693 1346 974 1401 apertioribus
1007 1345 1232 1399 phrasibus
1265 1345 1538 1398 declarando)
1572 1346 1754 1399 aperiat,
1797 1347 1832 1387 si

103 1437 200 1467 vero
229 1424 343 1478 vulgi
366 1436 571 1475 sermone,
602 1426 755 1473 servet,
789 1421 930 1475 quoad
953 1421 1041 1463 fieri
1063 1424 1217 1474 potest,
1251 1420 1567 1463 collocationem
1589 1421 1827 1464 verborum.

104 1499 170 1541 Sic
202 1501 311 1542 enim
343 1512 519 1541 numero
553 1501 805 1540 assuescunt
837 1510 972 1538 aures.
1037 1496 1158 1546 Quod
1191 1496 1225 1537 si
1257 1508 1394 1537 sermo
1427 1496 1591 1549 patrius
1620 1509 1702 1538 non
1725 1497 1832 1550 pati-

102 1579 187 1629 tur,
219 1576 335 1629 prius
369 1575 421 1616 ad
454 1574 628 1616 verbum
661 1573 746 1615 fere
779 1573 937 1619 omnia,
970 1575 1119 1625 postea
1151 1571 1203 1612 ad
1239 1571 1351 1623 vulgi
1383 1571 1730 1613 consuetudinem
1763 1585 1831 1613 ex—

103 1650 239 1703 plicet.
295 1650 456 1700 Quarto
489 1662 513 1691 a
545 1649 680 1701 capite
713 1660 949 1700 recurrens,
982 1647 1060 1688 nisi
1091 1647 1211 1688 malit
1242 1647 1321 1699 ipsi
1343 1646 1608 1699 explicationi
1631 1647 1828 1697 inserere,

104 1725 418 1768 observationes
467 1724 610 1766 tradat
656 1724 805 1777 cuique
847 1723 1022 1765 scholae
1067 1722 1427 1773 accommodatas3
1475 1734 1581 1775 quas
1622 1735 1720 1764 vero
1763 1736 1830 1764 ex-

103 1800 314 1853 cipiendas
338 1800 560 1851 censuerit,
593 1812 702 1853 quae
724 1799 883 1840 inultae
906 1810 997 1840 esse
1018 1810 1100 1839 non
1125 1797 1340 1847 deberent,
1374 1797 1439 1839 vel
1460 1797 1697 1850 interrupte
1718 1797 1831 1839 inter

103 1875 397 1930 explicandum
429 1876 493 1918 vel
515 1887 720 1930 seorsum,
754 1874 1139 1927 praelectionejam
1163 1872 1321 1921 habita,
1355 1871 1496 1913 dictet.
1548 1873 1659 1915 Utile
1687 1876 1829 1914 autem

103 1964 195 1994 esse
227 1952 346 2002 solet,
381 1954 429 1993 ut
451 1950 713 2004 grammatici
735 1949 835 1991 nihil
858 1948 1058 1999 scribant,
1091 1948 1170 1989 11131
1187 1948 1306 2001 ι111331.
1356 1947 1424 1988 Ita
1446 1948 1603 2000 regula.
1653 1948 1828 1990 Interim

103 2012 294 2080 discipuli
327 2039 428 2080 prae
458 2026 652 2067 manibus
685 2024 870 2067 habeant
899 2024 1068 2077 librum,
1102 2023 1172 2076 qui
1206 2023 1456 2076 explicatur:
1491 2022 1678 2065 scribant
1700 2035 1828 2065 anno-

102 2102 297 2157 tationes,
330 2101 518 2155 phrases,
551 2101 753 2143 dictiones
786 2113 810 2141 a
832 2100 1035 2151 Magistro
1070 2099 1217 2151 dictas,
1250 2111 1405 2151 easque
1437 2098 1550 2150 ipsas
1573 2098 1613 2139 in
1638 2098 1827 2151 proxima

102 2178 223 2227 forte,
256 2189 365 2230 quae
398 2176 610 2227 afferetur,
640 2175 865 2229 scriptione
891 2174 941 2216 ad
967 2174 1122 2216 calcem
1145 2174 1407 2227 subscriptas
1432 2174 1612 2216 reddant
1634 2186 1682 2215 ac
1704 2174 1828 2215 simul

102 2253 286 2295 habeant
316 2253 357 2294 in
389 2252 505 2294 libris
539 2253 747 2300 exarataS,
780 2263 886 2303 quos
920 2249 985 2291 die
1017 2249 1216 2291 sabbathi
1249 2248 1485 2291 exhibeant.
1550 2248 1671 2301 (Ord.
1704 2249 1826 2290 Prov.

103 2329 173 2382 §8
206 2341 246 2369 n.
272 2330 294 2368 7
329 2329 371 2370 et
402 2327 492 2369 Iuv.
527 2326 578 2368 de
610 2326 704 2367 Rat.
740 2325 828 2366 doc.
864 2338 896 2366 c.
922 2326 946 2366 2
986 2337 1021 2366 a.
1047 2325 1071 2365 3
1115 2326 1218 2378 ξ’Ζ.)
1280 2324 1401 2375 Quod
1442 2329 1583 2367 autem
1626 2324 1724 2365 addi
1764 2323 1829 2365 hic

102 2406 264 2457 posset,
297 2405 364 2457 ut,
407 2415 516 2455 quae
555 2401 607 2443 ad
644 2413 783 2442 mores
824 2399 1111 2441 informandos
1144 2399 1430 2452 pietatemque
1462 2398 1684 2441 fovendam
1718 2398 1828 2439 vale-

102 2478 223 2529 bunt,
254 2477 521 2531 explicationi
552 2476 731 2518 subinde
762 2476 1017 2526 inserantur,
1051 2474 1154 2516 alias
1177 2474 1429 2516 monuimus.
1486 2473 1688 2527 Sequitur
1709 2486 1829 2527 prae-

103 2552 269 2606 legendi
300 2552 454 2609 modus
481 2552 743 2605 singularum
777 2551 984 2593 Classium
1016 2550 1226 2603 proprius.

241 2628 290 2670 In
322 2627 571 2683 Rhetorica,
610 2627 644 2668 si
687 2626 918 2679 explicetur
949 2626 1083 2668 oratio
1115 2626 1180 2667 vel
1213 2630 1381 2679 poema,
1418 2625 1553 2679 primo
1583 2624 1828 2678 exponenda

104 2706 169 2746 est
208 2703 436 2754 sententia,
479 2702 514 2744 si
546 2702 725 2744 obscura
757 2702 830 2753 sit,
875 2703 916 2742 et
946 2701 1087 2743 variae
1115 2700 1487 2755 interpretationes
1521 2699 1826 2753 dijudicandae.

104 2777 295 2820 Secundo
328 2781 420 2819 tota
451 2777 614 2819 artificii
647 2777 774 2827 ratio,
808 2777 1057 2818 inventionis
1089 2777 1266 2824 scilicet,
1300 2776 1584 2829 dispositionis
1617 2778 1660 2816 et
1691 2775 1828 2816 elocu-

103 2853 241 2904 tionis,
274 2853 556 2906 eproranda3
589 2865 714 2906 quam
748 2856 845 2905 apte
874 2864 918 2893 se
941 2855 1086 2894 orator
1106 2852 1303 2905 insinuet,
1336 2864 1463 2905 quam
1486 2851 1678 2905 apposite
1701 2850 1826 2901 dicat,

103 2929 168 2971 vel
199 2927 352 2982 quibus
385 2941 434 2970 ex
464 2928 565 2970 locis
598 2931 848 2981 argumenta
870 2930 1012 2969 sumat
1032 2927 1086 2969 ad
1107 2927 1464 2981 persuadendum,
1498 2926 1550 2968 ad
1574 2926 1824 2973 ornandum,

104 3004 157 3046 ad
189 3003 461 3053 movendum;
494 3015 621 3056 quam
653 3003 788 3044 multa
819 3015 944 3055 saepe
975 3007 1203 3057 praecepta
1234 3016 1317 3045 uno
1351 3003 1582 3056 eodemque
1614 3003 1702 3045 loco
1734 3015 1827 3055 per-

104 3079 296 3130 misceat3
329 3091 412 3132 quo
444 3082 568 3131 pacto
601 3078 807 3120 rationem
840 3078 892 3120 ad
925 3077 1158 3121 faciendam
1189 3078 1312 3120 fidem
1344 3077 1490 3130 figuris
1519 3077 1825 3120 sententiarum

104 3154 294 3198 includat
347 3166 581 3206 rursusque
630 3152 788 3206 figuras
835 3154 1138 3196 sententiarum
1185 3154 1329 3206 figuris
1376 3154 1602 3195 verborum
1649 3153 1820 3196 intexat.
