2164 3535
241 216 323 256 55⁹2
546 211 584 247 P.
612 212 736 247 Beckx
766 211 928 254 verlangt
954 210 1104 245 Bericht
1130 210 1219 244 uber
1246 208 1534 244 Studiensachen
1564 211 1661 245 1854.

241 366 348 408 opus
382 356 468 409 est,
510 353 551 394 in
597 350 890 405 compendium
935 349 1113 392 reducat
1153 353 1195 392 et
1235 350 1276 392 in
1317 363 1449 392 unum
1493 349 1714 392 redactum
1756 363 1862 405 opus
1894 363 1973 393 sua

245 442 376 471 manu
409 428 673 477 subscribat,
707 426 982 469 Consultores
1015 438 1114 467 vero
1148 426 1403 468 sententiam
1436 426 1616 479 quisque
1649 438 1770 467 suam
1804 439 1852 468 eo
1884 426 1973 468 fere

245 505 390 559 modo,
433 504 505 557 qui
546 503 587 544 in
620 501 998 544 Informationibus
1032 501 1208 543 Romam
1241 501 1458 543 mittendis
1504 502 1775 556 observatur,
1815 501 1972 555 scripto

245 580 496 633 exprimant,
530 581 660 631 atque
691 578 751 619 ita
784 577 924 618 omnia
956 577 996 618 in
1030 577 1189 619 Urbem
1222 577 1460 619 mittantur.

380 655 532 707 Itaque
563 652 806 707 hujusmodi
839 654 997 706 puncta
1029 652 1295 705 subjicimus,
1330 656 1378 694 ut
1410 653 1473 696 R?-
1506 653 1568 695 Vr
1599 653 1651 694 ad
1685 652 1973 696 executionem

242 731 394 773 mentis
426 732 598 771 nostrae
621 729 936 783 quamprimum
971 729 1177 771 deveniat.
1228 730 1275 771 In
1299 742 1382 782 quo
1406 728 1573 782 negotio
1597 741 1698 771 sane
1722 729 1973 781 gravissimo

244 807 347 849 haec
380 818 481 860 prae
514 805 646 847 oculis
676 805 834 846 habere
857 806 1046 857 satagat:
1100 805 1132 846 Ι.
1164 807 1212 845 ut
1234 805 1273 845 in
1299 805 1514 858 responsis
1536 804 1818 859 perspicuitas
1842 816 1975 857 aeque

243 895 290 925 ac
322 881 506 924 brevitas
547 880 866 922 custodiantur:
915 880 967 921 ΙΙ.
1013 884 1060 921 ut
1092 892 1201 933 quae
1234 879 1481 921 viderentur
1514 879 1733 934 addenda,
1774 878 1975 933 tollenda,

245 957 510 1000 immutanda
542 956 683 1007 (modo
716 955 893 997 rationis
918 954 1166 997 Studiorum
1199 955 1483 997 substantiam
1507 955 1624 997 nulla
1656 955 1820 997 ratione
1845 953 1974 996 attin—

244 1034 366 1087 gant)
400 1033 487 1075 suis
520 1045 715 1085 quaeque
747 1031 848 1073 locis
891 1031 1170 1083 adnotentur,
1214 1032 1292 1072 rite
1335 1031 1569 1073 observatis
1611 1030 1824 1086 omnibus,
1867 1042 1976 1083 quae

244 1110 290 1150 R.
326 1107 369 1149 P.
405 1107 526 1149 Joan.
562 1106 785 1149 Roothaan
825 1106 861 1148 b.
906 1120 958 1147 m.
1004 1106 1065 1147 vel
1107 1106 1382 1159 praescripsit
1424 1106 1487 1148 vel
1529 1105 1761 1147 insinuavit
1800 1108 1893 1147 tum
1934 1105 1976 1146 in

243 1183 396 1226 litteris
436 1184 501 1225 29.
537 1183 635 1224 maii
672 1184 827 1228 18:30¹>
868 1182 920 1224 ad
954 1182 1236 1224 Provinciales
1271 1182 1412 1224 datis.
1439 1215 1446 1222 .
1473 1215 1480 1222 .
1511 1215 1534 1236 .,
1567 1185 1658 1223 tum
1690 1181 1731 1222 in
1766 1180 1978 1234 encyclica

244 1260 477 1313 praeniissa
508 1259 678 1301 Rationi
713 1258 963 1300 Studiorum
996 1270 1060 1299 an.
1100 1257 1272 1303 1832:2)
1321 1257 1397 1299 HI.
1440 1261 1487 1298 ut
1520 1257 1682 1311 omnia,
1714 1269 1824 1310 quae
1855 1255 1975 1297 nobis

246 1335 455 1377 mittenda
486 1335 658 1387 fuerint⁷
692 1347 715 1376 a
748 1334 796 1375 R.
832 1334 879 1375 V.
914 1333 1252 1376 subscribantur.

247 1614 282 1661 I.
344 1614 422 1662 De
474 1631 645 1661 cursu
686 1612 1029 1678 theologico
1078 1621 1332 1677 quatuor
1377 1612 1545 1660 annis
1594 1609 1976 1659 absolvendo.

389 1744 422 1783 1.
478 1741 639 1792 Quibus
681 1740 834 1783 scholis
877 1741 1075 1783 intersint
1117 1740 1333 1782 auditores
1383 1740 1559 1792 singulis
1603 1739 1744 1788 annis,
1797 1741 1895 1780 ante
1937 1739 1979 1780 et

246 1821 343 1871 post
375 1816 605 1859 meridiem.

387 1895 424 1934 2.
475 1892 686 1943 Quamdiu
719 1904 1004 1946 unaquaeque
1037 1892 1180 1934 schoia
1212 1892 1360 1945 duret,
1404 1891 1490 1933 sive
1534 1891 1575 1932 in
1608 1890 1867 1944 quotidianis
1899 1889 1979 1932 lec·

249 1968 450 2020 tionibus,
482 1967 569 2009 sive
600 1980 676 2021 per
709 1980 878 2008 annum.

387 2044 423 2083 ‘5.
476 2043 692 2093 Quaenam
726 2042 810 2084 sint
834 2042 1063 2096 praecipua
1087 2056 1227 2084 rerum
1251 2042 1538 2084 docendarum
1562 2042 1701 2095 capita
1732 2042 1773 2083 in
1799 2041 1976 2095 singulis

249 2124 338 2161 tum
370 2119 539 2169 scholis,
572 2122 662 2159 tum
696 2118 815 2160 annis
848 2118 1037 2171 ejusdem
1071 2131 1231 2160 cursus.

387 2196 424 2235 4.
475 2194 655 2244 Quinam
688 2193 851 2235 Auctor
883 2193 1058 2246 singulis
1100 2194 1140 2235 in
1181 2193 1334 2236 scholis
1376 2193 1673 2246 praelegatur,
1716 2206 1852 2246 quave
1896 2193 1980 2235 alia

249 2271 412 2312 ratione
443 2269 704 2323 suppleatur.

389 2348 426 2385 3.
478 2345 587 2395 Quid
621 2345 855 2387 notandum
891 2344 1002 2386 circa
1035 2344 1344 2398 disputationes
1368 2357 1530 2386 annuas
1562 2369 1617 2374 -—-
1650 2346 1892 2386 menstruas
1926 2368 1976 2374 —

250 2421 441 2474 publicas
492 2445 539 2450 ——
592 2421 864 2463 domesticas:
909 2421 1019 2462 circa
1058 2420 1330 2473 repetitiones
1364 2433 1438 2462 seu
1481 2420 1658 2462 circulos
1700 2419 1811 2461 domi
1853 2423 1895 2462 et
1936 2419 1977 2460 in

250 2497 422 2545 scholis;
456 2497 567 2538 circa
600 2496 829 2549 specimina
863 2521 915 2525 —
950 2496 1144 2537 examina
1179 2521 1226 2525 —
1263 2500 1512 2549 ceterasque
1551 2495 1825 2539 scholasticas
1864 2508 1979 2538 exer-

251 2572 484 2613 citationes.

392 2648 427 2687 6.
481 2646 589 2696 Quid
629 2646 939 2688 observandum
980 2646 1119 2699 quoad
1163 2646 1404 2689 vacationes
1445 2646 1486 2688 in
1518 2645 1699 2688 Ratione
1731 2645 1978 2688 Studiorum

251 2720 507 2774 praefinitas.

393 2798 427 2836 7.
479 2796 588 2846 Quid
628 2796 678 2837 de
713 2795 1126 2849 Congregationibus
1167 2796 1368 2837 Marianis
1402 2796 1579 2849 aliisque
1611 2796 1817 2840 exercitiis
1857 2797 1979 2851 spiri-

253 2871 439 2913 tualibus
473 2874 548 2911 aut
580 2871 810 2913 litterariis.

392 3017 418 3059 ι)
446 3015 479 3049 s
508 3015 598 3050 oben
627 3015 659 3050 s.
678 3018 755 3050 406.
856 2997 874 3018 ‘
967 3015 996 3057 ²)
1023 3014 1056 3048 s
1084 3014 1165 3049 Rat.
1193 3015 1285 3049 stud.
1305 3016 1350 3059 11,
1379 3015 1412 3050 s.
1434 3015 1545 3051 22sff.
