2164 3535
274 234 356 276 528
480 231 713 275 Einfiihrung
737 230 802 266 der
826 242 944 266 neuen
969 231 1011 267 R.
1031 236 1073 267 st.
1101 232 1137 267 in
1166 232 1230 267 der
1256 231 1542 269 oberdeutschen
1568 234 1670 270 Prov.
1693 237 1792 271 1834.

273 376 399 416 notae
432 373 626 416 absolute
658 373 942 429 accipiantur,
975 385 1058 415 non
1091 374 1402 430 comparative,
1434 375 1495 416 ita
1526 378 1576 417 ut
1605 375 1766 430 primus
1799 377 1927 419 etiam
1958 377 2001 419 in

274 448 416 502 aliqua
447 449 581 490 classe
612 447 721 489 ‘2de
751 449 815 490 vel
849 449 935 492 3⁸3¹1
963 449 1153 503 eJ'usdem
1185 451 1330 491 notam
1362 449 1618 504 quandoque
1653 450 1842 493 obtinere
1864 452 1999 505 possit

273 536 350 578 pro
382 524 547 566 ratione
579 536 682 566 suae
714 524 950 569 doctrinae:
984 524 1049 567 vel
1081 525 1286 579 postremi
1318 525 1496 579 alicujiis
1530 526 1694 579 classis,
1729 527 1765 568 si
1798 539 1821 568 a
1853 526 2002 580 primis

272 612 424 653 parum
457 598 653 641 differant
684 599 854 653 sintque
886 599 927 641 in
959 612 1009 642 ea
1041 600 1176 643 classe
1208 600 1373 656 eximii,
1416 601 1595 655 primam
1638 602 1827 656 ejusdem
1859 605 2007 644 notam

273 674 464 717 obtinere
496 678 668 728 queant.

410 750 476 791 Ad
515 749 594 793 hoc
635 751 749 793 scala
788 750 881 804 ipsa
924 753 1122 792 notarum
1155 750 1196 792 in
1239 751 1480 793 testimonio
1523 764 1725 806 expressa
1756 752 1833 807 sit,
1875 755 2004 806 atque

276 824 356 878 ipsi
388 824 713 868 Examinatores
745 825 787 867 in
831 825 1142 881 superioribus,
1185 825 1452 869 Professores
1492 826 1534 868 in
1577 827 1867 884 inferioribus,
1907 827 2007 869 dum

274 900 444 956 classes,
477 901 604 943 etiam
626 904 749 943 notas
773 900 1039 954 singularum
1061 901 1259 943 classium
1293 902 1475 945 alumnis
1507 902 1738 958 assignent,
1770 915 1853 957 quo
1887 915 2005 945 exac-

271 975 358 1017 tius
392 976 562 1018 litterae
594 976 900 1019 testimoniales
932 975 1119 1030 expediri
1150 977 1325 1030 possint.

412 1052 450 1093 3.
500 1051 649 1102 Quoad
691 1063 831 1094 mores
874 1051 1103 1106 discipulos
1141 1053 1182 1094 in
1223 1055 1248 1095 4
1281 1053 1438 1096 classes
1470 1053 1679 1096 dividant:
1727 1053 1800 1107 qui
1832 1053 2002 1108 gravius

273 1126 479 1170 adversus
520 1140 658 1170 mores
702 1131 745 1170 et
787 1127 1051 1182 disciplinam
1091 1133 1326 1182 peccarunt
1362 1129 1404 1171 in
1437 1132 1489 1172 4?
1522 1130 1656 1172 classe
1689 1129 1882 1172 collocati
1914 1129 2003 1171 sine

273 1203 514 1246 testimonio
547 1202 832 1259 dimittantur,
865 1207 940 1245 aut
973 1204 1193 1246 consilium
1226 1204 1409 1247 abeundi
1441 1205 1663 1259 accipiant.

410 1291 577 1344 Reliqui
617 1291 659 1332 in
702 1292 726 1333 3
761 1291 917 1333 classes
959 1291 1020 1333 ita
1062 1291 1326 1348 dividantur,
1359 1296 1408 1335 ut
1439 1293 1511 1346 qui
1541 1293 1583 1334 in
1615 1292 1775 1347 pietate
1806 1295 1850 1334 et
1881 1304 2005 1344 regu-

272 1366 411 1407 larum
435 1366 705 1408 observantia
727 1366 1062 1409 mediocritatem
1085 1371 1289 1421 superent
1320 1369 1350 1410 Ι.
1380 1372 1539 1423 notam,
1572 1368 1644 1421 qui
1668 1367 2001 1410 mediocritatem

274 1442 490 1495 attingunt
521 1443 574 1484 II.
600 1446 758 1498 notam,
791 1443 863 1496 qui
895 1443 1006 1485 infra
1037 1444 1372 1487 mediocritatem
1404 1444 1582 1486 haerent
1613 1444 1689 1486 III.
1716 1447 1861 1484 notam
1893 1443 1999 1485 obti-

273 1521 421 1569 neant3
452 1518 604 1559 harum
636 1524 835 1560 notarum
868 1519 983 1561 scala
1014 1519 1055 1560 in
1089 1519 1241 1562 litteris
1275 1520 1630 1563 testimonialibus
1664 1520 1938 1573 exprimatur.

411 1607 450 1646 4.
498 1606 634 1648 Notae
667 1606 907 1659 diligentiae
930 1606 1058 1649 etiam
1079 1606 1119 1648 in
1143 1607 1296 1650 litteris
1319 1607 1674 1650 testimonialibus
1708 1606 2002 1660 exprimantur

273 1680 326 1721 ad
359 1692 550 1722 normam
582 1684 780 1723 notarum
812 1681 983 1735 pietatis
1017 1685 1074 1735 (n.
1100 1683 1173 1737 3.).

1089 1897 1183 1952 §e

821 1989 1101 2044 Disciplina
1145 1990 1452 2031 Scholarum.

415 2108 449 2146 1.
498 2104 563 2146 Ad
606 2104 869 2158 disciplinam
908 2105 1087 2147 maxime
1130 2104 1229 2147 facit
1269 2108 1418 2148 exacta
1460 2105 1705 2158 regularum
1745 2103 1998 2146 observatio.

274 2181 579 2234 Imprimantur
610 2181 754 2234 itaque
787 2185 829 2223 et
860 2181 1036 2234 singulis
1069 2181 1283 2224 mensibus
1316 2182 1357 2223 in
1383 2181 1611 2223 Rhetorica
1643 2180 1823 2233 aliisque
1845 2179 1998 2222 scholis

271 2256 544 2298 inferioribus
583 2257 886 2310 praelegantur
927 2256 1179 2310 publiceque
1212 2255 1361 2299 affixae
1393 2256 1478 2298 sint
1509 2256 1681 2309 regulae
1713 2256 1997 2297 Externorum

272 2331 546 2387 Auditorum,
589 2343 698 2384 quae
739 2332 780 2373 in
813 2333 908 2374 Rat.
941 2332 1052 2374 stud.
1095 2332 1375 2374 continentur.
1440 2332 1556 2382 Quae
1598 2331 1660 2373 his
1699 2344 1774 2385 pro
1808 2331 1994 2373 locorum

273 2419 319 2448 ac
342 2410 580 2460 temporum
602 2407 812 2460 adjunctis
835 2407 1070 2461 adjicienda
1090 2407 1300 2463 videntur,
1324 2420 1400 2460 per
1421 2406 1700 2461 temporarias
1725 2405 1992 2459 superiorum

272 2481 558 2524 ordinationes
598 2483 900 2537 suppleantur,
944 2495 991 2525 ac
1034 2483 1249 2537 discipulis
1292 2486 1483 2537 tempore
1525 2486 1567 2524 et
1606 2482 1696 2524 loco
1738 2481 1878 2524 debito
1923 2493 1994 2523 an-

271 2556 531 2599 nuntientur.

408 2632 491 2675 Ubi
532 2632 610 2675 hae
652 2633 824 2686 regulae
860 2633 1043 2687 imprimi
1074 2646 1157 2676 non
1189 2636 1384 2689 possent,
1427 2645 1498 2675 eas
1530 2633 1682 2676 saltem
1715 2631 1993 2685 transcriptas

271 2707 476 2761 Magister
507 2709 737 2762 praelegat.

410 2785 447 2825 2.
496 2784 723 2837 Discipulis
766 2784 958 2828 omnibus
999 2785 1176 2838 singulis
1219 2785 1338 2827 annis
1377 2785 1605 2828 tradantur
1644 2784 1843 2827 exercitia
1875 2782 1996 2837 spiri-

270 2858 403 2901 tualia
433 2872 508 2913 per
539 2862 625 2902 tres
659 2860 825 2902 circiter
857 2860 959 2912 dies,
992 2860 1055 2902 vel
1088 2860 1140 2902 ab
1172 2860 1291 2902 initio
1325 2860 1436 2912 anni,
1470 2860 1534 2903 vel
1567 2860 1676 2902 circa
1707 2858 1882 2901 Pascha.

409 2947 446 2987 3.
497 2945 744 2989 Communio
776 2947 818 2988 in
851 2946 997 2989 ordine
1029 2949 1096 2989 ter
1126 2947 1168 2988 in
1201 2959 1309 2989 anno
1342 2946 1434 2989 fiat:
1483 2947 1611 2989 semel
1644 2946 1696 2988 ab
1728 2946 1849 2988 initio
1882 2945 1992 2997 anni,

270 3020 312 3061 in
344 3032 475 3063 coena
505 3021 687 3077 Domini,
719 3024 762 3063 et
793 3020 900 3064 festo
935 3021 985 3064 Si.
1018 3022 1188 3076 Aloysii.
1243 3020 1504 3077 Curandum,
1537 3024 1586 3063 ut
1615 3022 1779 3075 primae
1812 3033 1994 3064 commu-

271 3094 384 3137 nioni
414 3095 457 3137 in
489 3095 635 3138 ordine
667 3096 750 3138 alia
782 3097 985 3139 confessio
1017 3097 1332 3151 praemittatur.

408 3172 447 3214 4.
498 3171 652 3215 Omnes
687 3172 879 3227 discipuli
912 3173 976 3215 vel
1007 3173 1136 3226 pallio
1168 3176 1362 3228 utantur,
1394 3173 1459 3216 vel
1492 3176 1607 3216 veste
1639 3174 1764 3226 longa
1796 3170 1992 3215 uniformi
