2164 3535
248 184 330 225 578
581 182 638 216 An
666 182 723 216 die
750 181 1069 216 Provinzialobern
1097 180 1186 215 siber
1212 179 1273 214 die
1299 181 1352 224 3j.
1379 179 1514 214 Philos.
1544 183 1642 216 1858.

249 327 370 366 extra
403 336 475 366 eas
509 336 557 366 eo
589 323 774 376 feratur,
813 325 863 364 ut
895 321 1124 375 discipulos
1159 321 1212 364 ad
1246 321 1497 375 obsequium
1530 324 1572 363 et
1604 333 1790 363 amorem
1823 321 1901 364 Dei
1933 335 1983 364 ac

250 399 484 453 virtutum,
533 398 687 452 quibus
729 398 766 440 ei
805 398 973 451 placere
1021 401 1212 453 oportet,
1259 399 1506 451 permoveat
1546 397 1665 450 (Reg.
1709 396 1822 438 Prof.
1865 410 1981 450 supr.

248 474 325 517 fac.
354 478 389 530 1,
414 476 453 527 2,
477 476 538 527 3);
575 473 609 515 si
642 486 712 515 eos
743 475 786 515 et
818 472 978 514 crebris
1011 472 1125 526 apud
1147 472 1286 514 Deum
1318 472 1513 525 precibus
1536 484 1584 514 ac
1616 472 1840 525 religiosae
1872 472 1983 514 vitae

250 562 354 592 suae
387 549 590 602 exemplis
617 549 740 602 juvet
771 552 814 591 et
846 548 1018 604 alliciat,
1052 561 1099 590 ac
1131 548 1267 601 pridie
1301 548 1454 590 saltem
1486 548 1786 590 solemniorum
1820 548 1985 589 dierum

249 638 331 667 non
376 624 545 667 omittat
591 636 662 666 eos
695 624 749 666 ad
791 623 1073 677 persolvenda
1114 623 1286 677 pietatis
1331 608 1588 666 christianae
1630 622 1767 665 officia
1807 626 1986 677 paterno

250 700 402 742 affectu
445 700 620 742 hortari.
684 699 801 750 Quae
840 699 1011 753 quidem
1043 699 1152 741 tanti
1186 699 1239 741 ad
1280 699 1406 741 finem
1439 699 1559 741 nobis
1600 699 1866 753 propositum
1900 712 1988 741 mo—

249 776 381 817 menti
413 777 535 827 sunt,
578 778 647 830 ut,
687 775 723 816 si
755 775 849 828 quis
882 775 1111 817 Lectorum
1142 775 1183 816 in
1215 774 1265 816 iis
1308 774 1579 828 praestandis
1612 774 1748 816 officio
1789 774 1985 831 defuerit,

251 852 292 893 in
326 864 422 893 eum
454 851 502 893 R.
527 851 577 892 V.
611 851 721 893 serio
763 849 1095 901 animadvertat,
1139 853 1201 905 et,
1242 850 1278 891 si
1309 862 1392 891 non
1426 849 1672 906 resipuerit,
1716 850 1757 892 id
1790 851 1872 893 Ra?
1904 850 1987 894 Va?

252 927 355 969 satis
389 939 566 969 caussae
598 939 691 969 esse
724 926 878 969 debeat
909 938 1005 968 eum
1038 938 1063 967 a
1095 925 1272 968 docendi
1304 938 1480 967 munere
1513 925 1769 968 removendi.

392 1008 523 1050 Venio
551 1008 642 1062 jam
675 1008 729 1050 ad
762 1007 890 1063 aliud,
923 1007 1038 1061 quod
1070 1008 1153 1050 Ra?
1186 1007 1267 1049 Va?
1301 1007 1502 1060 prudenti
1534 1007 1625 1068 zelo
1657 1020 1914 1061 magnopere
1945 1007 1987 1049 in

254 1086 434 1127 Domino
469 1085 767 1128 commendare
800 1084 946 1126 debeo.
995 1084 1230 1136 Pleraeque
1261 1095 1406 1124 ornnes
1441 1082 1702 1137 Provinciae,
1736 1096 1845 1136 quae
1877 1083 1988 1125 elen-=²

254 1161 378 1203 chum
410 1160 746 1215 propositionum
780 1172 862 1201 non
897 1159 1184 1201 docendarum
1217 1158 1459 1211 exhibuere,
1491 1158 1780 1214 postularunt,
1813 1161 1861 1199 ut
1893 1158 1988 1200 doc-

254 1238 366 1279 trina
408 1236 617 1290 quaedam
651 1235 702 1277 de
734 1238 891 1276 natura
925 1238 967 1276 et
999 1234 1159 1287 origine
1199 1234 1415 1289 idearum,
1458 1246 1567 1286 quae
1599 1234 1788 1276 Platonis
1822 1233 1989 1276 nomine

254 1312 380 1365 vulgo
420 1310 739 1365 circumfertur,
784 1310 1000 1363 magistris
1043 1309 1200 1351 nostris
1243 1308 1562 1365 prohiberetur,
1605 1312 1833 1363 propterea
1874 1309 1989 1362 quod

253 1401 336 1429 non
369 1388 506 1430 solum
539 1386 677 1428 minus
711 1385 963 1439 probabilis,
997 1384 1073 1427 sed
1105 1385 1232 1427 etiam
1265 1385 1404 1427 minus
1437 1388 1533 1427 tuta
1564 1385 1646 1426 imo
1680 1397 1780 1427 vero
1812 1385 1988 1438 periculi

254 1464 379 1517 plena
420 1466 550 1516 atque
593 1461 686 1504 ideo
727 1460 889 1502 dudum
928 1473 951 1502 a
984 1459 1025 1501 S.
1051 1460 1212 1502 Thoma
1251 1463 1293 1502 et
1336 1460 1512 1502 summis
1555 1459 1776 1513 quibusvis
1810 1459 1988 1502 Scholae

255 1538 502 1581 doctoribus
536 1537 767 1591 reprobata
799 1539 924 1578 esset.

394 1615 455 1656 Re
489 1614 562 1655 diu
594 1614 863 1667 multumque
897 1625 991 1655 cum
1021 1612 1101 1653 PP.
1126 1612 1279 1654 Assist.
1314 1611 1493 1665 aliisque
1525 1612 1625 1654 viris
1658 1612 1698 1654 in
1731 1611 1990 1665 philosophi—

256 1690 313 1732 cis
357 1693 397 1732 et
441 1689 689 1742 theologicis
733 1689 965 1742 disciplinis
1007 1688 1139 1742 probe
1182 1688 1361 1730 versatis
1404 1700 1633 1743 perpensa,
1677 1687 1774 1729 huic
1815 1687 1987 1729 Provin-

256 1767 417 1808 ciarum
453 1765 670 1819 postulato
703 1765 950 1807 satisfacere
982 1764 1134 1815 statui,
1178 1767 1308 1817 atque
1350 1763 1683 1818 propositiones,
1725 1763 1882 1816 quibus
1915 1763 1988 1804 illa

257 1842 452 1884 doctrina
484 1841 739 1894 continetur,
773 1840 966 1892 catalogo
1001 1839 1290 1881 Ordinationis
1323 1839 1451 1881 inseri
1478 1839 1587 1893 jussi
1620 1842 1757 1893 (prop.
1783 1840 1986 1890 56-66).

255 1918 353 1960 Jam
385 1930 484 1960 vero
516 1918 579 1960 Re
612 1917 675 1958 Vi2
709 1929 756 1958 eo
789 1915 1023 1958 studiosius
1056 1914 1229 1969 efficiet,
1272 1918 1321 1956 ut
1351 1914 1479 1968 hujus
1512 1914 1811 1968 prohibitionis
1844 1913 1988 1957 debita

257 1997 299 2036 et
331 1993 481 2035 stricta
512 1992 620 2034 ratio
653 1991 885 2046 habeatur,
928 1990 1028 2044 quia
1060 2002 1141 2031 non
1175 1989 1318 2042 agitur
1349 1989 1401 2031 de
1444 1989 1638 2043 opinione
1671 1990 1871 2042 quapiam
1904 1989 1988 2031 sin-

256 2069 417 2122 gulari,
461 2068 535 2110 sed
569 2068 620 2109 de
653 2066 872 2108 doctrinae
904 2065 1061 2119 capite,
1105 2064 1218 2117 quod
1251 2064 1336 2106 late
1368 2077 1445 2117 per
1477 2077 1642 2106 omnem
1674 2063 1986 2118 philosophiam

257 2144 515 2187 extenditur:
559 2143 598 2184 in
634 2155 717 2196 quo
760 2141 937 2195 proinde
969 2140 1117 2182 Nostri
1160 2153 1235 2182 nec
1268 2140 1357 2182 sine
1389 2140 1505 2193 pacis
1539 2142 1582 2182 et
1623 2139 1873 2182 concordiae
1905 2139 1988 2181 dis-

257 2219 408 2274 pendio
441 2219 553 2260 inter
584 2231 629 2260 se
662 2217 908 2267 dissentire,
941 2228 1016 2258 nec
1049 2215 1138 2257 sine
1170 2227 1248 2257 suo
1281 2215 1548 2268 aliorumque
1581 2215 1700 2268 gravi
1732 2218 1987 2256 nocumento

257 2308 401 2337 errare
432 2296 622 2348 possunt.

396 2369 502 2411 Cum
535 2372 678 2410 autem
710 2367 789 2410 hac
822 2367 874 2408 de
906 2379 1035 2409 causa
1076 2379 1246 2409 necesse
1279 2366 1446 2408 omnino
1480 2368 1613 2422 esset,
1655 2365 1847 2421 definire,
1889 2369 1988 2407 utra

260 2459 309 2488 ex
347 2445 582 2499 sententiis,
616 2444 666 2486 de
690 2443 843 2497 quibus
868 2442 1122 2497 disceptant,
1155 2445 1360 2495 tanquam
1383 2442 1570 2484 securior
1592 2442 1633 2483 in
1655 2441 1807 2484 scholis
1830 2441 1987 2483 nostris

260 2520 557 2574 amplectenda
588 2523 718 2573 esset;
762 2532 853 2560 earn
888 2518 1035 2571 procul
1067 2517 1194 2559 dubio
1228 2517 1325 2569 eligi
1367 2517 1575 2570 oportuit,
1618 2530 1746 2570 quam
1789 2516 1987 2569 gravissi-

257 2609 423 2638 morum
454 2596 751 2648 theologorum
773 2607 849 2648 per
881 2593 1016 2635 multa
1043 2593 1212 2635 saecula
1245 2605 1473 2634 consensus
1497 2591 1775 2634 commendat.
1830 2591 1984 2642 Quam-

258 2684 387 2724 quam
419 2671 484 2713 vel
516 2671 607 2713 sola
639 2670 827 2723 Angelici
850 2669 1046 2711 Doctoris
1079 2669 1312 2711 auctoritas
1345 2668 1399 2709 ad
1430 2668 1508 2710 hoc
1541 2666 1734 2710 sufficere
1764 2668 1885 2710 nobis
1917 2667 1985 2709 de-

258 2746 339 2788 bet.
394 2746 453 2788 Ut
483 2746 594 2787 enim
625 2746 673 2787 R.
698 2745 742 2786 P.
778 2744 981 2787 Claudius
1003 2744 1224 2797 Aquaviva
1257 2743 1509 2799 declaravit,
1546 2743 1689 2786 »aliud
1721 2746 1798 2795 est,
1833 2743 1873 2784 in
1899 2755 1985 2784 una

260 2822 352 2863 »vel
376 2821 511 2863 altera
544 2820 814 2863 conclusione
846 2819 982 2862 solida
1001 2819 1099 2861 nixa
1130 2819 1406 2861 fundamento
1440 2822 1482 2861 et
1514 2819 1769 2861 auctoritate
1790 2818 1983 2872 gravium
2022 2858 2025 2861 .

261 2897 649 2950 »antiquorumque
682 2896 939 2949 scriptorum
971 2894 1168 2937 recedere
1201 2907 1224 2936 a
1257 2893 1297 2936 S.
1322 2894 1502 2947 Thorna,
1545 2894 1659 2947 quod
1691 2893 1860 2936 videtur
1890 2905 1984 2946 per-

260 2972 395 3013 »mitti
437 2972 479 3013 in
510 2972 633 3013 Decr.
654 2972 706 3013 75
740 2970 891 3023 Congr.
916 2971 989 3025 V„
1032 2969 1148 3011 aliud
1179 2969 1221 3011 in
1254 2969 1346 3011 aliis
1378 2968 1616 3022 praecipuis
1658 2972 1701 3010 et
1741 2980 1850 3022 quae
1892 2970 1984 3009 tan-

259 3060 414 3100 >quam
448 3046 774 3088 fundamentum
805 3050 905 3087 sunt
938 3045 1119 3087 aliarum
1150 3044 1423 3098 plurimum«
1484 3044 1581 3097 (Ep.
1614 3043 1668 3086 ad
1699 3043 1982 3086 Provinciales

257 3122 295 3163 d.
330 3124 396 3164 24.
420 3122 521 3164 Maii
556 3123 699 3175 1611.)
