2164 3535
239 199 324 240 430
544 196 646 231 Neue
674 194 1039 238 Studienvorschlage
1066 194 1130 229 der
1156 194 1354 230 deutschen
1379 195 1531 230 Provinz
1560 198 1656 231 1830.

735 434 766 476 Ι.
829 435 884 476 In
924 446 1230 488 unaquaque
1272 432 1457 475 schola.

382 554 430 594 19
478 551 717 593 Praemium
759 546 889 591 unum
933 550 995 591 vel
1036 550 1164 592 etiam
1206 550 1386 591 alterum
1434 562 1483 590 ex
1523 549 1756 601 Progressu
1804 562 1958 605 annuo,

239 640 315 681 pro
347 639 430 680 quo
463 628 764 679 computantur
795 629 836 677 a)
870 625 1206 667 Exercitationes
1241 625 1339 678 styli
1372 625 1500 667 semel
1535 625 1576 666 in
1609 624 1873 667 hebdomada
1895 625 1959 667 vel

240 705 305 744 ter
320 702 360 743 in
384 714 526 744 mense
548 701 764 743 faciendae
787 701 900 743 intra
917 700 1157 742 scholarum
1181 704 1360 753 tempus.
1410 700 1451 751 b)
1483 699 1688 741 Examina
1710 700 1820 742 circa
1841 713 1960 753 prae—

240 780 361 830 cepta
389 776 558 819 scholae
586 776 770 830 propria,
803 776 1101 829 explicationes
1125 775 1367 828 authorum,
1401 775 1637 817 doctrinam
1661 775 1959 830 Christianam,

240 852 566 906 Geographiam,
598 851 823 893 Mathesim
853 854 930 893 etc.
980 855 1018 904 c)
1052 851 1365 893 Recitationum
1387 852 1511 892 notae
1533 864 1608 904 per
1631 863 1787 892 annum
1810 849 1958 892 factae.

239 953 294 957 -——
336 929 387 970 29
429 927 491 969 Ex
524 927 725 968 Doctrina
763 926 1014 969 Christiana.
1080 951 1128 956 -—
1192 927 1245 969 39
1287 926 1348 967 Ex
1382 926 1571 968 Historia
1611 929 1654 967 et
1692 925 1961 979 Geographia

239 1005 365 1055 (quae
397 1002 479 1044 duo
511 1015 728 1055 nunquam
759 1002 948 1055 separari
982 1001 1196 1055 deberent,
1228 1001 1262 1043 si
1284 1000 1419 1042 altera
1441 1001 1562 1042 alteri
1584 1001 1872 1052 subserviret).
1902 1026 1951 1030 -—

239 1081 292 1120 49
322 1078 385 1120 Ex
417 1078 597 1120 Mathesi

622 1321 675 1362 II.
739 1320 791 1362 In
824 1320 1099 1362 Rhetorica
1139 1323 1187 1362 et
1227 1319 1577 1361 Humanitate.

303 1438 352 1477 19
386 1436 445 1477 Ex
479 1436 680 1478 Oratione
712 1437 851 1478 soluta
884 1437 1027 1478 latina.

301 1513 352 1553 29
383 1511 445 1552 Ex
479 1511 684 1553 Carmine.

301 1588 352 1629 39
387 1587 450 1628 Ex
483 1587 683 1628 Oratione
714 1588 951 1629 vernacula.

301 1665 354 1705 49
386 1663 448 1704 Ex
482 1663 654 1705 Litteris
686 1662 872 1705 Graecis.

383 1756 428 1797 In
469 1769 724 1810 unaquaque
765 1769 862 1798 vero
903 1758 1082 1799 materia
1122 1757 1356 1810 praemium
1397 1770 1526 1798 unum
1566 1757 1629 1798 vel
1667 1756 1791 1810 plura
1822 1755 1960 1797 forent

245 1844 321 1885 pro
354 1831 431 1873 loci
465 1832 767 1873 consuetudine
800 1835 842 1873 et
873 1832 1175 1885 discipulorum
1203 1845 1389 1874 numero.
1427 1858 1476 1862 —
1511 1832 1839 1884 Nonnumquam
1862 1830 1962 1872 dan-

245 1909 317 1948 tur
348 1907 536 1960 praemia
567 1907 713 1959 (etiam
746 1907 785 1948 in
819 1920 1016 1960 suprema
1048 1906 1352 1960 Grammatica)
1386 1920 1461 1961 pro
1496 1907 1686 1960 Epistola
1716 1907 1803 1948 sive
1833 1906 1965 1947 latina

246 1982 334 2023 sive
370 1982 616 2033 vernacula,
664 1982 777 2035 quod
819 1983 988 2035 quidem
1030 1983 1240 2035 aliquibus
1278 1983 1482 2023 absonum
1529 1982 1715 2034 videtur⁷
1762 1980 1958 2033 quoniam

249 2057 440 2110 Epistola
470 2057 510 2098 in
545 2057 746 2099 Oratione
777 2070 851 2098 seu
884 2056 1217 2110 Aniplificatione
1249 2057 1527 2098 contineatur.

686 2323 762 2364 III.
824 2323 878 2364 In
919 2322 1109 2364 scholis
1151 2322 1533 2364 Grammaticae.

310 2440 359 2480 19
392 2437 455 2479 Ex
488 2438 690 2480 Versione
720 2438 1142 2481 vernaculo—Latina.

308 2514 359 2555 29
393 2514 455 2554 Ex
487 2513 691 2555 Versione
722 2514 1142 2556 Latino-vernacula.

308 2588 360 2630 39
392 2588 454 2629 Ex
486 2588 658 2631 Litteris
691 2588 876 2631 GraecIs.

388 2681 434 2722 In
476 2693 673 2734 suprema
707 2682 995 2723 Grammatica
1037 2682 1163 2723 etiam
1197 2682 1378 2724 Carmini
1418 2681 1649 2734 praemium
1683 2680 1811 2721 tribui
1843 2680 1961 2721 solet.

254 2779 302 2784 —
338 2754 446 2796 Sunt
478 2756 676 2811 Collegia,
708 2756 749 2797 in
781 2757 934 2809 quibus
966 2760 1008 2798 et
1040 2756 1347 2810 Oalligraphiae
1379 2756 1612 2809 praemium
1645 2755 1782 2809 datur,
1815 2765 1963 2807 oppor-

252 2831 352 2870 tune
393 2830 582 2882 quidem,
629 2831 708 2872 nisi
750 2831 862 2883 quod
904 2831 1005 2873 haec
1048 2844 1116 2873 ars
1155 2831 1207 2873 ad
1249 2831 1533 2886 gymnasium,
1579 2842 1661 2882 quo
1694 2841 1961 2881 occupamur,

252 2904 460 2956 pertinere
492 2918 571 2946 non
606 2906 817 2955 videatur,
859 2919 931 2947 nec
964 2906 1155 2959 magistri
1188 2919 1330 2947 omnes
1363 2906 1468 2947 tales
1501 2908 1618 2957 sunt,
1662 2904 1731 2957 qui
1775 2904 1963 2957 exempla

255 2979 332 3020 rite
365 2979 584 3022 ordinatae
617 2981 850 3033 scripturae
884 2982 1086 3034 praebere
1116 2982 1294 3023 valeant.

391 3054 460 3095 Ad
499 3068 595 3107 reg.
631 3058 764 3096 2-8.
829 3056 934 3096 Cum
971 3068 1052 3096 non
1095 3056 1231 3097 solum
1271 3055 1310 3096 in
1353 3055 1676 3108 scriptionibus,
1723 3054 1796 3095 sed
1836 3054 1962 3095 etiam

255 3127 515 3169 examinibus
537 3128 588 3169 de
611 3128 803 3170 doctrina
821 3128 1074 3184 Christiana„
1093 3129 1143 3170 de
1164 3129 1364 3183 Historia,
1388 3128 1667 3183 Geographia,
1690 3127 1964 3170 Arithmetica
