2164 3535
256 241 308 283 38
742 234 1032 270 Oberdeutscher
1057 232 1329 277 Lektionsplan.
1381 233 1481 267 1736.

257 379 436 422 Pontani
477 391 527 421 ex
565 377 776 419 volumine
797 376 829 418 Ι.
863 375 928 418 vel
967 387 1016 416 ex
1054 372 1308 416 selectorum
1339 372 1765 426 Progymnasmatum
1797 371 1903 414 libro
1925 372 1980 414 ΙΙ.

258 455 339 509 (Ex
372 453 516 497 Ordin.
548 453 670 495 Prov.
707 452 777 506 §8
810 464 848 493 n.
874 452 930 503 8.)

396 530 461 572 Ex
491 528 660 582 linguae
684 527 871 570 Graecae
902 524 1153 567 rudimentis
1183 523 1281 565 huic
1303 522 1481 565 Scholae
1513 523 1784 575 assignantur
1814 525 1985 577 praeter

259 605 499 648 inflexiones
537 603 753 645 nominum
792 604 859 654 (ex
899 599 1107 642 inferioris
1140 598 1308 641 Ordinis
1341 597 1485 641 Classe
1526 597 1787 650 recolendas)
1830 597 1985 639 forma-

260 681 394 724 tiones
437 679 739 733 adjectivorum
781 690 876 719 cum
923 675 1125 729 gradibus
1166 674 1518 729 comparationis,
1560 672 1901 729 pronominibus,
1944 675 1987 715 et

260 756 387 800 verbo
419 754 698 798 substantivo.
765 752 957 806 (Observ.
993 751 1046 794 ad
1081 750 1215 793 Catal.
1248 749 1317 792 lib.
1351 763 1391 791 n.
1415 750 1467 803 I.)

400 831 463 872 Ex
504 828 766 872 Catechismo
808 840 939 882 parvo
972 827 1075 869 Ven.
1106 826 1151 868 P.
1185 826 1300 868 Petri
1342 825 1496 868 Canisii
1543 824 1868 878 explicabuntur
1905 824 1989 866 tria

263 907 402 961 capita
432 906 587 959 priora,
621 904 889 957 addeturque
919 903 1139 957 explicatio
1173 901 1391 955 Evangelii
1420 901 1572 943 Latini.
1621 900 1839 953 (Consuet.
1863 899 1986 941 Prov.

263 996 296 1025 c.
321 984 344 1024 6
378 995 416 1024 n.
441 984 463 1022 7
498 984 541 1024 et
571 982 629 1031 8.)

400 1057 465 1099 Ex
496 1055 764 1098 Rudimentis
796 1054 1021 1097 Historicis
1061 1051 1341 1107 usurpabitur
1374 1051 1635 1106 Opusculum
1675 1050 1906 1093 secundum
1939 1049 1990 1092 de

264 1134 449 1188 quatuor
481 1130 751 1174 Monarchiis.
816 1129 933 1184 (Ord.
969 1128 1069 1183 Sup.
1102 1128 1216 1182 nov.)

402 1208 465 1250 Ex
496 1206 721 1249 Amalthea
753 1205 1007 1248 Germanica
1039 1207 1082 1247 et
1113 1204 1267 1247 Latina
1309 1217 1384 1246 seu
1416 1203 1560 1246 Indice
1599 1202 1812 1256 locuplete
1845 1201 1991 1244 dictio-

264 1297 365 1327 num
396 1296 446 1326 ex
467 1282 727 1325 Germanicis
756 1281 1007 1324 Latinarum
1039 1283 1116 1323 cet.
1155 1280 1207 1322 ad
1239 1279 1465 1322 verborum
1498 1279 1661 1333 copiam
1685 1277 1991 1321 conciliandam

266 1359 543 1413 subjicientur
572 1356 862 1401 exercitationi
882 1359 1042 1411 partes,
1078 1368 1183 1409 quas
1216 1354 1326 1397 infra
1349 1354 1557 1410 (Articulo
1581 1354 1694 1407 VII.)
1730 1352 1990 1396 definiemus.

270 1435 350 1487 (Ex
382 1433 556 1477 Observ.
590 1432 644 1476 ad
677 1432 810 1476 Catal.
844 1431 914 1473 lib.
948 1445 987 1474 n.
1012 1430 1103 1484 VI.)

272 1705 314 1749 6.
372 1699 535 1748 Libri
585 1698 1024 1747 Grammaticae
1081 1698 1331 1746 Infimae
1379 1697 1618 1747 Ordinis
1673 1697 1992 1746 inferioris.

408 1817 469 1859 Ex
512 1815 858 1859 Institutionibus
901 1815 946 1856 P.
980 1815 1243 1857 Emmanuel.
1280 1814 1423 1857 Alvari
1465 1814 1713 1869 explicanda
1754 1813 1995 1855 rudimenta

272 1892 604 1948 Grammaticae‚
638 1905 732 1934 cum
770 1891 1008 1945 praeceptis
1047 1890 1368 1944 quatuordecim
1406 1889 1665 1932 facilioribus
1698 1889 1748 1931 de
1781 1893 1996 1932 construc-

275 1969 389 2011 tione
413 1970 455 2010 et
486 1967 581 2010 libri
604 1967 635 2009 Ι.
670 1979 769 2020 pars
802 1967 938 2008 altera
969 1966 1019 2007 de
1053 1966 1276 2019 generibus
1308 1966 1524 2007 nominum
1557 1969 1599 2007 et
1631 1964 1993 2007 declinationibus.

272 2044 390 2097 (Reg.
415 2044 453 2086 8.
485 2043 623 2085 Praef.
647 2042 760 2084 stud.
785 2041 855 2084 inf.
890 2043 973 2096 §Z
1007 2042 1107 2095 Reg.
1135 2044 1170 2083 1.
1203 2041 1280 2084 Ins.
1316 2041 1459 2083 Gram.
1487 2044 1530 2083 et
1562 2040 1737 2083 Observ.
1774 2040 1827 2082 ad
1861 2040 1993 2083 Catal.

271 2119 341 2161 lib.
375 2132 413 2161 n.
437 2118 510 2171 ΙΙ.)

410 2194 473 2236 Ex
505 2193 766 2235 Authoribus
807 2192 1114 2246 praelegendae
1156 2192 1380 2235 facillimae
1418 2204 1612 2246 quaeque
1643 2195 1773 2245 atque
1805 2191 1859 2233 ad
1890 2190 1997 2232 hanc

274 2282 360 2311 rem
406 2269 587 2311 selectae
619 2270 934 2322 separatimque
967 2281 1145 2311 excusae
1177 2269 1389 2311 Ciceronis
1422 2269 1637 2322 epistolae.
1701 2268 1819 2321 (Reg.
1848 2270 1882 2309 1.
1916 2265 1993 2308 Ins.

275 2344 434 2396 Gram.)
481 2345 557 2386 His
590 2357 689 2386 vero
721 2344 1045 2398 interponentur
1076 2344 1231 2387 selecta
1262 2344 1363 2386 item
1394 2344 1438 2386 P.
1473 2344 1562 2386 Jac.
1586 2343 1767 2385 Pontani
1797 2343 1997 2396 Progym-

274 2422 481 2475 nasmata,
514 2432 563 2462 ex
592 2419 745 2473 quibus
769 2419 1048 2473 explicabitur
1080 2420 1186 2462 liber
1207 2420 1238 2462 Ι.
1272 2420 1338 2462 vel
1367 2420 1494 2462 etiam
1516 2419 1622 2461 liber
1643 2419 1696 2460 II.
1746 2418 1826 2470 (Ex
1849 2417 1994 2460 Ordin.

275 2495 397 2537 Prov.
431 2496 514 2550 §8
549 2508 587 2537 n.
613 2496 670 2548 8.)

413 2570 476 2612 Ex
515 2570 685 2623 linguae
717 2571 907 2613 Graecae
946 2570 1197 2613 rudimentis
1237 2570 1290 2612 ad
1329 2570 1436 2612 hanc
1469 2569 1657 2612 Classem
1696 2571 1890 2622 spectant
1926 2581 1998 2612 no-

276 2645 435 2688 minum
467 2645 766 2688 declinationes
800 2659 893 2688 cum
920 2646 1178 2688 facilioribus
1201 2645 1456 2699 quibusdam
1478 2644 1798 2687 formandorum
1821 2656 1997 2686 casuum

277 2725 609 2774 accentuumque
642 2721 695 2762 ad
726 2721 832 2763 hanc
864 2735 951 2764 rem
984 2721 1287 2775 pertinentium
1318 2720 1687 2774 praeceptionibus
1721 2719 1773 2761 ad
1801 2719 1997 2772 paradig—

277 2798 394 2838 mata
441 2796 767 2838 declinationum
816 2797 856 2838 in
896 2797 986 2850 ipso
1027 2797 1380 2839 Rudimentorum
1421 2796 1562 2838 libello
1605 2794 1827 2848 adjunctis.
1896 2794 1997 2836 Pro-

279 2871 416 2924 prium
449 2871 557 2913 enim
581 2871 757 2913 Scholae
788 2872 913 2925 hujus
946 2885 1100 2914 munus
1133 2872 1210 2914 hoc
1242 2876 1319 2927 est⁷
1352 2876 1400 2914 ut
1430 2885 1512 2913 non
1544 2871 1668 2913 modo
1693 2869 1857 2912 Graeca
1877 2881 1997 2912 accu-

279 2947 371 2987 rate
410 2946 549 2998 legere
581 2945 852 2999 Graecosque
891 2946 1157 2989 characteres
1195 2947 1391 3002 pingere,
1433 2946 1507 2988 sed
1547 2946 1717 2988 nomina
1757 2957 1833 3000 per
1874 2957 1996 2987 casus

279 3019 492 3062 inflectere
531 3020 724 3074 discipuli
771 3021 1004 3064 addiscant.
1074 3022 1192 3075 (Reg.
1219 3025 1253 3063 1.
1289 3021 1356 3063 cit.
1391 3025 1433 3063 et
1465 3021 1638 3063 Observ.
1672 3020 1725 3062 ad
1758 3020 1891 3062 Catal.
1925 3019 1994 3061 lib.

280 3107 319 3137 n.
347 3097 402 3147 1.)
468 3095 791 3149 Praeceptiones
834 3100 977 3139 autem
1018 3110 1092 3139 seu
1136 3097 1305 3150 regulas
1346 3096 1397 3138 de
1437 3095 1679 3138 accentibus
1722 3095 1817 3138 huic
1859 3094 1997 3137 Classi

281 3170 540 3213 necessarias
580 3170 721 3213 licebit
756 3174 978 3225 praeterea
1015 3172 1080 3214 vel
1113 3184 1161 3214 ex
1193 3172 1283 3225 ipso
1317 3172 1516 3214 Gretsero
1549 3172 1691 3225 eJusve
1726 3169 1994 3226 Compendio‚
