2164 3535
686 202 960 246 Heranbildung
985 202 1049 237 der
1073 201 1210 235 Lehrer
1239 204 1336 236 1622.
1794 203 1875 244 207

155 356 246 384 00111
287 343 541 394 doctrinam,
583 346 836 395 apparatum
877 345 920 384 et
958 341 1121 383 dicendi
1162 340 1429 395 facultatem,
1472 352 1581 392 quae
1618 340 1767 382 merito
1812 343 1879 381 tot

155 430 361 459 annorum
393 417 608 459 laboribus
640 417 717 458 sibi
747 416 1069 471 comparaverit,
1102 415 1155 457 ad
1178 415 1413 456 rhetoricae
1437 414 1740 467 professionem
1765 417 1877 456 attu-

155 492 265 543 lerit,
300 505 380 534 non
415 492 550 533 deerit
583 491 662 544 ipsi
694 494 860 544 tempus
894 489 1120 545 sufficiens,
1154 502 1237 543 quo
1272 502 1316 530 se
1350 489 1389 529 in
1422 488 1688 541 gravioribus
1722 489 1879 530 autori-

155 567 234 608 bus
267 571 309 608 ct
340 566 599 608 reconditam
632 565 867 606 doctrinam
899 564 1212 605 continentibus
1245 564 1379 616 magis
1413 563 1633 615 magisque
1675 562 1875 616 perficiat.

155 642 306 693 Itaque
348 641 486 692 legere
527 640 569 680 in
620 639 764 692 primis
814 639 970 691 poterit
1016 651 1159 679 omnes
1212 638 1497 679 rhetoricos
1552 637 1714 679 libros
1768 638 1881 680 Cice-

156 715 268 757 ronis
301 719 342 756 et
363 714 617 766 Aristotelis,
650 717 697 754 ut
728 713 883 754 habeat
913 712 1023 754 unde
1046 713 1374 765 praelectionem
1400 716 1738 766 praeceptorum,
1772 725 1880 765 quae

157 790 222 832 hic
263 789 508 831 difficillima
552 792 635 843 est,
678 800 881 829 exornare
919 787 1064 840 possit.
1128 787 1176 827 In
1210 787 1388 828 eundem
1423 800 1547 828 usum
1579 787 1756 829 subinde
1788 800 1881 840 per-

157 869 300 906 curret
339 868 510 905 autores
551 863 752 916 probatos
796 863 846 904 de
884 874 929 903 re
961 861 1171 916 hortensi,
1215 861 1266 903 de
1298 874 1342 902 re
1374 862 1574 903 vestiaria
1605 864 1648 903 et
1679 862 1881 903 architec-

158 940 296 981 tonica
330 939 612 992 disputantes,
645 941 870 990 ceteraque
902 936 1158 991 hujusmodi,
1190 949 1241 978 ne
1274 936 1515 990 quicquain,
1547 936 1659 988 quod
1693 937 1745 977 ad
1772 936 1880 978 hanc

157 1014 421 1055 literaturam
454 1013 650 1066 pertinet,
683 1012 800 1053 illum
833 1011 991 1064 fugisse
1024 1011 1229 1053 videatur.

294 1089 447 1130 Postea
478 1088 689 1129 variarum
724 1087 912 1139 gentium
945 1086 1267 1139 probatissimos
1300 1085 1599 1135 historicos,
1638 1089 1726 1127 tam
1765 1099 1882 1139 grae-

159 1176 227 1205 cos
261 1175 387 1216 quam
418 1163 586 1215 latinos,
621 1161 822 1203 Senecam
853 1161 1171 1215 philosophum,
1206 1161 1408 1203 Macrobii
1443 1161 1707 1215 Saturnalia,
1740 1164 1877 1202 totum

131 1223 411 1279 'Caussinum
453 1237 504 1278 de
544 1249 666 1279 sacra
705 1240 746 1278 et
787 1236 964 1289 profana
1001 1236 1303 1290 eloquentia1),
1349 1236 1590 1289 similesque
1631 1238 1793 1278 attente
1838 1238 1880 1278 et

158 1313 347 1354 studiose
378 1313 578 1365 perleget.

297 1388 359 1429 De
391 1387 499 1429 stili
532 1387 829 1428 exercitatione
863 1386 977 1427 aliud
1009 1386 1383 1439 praescribendum
1407 1400 1490 1428 non
1514 1387 1696 1441 videtur,
1730 1386 1809 1428 nisi
1836 1390 1883 1428 ut

158 1462 261 1503 illud
303 1475 384 1503 non
425 1462 592 1503 omnino
634 1461 838 1514 negligat,
883 1474 965 1514 quo
1005 1462 1138 1513 magis
1179 1462 1250 1502 illa
1292 1461 1456 1503 dicendi
1505 1462 1707 1511 facultas,
1752 1475 1879 1514 quam

159 1537 270 1579 haud
313 1537 438 1579 dubie
479 1541 575 1578 ante
617 1537 694 1577 sibi
734 1536 1015 1589 comparavit,
1066 1537 1106 1577 in
1151 1536 1238 1577 dies
1282 1549 1423 1577 rerum
1475 1549 1521 1578 ac
1571 1538 1883 1578 sententiarum

160 1613 279 1666 copia
310 1612 557 1654 efflorescat.

463 1877 508 1929 h)
556 1878 625 1919 De
665 1876 933 1930 temporis
977 1876 1399 1918 distributione.
1452 1879 1574 1919 11322.

301 1994 373 2043 At,
405 1993 590 2048 inquies,
618 1993 820 2045 temporis
854 1993 1068 2045 angustia,
1111 2005 1196 2045 qua
1227 1996 1401 2046 propter
1434 1992 1669 2034 ordinarias
1706 2005 1883 2046 occupa-

162 2068 296 2109 tiones
335 2068 527 2120 magistri
567 2072 840 2121 preinuntur,
881 2068 1048 2109 omnino
1088 2067 1309 2120 impediet,
1351 2068 1575 2120 quominus
1609 2071 1673 2109 tot
1705 2068 1881 2110 diversis

164 2143 533 2184 exercitationibus
566 2155 717 2184 vacare
749 2143 923 2195 possint.

301 2219 425 2270 Resp.
487 2217 530 2258 Si
563 2223 663 2271 apta
693 2217 767 2259 fiat
798 2218 999 2271 temporis
1033 2218 1300 2269 distributio,
1333 2223 1375 2260 et
1406 2218 1556 2259 modus
1588 2218 1800 2271 studendi,
1834 2217 1886 2259 ab

164 2292 306 2334 infima
337 2293 470 2334 classe
492 2292 727 2343 inchoatus,
760 2293 906 2333 sedulo
930 2292 1125 2346 deinceps
1149 2293 1434 2345 continuetur,
1468 2294 1606 2334 omnia
1640 2293 1886 2347 supradicta

164 2373 383 2423 praestare
405 2372 605 2422 poterunt
627 2371 669 2410 et
691 2368 827 2409 01111110
851 2372 1039 2422 tempore
1063 2369 1354 2411 abundabunt.
1411 2368 1577 2410 Suadeo
1602 2368 1746 2421 igitur,
1779 2368 1887 2410 hanc

166 2444 368 2498 temporis
401 2444 741 2486 distributionem
775 2444 947 2485 servari.

308 2522 342 2560 1.
391 2519 512 2569 Quod
544 2521 710 2571 tempus
743 2518 1060 2560 meditationem
1092 2519 1202 2560 inter
1234 2521 1276 2560 et
1307 2518 1472 2560 initium
1498 2519 1737 2560 scholarum
1760 2518 1888 2561 inter-

168 2594 292 2649 cedit,
323 2597 460 2635 totum
494 2593 663 2635 dabitur
694 2593 743 2635 iis
776 2595 902 2635 rebus
932 2594 1146 2647 parandis,
1181 2606 1290 2647 quae
1321 2594 1363 2635 in
1396 2594 1681 2647 subsequente
1711 2594 1888 2636 lectione

169 2669 384 2722 discipulis
416 2669 647 2711 tradendae
680 2672 791 2711 sunt.
845 2670 931 2710 Nec
963 2681 1064 2710 sane
1095 2669 1138 2710 id
1171 2682 1320 2722 parum
1354 2669 1485 2710 videri
1517 2673 1671 2722 potest,
1704 2670 1738 2710 si
1765 2670 1889 2722 juxta

168 2745 490 2786 instructionem
513 2743 703 2797 Catalogi
736 2744 927 2797 perpetui
956 2744 1042 2797 jani
1076 2747 1172 2785 ante
1205 2744 1407 2795 magister
1438 2746 1608 2785 autores
1641 2744 1744 2785 istos
1779 2744 1888 2785 evol-

170 2820 277 2861 verit
307 2823 349 2860 et
380 2819 420 2860 in
453 2819 619 2872 privata
651 2819 736 2860 stili
769 2819 1066 2860 exercitatione
1098 2818 1288 2860 themata
1307 2819 1393 2872 jam
1416 2822 1541 2860 antea
1563 2819 1885 2860 concinnaverit.

171 2894 372 2936 Similiter
403 2906 426 2935 a
459 2894 716 2936 recreatione
747 2894 1049 2948 pomeridiana,
1082 2894 1196 2946 quod
1227 2897 1393 2946 tempus
1416 2894 1637 2935 lectionem
1661 2893 1885 2947 antecedit,

311 3010 334 3053 ¹)
362 3008 602 3051 Eloquentiae
629 3018 753 3042 sacrae
773 3013 808 3042 et
826 3008 1005 3042 humanae
1024 3007 1215 3050 Parallela,
1242 3007 1323 3041 libri
1343 3007 1437 3041 XVI.
1465 3008 1623 3041 Auctore
1643 3007 1681 3041 P.
1701 3006 1886 3040 Nicolao

173 3067 389 3101 Caussino
416 3066 585 3100 Trecensi
618 3076 636 3100 e
670 3066 704 3099 S.
721 3065 756 3100 J.
795 3066 943 3100 Flexiae
973 3067 1076 3109 1617,
1111 3065 1170 3099 fol.
1223 3066 1283 3099 Ost
1309 3065 1510 3109 ausgelegt,
1545 3065 1623 3099 eine
1657 3065 1710 3098 ed.
1737 3067 1784 3108 83²
1822 3064 1887 3099 Co-

173 3124 289 3158 loniae
317 3124 540 3168 Agrippinae
571 3127 667 3169 1681,
692 3128 747 3160 40.
