2164 3535
491 249 594 284 Neue
621 247 983 291 Studienvorschlage
1009 247 1073 282 der
1097 247 1294 282 deutschen
1318 247 1471 282 Provinz
1500 251 1596 284 1830.
1829 252 1910 292 429

187 391 238 432 29
273 389 380 440 Quia
410 389 561 431 umbra
592 391 658 431 est
688 388 906 431 monitoris
938 388 1151 430 infunesta
1180 387 1459 430 instructione
1489 390 1640 429 mutua
1670 387 1903 441 (enseigne-

188 470 303 508 ment
334 465 526 514 mutuel).
589 463 708 520 [Sic]

326 556 397 597 Ad
430 568 527 608 reg.
556 557 622 597 38.
675 556 724 597 In
747 556 889 597 multis
920 555 1160 608 regionibus
1184 555 1372 597 odiosum
1398 558 1462 598 est
1484 555 1732 597 correctoris
1755 568 1903 597 nomen

189 636 231 673 et
274 630 469 672 officium.
534 629 577 671 Si
619 634 759 671 tamen
802 630 1066 672 retinendum
1111 634 1332 672 censeatur
1370 630 1745 683 (quemadmodum
1784 633 1827 672 et
1864 630 1906 671 in

189 705 382 747 Helvetia
404 705 644 757 retinetur),
677 705 954 757 expungenda
975 705 1174 746 videntur
1195 705 1337 755 verba,
1372 709 1418 746 ut
1439 705 1640 746 correctio
1663 705 1906 758 imponatur

193 794 307 833 »per
338 780 555 833 aliquem
587 792 641 821 ex
674 779 1054 829 scholasticis«3
1088 779 1350 821 intolerabile
1383 780 1492 821 enim
1524 783 1636 822 esset
1666 779 1908 833 hujusmodi

189 855 437 896 scholastico
470 855 509 895 in
544 854 695 896 scholis
731 866 1013 906 perseverare.

328 946 399 987 Ad
431 958 526 998 reg.
556 947 623 987 46.
685 945 816 987 Moris
847 946 889 986 in
920 945 1075 987 nostris
1108 946 1348 998 regionibus
1381 950 1458 1001 est,
1490 951 1538 988 ut
1569 948 1783 990 auditores
1816 952 1906 990 tum

190 1022 468 1074 superiorum,
501 1025 591 1062 tum
622 1021 868 1062 inferiorum
900 1020 1140 1062 scholarum
1173 1025 1292 1062 extra
1325 1025 1490 1074 tempus
1514 1021 1681 1064 scholae
1704 1023 1905 1065 accedant

191 1096 244 1138 ad
282 1108 445 1137 sacram
491 1096 827 1147 Confessionem,
879 1096 998 1149 cujus
1037 1099 1167 1138 testes
1210 1096 1431 1138 schedulas
1475 1096 1578 1137 dant
1619 1097 1910 1151 Confessariis⁷

191 1170 409 1212 Praefecto
443 1170 537 1212 dein
570 1174 612 1212 et
633 1171 848 1223 Magistris
881 1170 1125 1227 tradendas,
1157 1174 1205 1212 ut
1237 1170 1418 1213 habetur
1452 1184 1535 1224 reg.
1558 1173 1581 1213 9
1615 1172 1772 1214 Comm.
1796 1173 1909 1214 Prof.

193 1245 323 1288 Class.
357 1246 426 1287 inf.
468 1271 511 1274 —
547 1246 595 1287 In
626 1259 742 1288 more
775 1259 943 1300 quoque
979 1247 1091 1300 apud
1122 1259 1198 1288 nos
1231 1247 1417 1300 positum
1449 1251 1532 1299 est,
1566 1251 1613 1288 ut
1645 1260 1789 1290 omnes
1822 1253 1910 1290 stu-

192 1321 298 1363 diosi
330 1321 393 1362 bis
426 1323 542 1362 terve
574 1322 614 1363 in
647 1335 755 1363 anno
790 1326 912 1375 (puta
934 1323 1060 1364 Festo
1093 1335 1123 1364 s.
1150 1322 1351 1365 Stanislai
1387 1336 1422 1363 v.
1448 1335 1477 1364 s.
1505 1322 1773 1377 Catharinae,
1805 1323 1910 1365 feria

192 1395 340 1448 quinta
380 1395 421 1436 in
455 1395 593 1437 Coena
624 1396 793 1437 Domini
832 1400 874 1438 et
911 1398 1018 1439 festo
1060 1410 1090 1439 s.
1125 1397 1303 1451 Aloysii)
1336 1397 1502 1451 publice
1535 1401 1577 1440 et
1607 1410 1751 1440 omnes
1784 1399 1909 1441 simul

191 1470 270 1511 sub
302 1470 430 1512 missa
461 1471 635 1512 solemni
668 1471 721 1512 ad
753 1484 917 1514 sacram
940 1472 1256 1514 Eucharistiam
1288 1473 1505 1525 accedant,
1538 1474 1610 1527 qui
1642 1487 1732 1516 mos
1765 1478 1910 1517 utrum

192 1545 435 1586 retinendus
467 1546 536 1601 sit,
568 1547 609 1587 in
632 1550 857 1600 utramque
881 1551 1047 1601 partem
1069 1548 1313 1601 ventilatur,
1347 1549 1438 1590 aliis
1462 1548 1783 1599 affirmantibus,
1818 1553 1910 1591 tum

192 1623 366 1674 propter
397 1620 728 1663 aedificationem
759 1622 992 1675 publicam,
1036 1628 1125 1665 tum
1159 1624 1258 1677 quia
1290 1624 1448 1666 abusus
1481 1638 1562 1666 non
1595 1625 1821 1667 admodum
1860 1626 1910 1666 ti-

192 1699 378 1747 mentur3
419 1696 510 1737 aliis
551 1701 699 1738 contra
740 1698 992 1750 negantibus
1026 1701 1201 1751 propter
1232 1699 1440 1752 sacrilegii
1472 1700 1724 1753 periculum3
1770 1701 1910 1743 sciunt

193 1770 301 1812 enim
350 1771 411 1812 vel
460 1772 750 1827 suspicantur,
797 1772 862 1814 vel
908 1772 961 1814 ab
1007 1774 1147 1815 invitis
1193 1775 1332 1816 notari
1378 1775 1449 1827 qui
1497 1776 1671 1817 solemni
1715 1776 1792 1818 hac
1840 1775 1910 1819 die

193 1857 339 1887 sacrae
370 1858 541 1888 mensae
572 1859 654 1888 non
685 1847 952 1900 participant.

652 2210 915 2260 Scribendi
952 2212 1016 2261 ad
1054 2231 1266 2263 examen
1302 2215 1454 2281 leges.

333 2337 452 2379 Circa
491 2337 568 2378 has
600 2337 711 2390 leges
745 2339 1054 2381 observandum
1088 2342 1284 2383 recurrit:
1334 2342 1437 2383 Cum
1470 2342 1510 2383 in
1543 2343 1698 2384 nostris
1731 2343 1910 2395 regioni-

193 2412 271 2454 bus
317 2413 513 2454 tradatur
558 2413 685 2454 etiam
731 2413 833 2455 ordo
881 2414 1097 2457 doctrinae
1142 2428 1218 2468 pro
1274 2417 1562 2469 superioribus
1616 2418 1904 2473 facultatibus,

194 2500 345 2539 magno
395 2488 667 2530 scientiarum
721 2492 763 2530 et
809 2489 1044 2531 studiorum
1091 2491 1373 2532 emolumento
1420 2491 1499 2533 hae
1545 2493 1747 2535 examinis
1794 2493 1909 2546 leges

194 2563 318 2604 etiam
351 2563 402 2604 ad
434 2563 509 2605 has
541 2564 830 2607 extendendae
862 2568 971 2606 sunt.

769 2899 929 2965 Leges
969 2899 1330 2952 Praemiorum.

330 3024 399 3065 Ad
438 3036 533 3075 reg.
572 3027 603 3065 1.
674 3025 963 3068 Praemiorum
1004 3038 1204 3067 numerus
1240 3027 1330 3079 jam
1371 3040 1450 3067 usu
1494 3028 1659 3078 recepto
1713 3026 1907 3069 diversus

193 3101 268 3140 est.
344 3098 489 3141 Multis
536 3099 674 3152 placet
717 3112 896 3153 sequens
949 3101 1052 3143 ordo
1099 3101 1171 3154 qui
1215 3101 1256 3142 in
1303 3100 1496 3142 Helvetia
1540 3100 1788 3153 plerumque
1837 3101 1908 3143 ob-

193 3176 398 3215 servatur.
