2164 3535
691 216 967 260 Heranbildung
991 216 1054 251 der
1078 216 1217 250 Lehrer
1247 218 1343 250 1622.
1801 218 1882 258 205

297 355 458 397 Stilus
492 356 731 397 versabitur
764 357 804 397 in
838 356 1135 410 componendis
1169 355 1431 397 orationibus
1465 356 1517 398 ad
1551 355 1763 398 Ciceronis
1796 356 1883 396 imi-

158 431 374 481 tationem,
406 431 447 471 in
479 430 780 472 conscribenda
811 431 928 472 brevi
962 431 1104 483 aliqua
1136 430 1332 484 historia,
1366 431 1503 483 qualis
1535 432 1622 474 fere
1656 433 1698 473 in
1733 431 1882 472 annuis

160 505 314 547 nostris
356 505 563 553 cernitur,
612 504 665 545 ad
708 505 853 557 optimi
897 504 1084 546 historici
1125 505 1414 547 imitationem.
1485 506 1589 547 Tum
1640 506 1884 547 consultum

160 592 328 632 quoque
361 579 454 633 erit,
487 579 634 619 drama
666 578 836 631 aliquod
869 579 1047 620 subinde
1079 580 1342 635 concinnare,
1374 580 1414 620 in
1450 593 1533 633 quo
1567 581 1630 622 vel
1661 581 1882 622 Terentius

161 655 224 696 vel
246 654 423 695 Plautus
456 654 521 695 vel
543 653 714 702 Seneca,
746 652 953 705 siquidem
986 654 1223 705 argumenti
1257 654 1442 707 gravitas
1466 655 1665 707 postulet,
1699 668 1773 708 per
1794 655 1883 696 imi-

159 729 363 770 tationem
394 729 692 782 exprimantur.
738 753 787 757 —
828 728 909 769 Pro
943 728 1138 769 exercitio
1172 740 1387 779 graecae
1420 730 1625 782 linguae
1658 730 1759 770 utile
1792 729 1884 783 erit,

161 804 395 846 orationem
427 804 611 856 aliquam
644 803 707 844 vel
741 803 959 844 historiam
992 803 1168 843 latinam
1201 803 1363 845 classici
1396 805 1581 846 auctoris
1614 805 1652 845 in
1687 817 1882 857 graecam

161 879 346 931 linguam
378 879 691 928 transfundere,
724 880 888 919 attenta
921 878 1142 930 utriusque
1175 878 1341 929 linguae
1373 879 1633 931 proprietate
1665 881 1707 920 et
1739 879 1881 920 discri-

163 954 285 1001 mine,
318 953 443 1005 idque
477 953 528 994 ad
562 953 796 1006 exemplum
830 953 999 994 Antonii
1032 951 1179 993 Schori
1210 952 1248 992 in
1283 965 1409 1006 saepe
1442 954 1569 994 citato
1603 954 1754 995 libello.

605 1216 636 1269 f)
683 1218 776 1258 Pro
816 1217 1059 1270 magistro
1100 1217 1447 1259 humanitatis⁴

303 1333 406 1375 Cum
449 1333 662 1386 professor
702 1333 1002 1383 humanitatis,
1044 1333 1106 1373 uti
1149 1336 1191 1374 et
1232 1332 1395 1381 rhetor,
1445 1332 1660 1385 graviores
1700 1333 1886 1375 habeant

163 1409 466 1462 praelectiones
499 1412 541 1450 et
572 1409 750 1450 multum
784 1407 1081 1449 concinnandis
1115 1412 1156 1449 et
1189 1407 1446 1460 corrigendis
1479 1408 1677 1449 thematis
1708 1408 1887 1461 discipu—

164 1483 301 1525 lorum
345 1488 625 1537 occupentur,
668 1484 804 1525 minus
846 1484 1049 1536 temporis
1091 1484 1326 1533 invenient,
1370 1484 1482 1536 quod
1527 1484 1702 1536 privatis
1735 1484 1887 1525 exerci—

165 1558 396 1600 tationibus
429 1559 679 1609 attribuant,
712 1559 879 1600 interim
912 1562 1067 1609 tamen,
1101 1559 1135 1600 si
1166 1572 1242 1612 per
1274 1560 1429 1601 classes
1453 1558 1671 1600 inferiores
1695 1559 1888 1600 ordinate

166 1646 243 1675 sua
266 1633 407 1675 studia
429 1633 702 1689 instituerint,
722 1633 859 1675 adhuc
878 1638 1045 1686 tompus
1067 1634 1291 1684 invenient,
1312 1647 1394 1687 quo
1418 1634 1628 1687 privatum
1652 1645 1776 1674 suum
1799 1637 1889 1675 stu-

167 1708 282 1749 dium
315 1708 474 1749 utiliter
506 1708 753 1749 continuare
785 1712 1002 1761 poterunt:
1038 1709 1257 1750 Professor
1288 1709 1431 1762 itaque
1463 1708 1739 1750 humanitatis
1770 1708 1888 1749 initio

167 1783 263 1824 anni
295 1783 547 1825 rhetoricam
581 1783 715 1824 Soarii
748 1787 911 1836 repetet
943 1787 984 1825 et
1017 1784 1155 1825 onmia
1187 1786 1417 1837 praecepta
1448 1784 1656 1837 oratoria,
1698 1796 1806 1836 quae
1847 1783 1888 1824 in

167 1858 377 1900 rhetorica
414 1858 607 1911 sequenti
646 1871 754 1899 anno
788 1859 1091 1911 explanaturus
1124 1862 1210 1908 est,
1254 1858 1500 1900 successivis
1533 1858 1646 1900 horis
1679 1858 1888 1911 perleget3

168 1933 347 1986 denique
387 1933 582 1974 volumen
615 1933 865 1975 Orationum
898 1933 1188 1975 Tullianarum
1231 1946 1254 1975 a
1293 1946 1338 1975 se
1368 1934 1409 1974 in
1443 1933 1652 1975 rhetorica
1684 1945 1890 1985 exponen-

168 2007 267 2048 dum
299 2008 449 2048 iterum
484 2008 659 2049 evolvet.
724 2008 877 2049 Postea
908 2008 1215 2062 Panegyricum
1242 2008 1363 2049 Plinii
1396 2008 1446 2050 de
1477 2008 1674 2049 laudibus
1707 2008 1889 2060 Traiani,

168 2081 493 2124 declamationes
516 2082 773 2133 Quintiliani,
807 2083 1018 2124 orationes
1051 2096 1072 2124 e
1096 2083 1212 2124 Livio
1236 2084 1414 2125 selectas
1439 2083 1579 2125 videre
1600 2083 1754 2124 licebit.
1803 2083 1890 2124 Nec

168 2158 458 2211 improbavero
483 2159 694 2200 orationes
719 2159 880 2211 aliquot.
903 2159 1183 2201 recentiorum
1202 2171 1248 2200 eo
1268 2159 1483 2212 proposito
1508 2159 1660 2211 legere,
1685 2162 1732 2199 ut
1752 2158 1891 2199 videre

169 2233 324 2287 possis,
367 2246 448 2286 quo
491 2236 613 2286 pacto
652 2234 729 2286 ipsi
772 2233 1014 2275 Ciceronem
1053 2239 1095 2275 et
1137 2234 1239 2275 alios
1279 2234 1363 2276 sint
1394 2234 1565 2288 imitati,
1606 2234 1752 2286 quales
1793 2236 1893 2275 sunt

171 2307 377 2362 Muretus,
409 2308 742 2361 Pe1·pinianus¹),
775 2309 1048 2363 Majoragius,
1081 2309 1310 2351 Turnerus.

309 2389 343 2430 E
376 2389 539 2441 poetis
572 2390 675 2430 utile
707 2390 784 2431 erit
824 2390 876 2430 ad
919 2390 1178 2442 irrigandam
1221 2395 1263 2431 et
1305 2389 1471 2443 optimis
1512 2389 1760 2442 phrasibus,
1802 2402 1894 2432 sen-

171 2465 314 2506 tentiis
346 2468 388 2506 et
419 2465 604 2506 numeris
637 2465 852 2506 ditandam
887 2478 1034 2506 venam
1067 2465 1273 2518 poeticam
1298 2465 1473 2517 Virgilii,
1508 2464 1729 2506 Claudiani
1751 2464 1894 2506 Statii-

172 2552 254 2592 que
293 2552 422 2592 opera
460 2543 662 2593 repetere.
730 2540 954 2592 Ceteroqui
992 2540 1135 2581 licebit
1165 2540 1292 2581 etiam
1326 2539 1472 2581 Silium
1506 2540 1720 2589 Italicum,
1762 2539 1895 2580 Mani-

173 2614 294 2667 lium,
336 2614 553 2656 Sedulium
593 2614 779 2667 aliosque
819 2615 945 2656 etiam
979 2615 1231 2657 recentiores
1263 2627 1339 2668 pro
1373 2627 1516 2656 rerum
1549 2615 1669 2667 copia
1701 2614 1894 2667 augenda

172 2689 322 2741 legere.
386 2689 475 2739 Quo
518 2694 640 2742 parto
681 2703 776 2731 vero
809 2690 997 2731 themata
1030 2703 1104 2743 pro
1139 2690 1354 2743 discipulis
1387 2704 1435 2732 ex
1467 2690 1708 2743 hujusmodi
1740 2690 1895 2731 autori-

173 2764 252 2805 bus
293 2764 551 2806 extrahenda
591 2768 633 2807 et·
672 2765 928 2806 conficienda
969 2766 1073 2817 sint,
1121 2770 1280 2808 norunt
1320 2766 1369 2819 ii,
1418 2766 1489 2819 qui
1536 2779 1583 2807 ex
1624 2765 1894 2807 Institutione

174 2839 218 2880 P.
240 2839 467 2891 Augustini
500 2840 693 2881 Turriani
725 2843 862 2881 totum
886 2840 1105 2893 Papinium
1128 2839 1311 2882 Statium
1345 2840 1396 2881 ad
1429 2840 1675 2893 qu‹1)tidiana
1708 2839 1895 2881 themata

176 2914 537 2956 accommodatum
571 2920 835 2968 acceperunt.

317 3031 341 3072 ¹)
367 3029 461 3063 Joh.
488 3029 806 3073 Perpinianus,
834 3029 1032 3073 Perpinam
1060 3030 1092 3064 S.
1111 3030 1164 3074 J„
1191 3030 1268 3073 geb.
1295 3041 1338 3063 zu
1364 3030 1476 3064 Elche
1503 3029 1550 3062 im
1576 3028 1796 3071 Konigreich
1824 3027 1894 3061 Va-

176 3087 303 3129 leucia,
331 3092 418 3130 gest.
445 3098 489 3121 zu
515 3087 605 3121 Rom
634 3090 732 3122 1566.
783 3088 974 3121 Orationes
1003 3087 1172 3131 quinque,
1200 3088 1334 3121 Romae
1357 3090 1454 3131 1565,
1479 3088 1534 3130 80,
1563 3086 1614 3120 oft
1639 3085 1831 3128 aufgelegt.
1850 3105 1895 3109 —

177 3144 215 3178 P.
243 3145 443 3178 Torsellino
472 3145 540 3188 gab
569 3148 609 3179 18
636 3145 759 3179 Reden
787 3145 975 3179 desselben
1003 3145 1144 3179 heraus.
1194 3145 1328 3179 Romae
1360 3146 1457 3189 1587,
1483 3147 1538 3179 80.
