2164 3535
544 217 778 262 Verwaltung
803 218 902 254 eines
927 219 1058 263 papstl.
1085 218 1286 254 Alumnats.
1336 218 1440 254 Nach
1468 222 1566 256 1650.
1830 227 1912 267 279

194 355 232 396 d.
267 356 349 397 Pro
383 368 497 409 cera,
532 356 635 411 0160,
668 356 776 412 vino,
810 357 967 400 lotione
998 361 1042 399 et
1072 357 1163 400 aliis
1196 358 1430 400 Ecclesiam
1462 360 1810 403 concernentibus
1844 362 1913 403 de-

192 433 398 484 putantur
428 430 573 473 floreni
596 431 662 473 30.
699 456 749 461 —
783 444 814 473 s.
849 431 980 474 Scuta
1005 435 1054 474 17
1088 433 1166 474 Ι111.
1194 436 1212 474 1
1249 433 1337 475 Β61.
1362 435 1388 475 4
1420 433 1512 476 Ass.
1539 435 1574 475 6.
1640 450 1670 474 e.
1706 434 1911 489 Sumptus

192 505 233 546 in
271 505 450 558 pecunia
480 505 699 547 Pontificia
738 505 819 548 huc
856 507 1150 549 transferenda
1180 507 1386 550 110161118.
1424 533 1472 538 —
1506 521 1537 550 s.
1573 507 1703 551 Scuta
1725 510 1751 551 4
1784 510 1861 552 Iul.
1887 512 1910 552 5

191 580 280 623 Bai.
308 582 330 620 7
372 580 465 622 Ass.
492 581 529 621 3.
609 580 644 633 f.
686 580 997 634 Compensatur
1039 582 1228 625 defectus
1268 582 1513 626 Pontificiae
1552 583 1755 637 pecuniae
1795 585 1913 627 iuxta

191 655 386 708 superius
417 654 603 696 indicata
634 655 704 709 §2
737 668 775 696 n.
801 656 825 696 3
857 655 946 697 flor.
975 658 1038 698 15.
1072 669 1104 698 s.
1138 656 1253 700 Scut.
1278 659 1302 700 8
1336 658 1412 700 Iul.
1439 660 1462 701 5
1495 658 1585 701 Bai.
1611 661 1634 700 7
1667 658 1761 701 Ass.
1785 660 1823 701 3.

332 742 369 782 2.
418 741 579 782 Partim
612 740 849 782 consistunt
879 740 921 782 in
953 741 1079 784 rebus
1111 743 1302 799 incertis,
1336 745 1481 798 quales
1513 757 1605 788 esse
1635 750 1814 799 possunt
1845 760 1911 789 ex-

188 828 344 869 pensae
374 815 416 857 in
448 814 669 857 Breviaria
699 814 1001 872 Alumnorum,
1034 817 1075 858 in
1108 818 1361 873 medicinas,
1395 823 1532 862 vestes
1564 822 1836 876 necessarias,
1868 822 1910 863 in

188 890 433 945 honoraria,
473 890 682 946 subsidia,
724 891 1010 945 eleemosynas
1043 892 1234 935 Alumnis
1273 894 1494 946 egentibus
1535 895 1729 951 collatas,
1771 896 1812 937 in
1846 910 1912 938 ex-

189 965 423 1008 ornandam
455 966 702 1021 Ecclesiam,
735 966 775 1007 in
808 965 1025 1019 fabricam,
1058 966 1382 1019 habitationem,
1416 971 1458 1010 et
1490 981 1555 1010 res
1588 969 1692 1011 alias
1724 973 1911 1027 paratas,

188 1044 230 1083 et
263 1043 483 1094 reparatas
515 1053 590 1094 pro
625 1041 890 1096 necessitate,
923 1054 1019 1096 usn,
1052 1043 1094 1083 et
1125 1041 1273 1083 maiori
1299 1042 1576 1085 Alumnorum
1602 1044 1912 1096 commoditate„

189 1129 299 1170 quae
331 1116 468 1158 omnia
500 1116 542 1157 111
574 1115 810 1158 rationibus
844 1116 1091 1158 cumulatim
1122 1119 1165 1158 et
1196 1129 1279 1159 non
1311 1116 1503 1171 specifice
1534 1121 1747 1160 notantur.

1006 1359 1030 1413 ξ
1062 1360 1099 1401 9.

188 1448 336 1492 Circa
376 1449 742 1492 Ordinationes
782 1450 829 1492 in
870 1451 1115 1503 moribus,
1158 1453 1207 1494 et
1247 1452 1526 1507 disciplina
1569 1455 1912 1498 Alumnorum.

512 1542 575 1587 (Ist
600 1541 701 1577 nicht
727 1542 971 1587 eingetragen,
998 1542 1103 1578 dafiir
1127 1545 1149 1579 7
1175 1543 1242 1579 Bll.
1270 1545 1371 1581 weiss
1398 1545 1590 1590 gelassen.)

933 1777 956 1831 ξ
988 1775 1176 1819 ultimus.

279 1868 441 1911 Circa
477 1868 629 1912 varia
665 1869 923 1912 Alumnos
965 1872 1014 1912 et
1049 1869 1392 1912 Alumnatum
1433 1871 1830 1914 concernentia.

330 1987 364 2026 1.
418 1984 539 2035 Quod
581 1984 761 2038 demptis
806 1985 998 2039 expensis
1038 1985 1231 2027 omnibus
1273 1998 1322 2027 ex
1362 1986 1562 2039 pensione
1594 1985 1814 2028 Pontificia
1854 2000 1915 2029 re-

190 2062 351 2113 manet,
392 2062 435 2101 et
476 2059 590 2112 quod
631 2064 808 2102 vacante
847 2060 1057 2113 tantisper
1090 2060 1323 2102 Alumnatu
1362 2061 1403 2101 in
1446 2061 1660 2103 aerarium
1698 2061 1913 2114 recipitur,

191 2134 366 2188 expendi
398 2138 540 2188 potest
571 2135 635 2177 vel
667 2135 709 2177 in
744 2135 975 2190 Breviaria,
1009 2136 1072 2177 vel
1106 2135 1209 2178 alios
1235 2138 1431 2188 sumptus
1455 2136 1814 2178 extraordinarios
1837 2149 1913 2190 pro

190 2209 364 2252 arbitrio
398 2209 686 2263 Superiorum.

329 2292 365 2332 2.
417 2291 525 2342 Quid
548 2291 739 2333 Pontifex
772 2291 935 2333 tribuat
966 2304 1041 2345 pro
1064 2291 1350 2343 Praesidibus,
1383 2295 1426 2333 et
1454 2292 1655 2346 Famulis,
1688 2291 1841 2344 quidve
1872 2292 1912 2333 in

191 2366 355 2408 aerario
387 2366 444 2408 sit
474 2367 697 2420 reliquum,
731 2366 900 2408 minime
932 2366 1201 2408 indicandum
1224 2367 1416 2409 Alumnis
1450 2366 1501 2408 ob
1530 2379 1679 2419 graves
1708 2367 1907 2409 rationes.

328 2455 364 2495 3.
414 2454 507 2495 Non
548 2453 811 2507 permittitur
840 2453 1052 2508 Alumnis,
1094 2456 1142 2494 ut
1183 2453 1236 2495 ad
1275 2453 1461 2495 rationes
1495 2452 1681 2495 referant
1713 2456 1911 2506 sumptus

189 2528 569 2582 extraordinarios,
612 2541 687 2571 nec
729 2528 850 2570 facile
887 2532 1037 2570 mutua
1071 2528 1199 2569 datur
1229 2527 1427 2583 pecunia,
1460 2527 1559 2580 quia
1590 2528 1840 2581 plerumque
1870 2528 1911 2570 in

187 2603 252 2645 his
286 2603 585 2657 recuperandis
618 2602 844 2645 difficultas
878 2605 953 2645 est.
1017 2601 1194 2655 Opifices
1227 2602 1397 2644 solvunt
1428 2603 1519 2656 ipsi.
1575 2602 1616 2645 Si
1650 2602 1751 2656 quid
1784 2603 1911 2645 etiam

188 2678 316 2720 datur
346 2691 421 2732 pro
454 2678 606 2721 viatico
640 2678 693 2720 ad
726 2677 798 2720 SS.
834 2677 1012 2720 Ordines
1046 2680 1089 2719 et
1119 2676 1362 2733 Breviariis,
1396 2677 1565 2732 expedit
1597 2677 1776 2732 differre,
1810 2677 1911 2719 dum

188 2753 430 2809 absolvant,
472 2754 570 2807 quia
612 2753 823 2796 ordinarie
869 2752 1027 2806 aliquid
1069 2751 1198 2794 debiti
1238 2752 1513 2808 contrahunt,
1556 2752 1693 2794 adhuc
1725 2752 1909 2806 Collegio

188 2829 450 2885 solvendum,
479 2828 593 2882 quod
627 2829 776 2872 deinde
807 2828 965 2870 intuitu
999 2828 1168 2870 illorum
1200 2828 1302 2882 ipsis
1335 2827 1493 2870 remitti
1526 2830 1677 2881 potest.

325 2917 362 2957 4.
410 2916 504 2958 Non
545 2915 784 2967 ferendum,
828 2918 876 2957 ut
907 2927 1013 2957 vane
1046 2927 1091 2957 se
1122 2913 1326 2969 vestiant,
1367 2916 1442 2955 aut
1474 2913 1691 2966 pulverem
1723 2912 1907 2955 crinibus

186 2991 447 3047 inspergant,
481 2994 524 3033 et
555 2991 589 3033 si
615 2990 656 3033 in
678 2990 756 3033 hoc
780 2990 1048 3046 deliquerint,
1082 2989 1209 3032 etiam
1230 2989 1499 3043 poenitentiis
1522 2988 1688 3042 publice
1710 2988 1907 3031 iniunctis

185 3065 398 3120 puniendi.

324 3142 362 3182 5.
412 3140 660 3194 Urgendum
693 3141 907 3196 continuo,
938 3139 1052 3194 quod
1082 3139 1185 3194 ipsis
1209 3139 1250 3181 in
1272 3139 1466 3193 pluribus
1489 3138 1573 3180 iam
1595 3137 1906 3181 visitationibus
