2164 3535
550 214 734 249 Deutsche
760 214 1120 259 Reformvorschlage
1146 215 1205 249 fur
1230 213 1287 248 die
1313 214 1355 248 R.
1383 218 1426 248 st.
1457 217 1553 249 1829.
1831 220 1912 261 389

189 353 392 395 inservire
423 353 574 407 possit:
607 353 678 407 qui
711 366 801 397 mos
833 367 858 396 a
888 354 1032 397 multis
1062 353 1266 396 laudatur
1297 356 1516 408 tamquam
1548 355 1616 397 via
1643 354 1783 398 media
1803 355 1914 398 inter

190 430 420 481 utrumque
459 431 715 481 extremum,
758 441 841 482 quo
883 429 1009 471 simul
1050 428 1211 471 vitatur
1249 431 1291 471 et
1332 428 1573 471 dictationis
1614 429 1829 485 molestia,
1871 433 1913 473 et

186 502 403 544 fastidium
436 503 642 559 auctoris,
681 504 752 557 qui
786 504 922 547 brevis
955 517 1036 546 non
1070 504 1249 558 amplius
1282 504 1439 559 sapiat,
1472 504 1586 558 quod
1617 503 1738 547 facile
1769 504 1910 548 hodie-

189 577 290 619 dum
322 577 487 632 accidit,
519 579 770 629 praesertim
802 579 843 620 in
876 579 1002 621 rebus
1035 579 1230 633 physicis.
1281 578 1480 621 Ceterum
1497 579 1621 633 juxta
1643 580 1912 622 consuetudi-

155 656 282 694 'nem
320 652 406 694 fere
447 652 631 694 omnium
675 653 1022 708 universitatum,
1065 656 1108 695 et
1149 654 1245 695 olim
1285 654 1413 697 etiam
1447 653 1691 710 Societatis,
1731 654 1911 708 quisque

188 727 404 780 professor
435 726 607 780 propria
637 727 795 780 scripta
820 727 1010 783 haberet,
1044 741 1066 770 e
1089 728 1242 781 quibus
1266 728 1474 772 delibaret
1496 729 1762 772 auditoribus
1785 742 1911 783 quae-

187 813 366 855 cumque
398 801 533 854 magis
565 800 787 844 convenire
817 801 1075 844 viderentur.

305 1033 328 1086 ξ
363 1033 401 1073 5.
464 1032 534 1074 De
575 1031 778 1085 regulis
821 1032 1167 1085 professoris
1208 1031 1411 1075 Sacrae
1453 1031 1789 1086 Scripturae.

320 1135 392 1177 Ad
424 1148 510 1188 reg
535 1138 569 1176 1.
618 1135 794 1177 Praeter
816 1135 1136 1188 explicationem
1168 1135 1398 1178 litteralem
1430 1136 1564 1190 ipsius
1596 1138 1737 1179 textus
1762 1149 1908 1180 sacrae

185 1210 442 1266 scripturae,
484 1210 608 1252 hodie
648 1210 805 1264 passim
839 1209 893 1251 ad
924 1222 1079 1251 munus
1121 1208 1372 1263 professoris
1414 1212 1608 1265 spectare
1641 1210 1809 1253 videtur
1841 1225 1908 1254 ex-

183 1285 352 1338 plicatio
384 1284 793 1327 introductionis
827 1284 889 1326 ad
921 1297 1116 1326 sacram
1155 1285 1487 1341 scripturam,
1531 1286 1767 1340 cujusmodi
1801 1300 1907 1340 opus

187 1359 319 1402 edidit
349 1360 459 1402 inter
489 1359 593 1402 alios
625 1359 669 1400 P.
695 1359 942 1412 Goldhagen
976 1358 1016 1401 S.
1036 1359 1118 1413 J.¹)
1180 1360 1298 1402 Illius
1331 1360 1444 1402 modi
1476 1373 1566 1403 mos
1598 1361 1765 1404 initium
1796 1374 1909 1404 sum-

185 1435 241 1477 sit
270 1435 312 1476 in
345 1434 593 1490 Germania,
634 1438 677 1477 et
715 1434 900 1477 dubitari
942 1434 1109 1488 nequit,
1153 1435 1254 1488 quin
1287 1436 1430 1478 multis
1473 1436 1689 1479 erroribus
1722 1439 1765 1480 et
1794 1437 1908 1480 novi-

183 1509 342 1552 tatibus
375 1510 636 1553 occasionem
670 1511 926 1565 praebuerit.
982 1510 1065 1554 Sed
1098 1524 1144 1553 eo
1168 1511 1259 1565 ipso
1291 1512 1470 1555 forsitan
1502 1526 1584 1555 non
1610 1512 1691 1556 erit
1722 1513 1907 1556 alienum

182 1597 207 1626 a
238 1584 388 1638 spiritu
412 1585 655 1641 Societatis,
687 1586 721 1628 si
754 1586 857 1629 haec
889 1586 1015 1628 etiam
1048 1587 1139 1640 pari
1174 1587 1337 1629 ratione
1369 1586 1635 1631 auditoribus
1667 1588 1755 1631 suis
1788 1600 1908 1631 arma

181 1658 493 1715 subministret,
535 1661 688 1714 quibus
721 1661 820 1703 dicti
854 1674 1019 1703 errores
1052 1663 1344 1717 confutentur,
1376 1666 1504 1716 prout
1535 1676 1611 1705 suo
1644 1666 1834 1717 tempore
1863 1663 1906 1706 id

183 1746 276 1775 cum
309 1735 489 1777 maximo
531 1736 722 1778 veritatis
756 1738 798 1778 et
828 1736 1044 1778 saniorum
1085 1736 1390 1791 principiorum
1433 1738 1716 1781 emolumento
1749 1738 1904 1781 citatus

181 1809 225 1850 P.
251 1809 498 1864 Goldhagen
530 1811 796 1865 praestitisse
826 1810 1006 1854 videtur.

311 2036 404 2089 §6
467 2036 537 2077 De
577 2035 791 2089 regulis
831 2035 1176 2090 professoris
1216 2036 1443 2090 linguae
1481 2037 1772 2081 habraeae.

318 2138 387 2180 Ad
420 2139 641 2182 titulum.
695 2141 775 2191 Qui
815 2140 913 2182 olim
954 2140 1175 2183 dicebatur
1216 2141 1431 2194 professor
1471 2140 1641 2194 linguae
1681 2141 1902 2199 hebraeae,

180 2213 303 2256 hodie
334 2214 490 2268 passim
523 2215 737 2267 professor
767 2215 1009 2269 linguarum
1053 2215 1321 2258 orientalium
1353 2219 1549 2270 vocatur3
1588 2216 1702 2269 quod
1734 2217 1903 2270 quidem

184 2301 335 2331 nomeu
367 2302 447 2331 non
482 2289 650 2332 videtur
680 2289 941 2343 indifferens,
974 2294 1202 2344 propterea
1233 2290 1348 2344 quod
1379 2290 1503 2334 hodie
1535 2292 1647 2345 apud
1679 2295 1904 2335 novatores

180 2364 298 2417 parvi
330 2363 405 2406 fiat
435 2368 477 2406 et
519 2366 639 2418 quasi
681 2365 946 2417 ignorantiae
986 2369 1089 2408 nota
1119 2369 1162 2408 et
1193 2365 1253 2408 sic
1294 2366 1526 2408 contemtui
1567 2366 1777 2410 habeatur
1813 2367 1904 2410 sola

179 2439 323 2492 lingua
354 2440 558 2496 hebraea,
591 2442 771 2484 aliarum
802 2442 991 2484 subsidio
1024 2441 1242 2484 destituta.
1307 2440 1505 2484 Ceterum
1538 2454 1633 2484 raro
1665 2442 1904 2485 invenietur

178 2513 291 2556 illius
321 2514 490 2568 linguae
521 2517 704 2573 peritus,
737 2518 807 2570 qui
839 2530 922 2559 non
954 2517 1010 2559 sit
1041 2517 1351 2570 aliquantulum
1383 2519 1578 2559 versatus
1610 2517 1652 2560 in
1686 2517 1900 2571 chaldaea,

180 2589 357 2642 syriaca,
388 2602 540 2643 graeca
572 2594 649 2634 etc.

318 2740 345 2783 ¹)
371 2739 594 2774 Introductio
620 2740 657 2774 in
684 2741 719 2776 S.
738 2741 962 2785 Scripturam
988 2741 1131 2776 Veteris
1157 2751 1200 2776 ac
1225 2741 1317 2776 Novi
1336 2741 1569 2786 Testamenti,
1596 2742 1750 2778 maxime
1777 2747 1902 2778 contra

178 2795 330 2831 the-istas
357 2801 392 2831 et
425 2797 515 2832 varii
547 2798 701 2833 nominis
727 2799 948 2844 incredulos,
980 2799 1016 2833 in
1043 2809 1115 2843 qua
1141 2809 1233 2843 quae
1259 2799 1303 2834 ad
1332 2800 1425 2835 sacri
1452 2799 1586 2835 codicis
1612 2799 1819 2845 Vindicias‚
1853 2801 1899 2836 ad

180 2853 345 2888 criticam
363 2865 502 2889 sacram
529 2861 563 2891 et
581 2867 655 2891 rem
680 2856 937 2900 philologicam
962 2857 1111 2901 faciunt,
1138 2862 1224 2901 apta
1244 2857 1289 2891 ad
1316 2857 1458 2892 scholas
1476 2857 1644 2892 methodo
1672 2857 1899 2893 exhibentur.

178 2911 376 2947 Recensuit
400 2913 678 2950 Hermannus
705 2914 968 2958 Goldhagen
996 2915 1030 2949 S.
1048 2914 1094 2959 J.,
1124 2915 1192 2950 SS.
1219 2915 1343 2950 Theol.
1370 2916 1433 2950 Dr.
1460 2920 1496 2950 et
1522 2916 1555 2950 S.
1577 2915 1786 2960 Scripturae
1811 2915 1898 2950 Pro-

178 2969 293 3004 fessor
316 2981 433 3014 nuper
458 2971 561 3006 Publ.
588 2977 624 3007 et
650 2971 772 3006 Ordin.
822 2971 1034 3015 Moguntiae
1060 2971 1098 3006 P.
1129 2975 1157 3007 1.
1187 2973 1292 3017 17653
1319 2973 1357 3008 P.
1376 2976 1407 3008 2.
1437 2974 1542 3012 176&
1570 2972 1608 3008 Ρ.
1633 2976 1665 3009 3.
1695 2975 1791 3009 1768.
1841 2974 1897 3008 80.

177 3048 221 3052 —
254 3026 467 3072 Goldhagen
500 3039 573 3064 war
604 3041 649 3064 zu
680 3029 802 3064 Mainz
832 3032 919 3065 1718
958 3029 1113 3073 geboren
1148 3030 1220 3065 und
1253 3030 1368 3066 lehrte
1408 3031 1568 3066 daselbst
1600 3030 1656 3065 die
1690 3030 1897 3075 Theologie.

180 3084 285 3119 Nach
311 3085 375 3120 der
391 3086 698 3130 Unterdruckung
723 3086 787 3121 der
805 3086 1045 3121 Gesellschaft
1061 3087 1151 3122 Jesu
1178 3088 1298 3124 wurde
1326 3099 1364 3123 er
1389 3089 1597 3133 geistlicher
1614 3089 1685 3123 Rat
1710 3088 1746 3122 in
1764 3087 1897 3131 Mainz‚

179 3143 275 3178 dann
299 3143 337 3178 in
362 3143 556 3190 Munchen,
583 3155 636 3179 wo
663 3155 702 3180 er
727 3155 783 3179 am
808 3147 863 3179 22.
882 3144 987 3189 April
1016 3146 1104 3180 1794
1130 3145 1238 3180 starb.
