2164 3535
277 188 360 229 554
586 185 624 221 Ρ.
651 186 775 221 Beckx
803 186 966 230 verlangt
992 186 1141 222 Bericht
1167 187 1255 222 iiber
1282 187 1572 223 Studiensachen
1603 191 1703 225 1854.

810 398 863 440 In
902 398 1066 441 classe
1110 399 1474 443 Humanitatis.

462 515 574 548 Ante
603 513 845 548 meridiem.
1034 514 1108 550 Die
1133 514 1283 551 Lunae.
1543 515 1574 549 A
1607 515 1808 551 meridie.

276 595 396 630 Hora
426 598 452 629 1.
498 593 676 629 Scribitur
703 594 836 638 (soluta
863 595 1026 630 oratione
1054 595 1104 630 la·
1178 596 1298 631 Hora
1326 599 1354 631 l.
1396 596 1599 632 Exercetur
1618 597 1732 642 stylus
1760 598 1939 643 (poetice).
1966 620 2010 625 —

502 652 601 696 tina).
1400 654 1565 699 Praeleg.
1598 656 1756 698 (Auctor
1782 660 1957 702 graecus).

276 710 397 745 Hora
423 713 453 746 2.
497 711 740 756 Explicantur
772 716 970 756 praecepta
1003 711 1105 755 (artis
1179 712 1297 748 Hora
1323 715 1353 747 2.
1399 712 1622 757 Scriptiones
1650 713 1794 758 publice
1822 714 2007 759 corrigun-

499 769 693 814 1110101).-
705 769 1103 815 Praelegitur(Cicer0).
1404 776 1473 806 tur.
1489 793 1532 797 —
1548 771 1780 817 Praelegitur
1796 773 2012 818 (Horatius).

274 826 396 862 Hora
420 830 451 863 3.
494 827 632 863 Thema
661 828 852 872 poeticum.
880 849 923 853 —
949 828 1104 864 Concer-
1180 828 1299 863 Hora
1323 832 1355 865 3.
1400 829 1617 866 Accessoria
1643 830 1845 875 (Historia).

500 885 601 921 tatio.

1014 983 1087 1020 Die
1113 983 1269 1020 Martis.

737 1065 857 1100 Hora
886 1068 899 1099 1
929 1068 995 1100 etc.
1028 1094 1034 1100 .
1063 1094 1103 1100 ..
1141 1067 1144 1110 Ι
1179 1065 1298 1100 Hora
1327 1068 1341 1101 1
1371 1070 1437 1101 etc.

414 1184 451 1223 4.
502 1182 683 1232 Quinam
726 1182 933 1224 Auctores
976 1182 1117 1234 latini.
1171 1182 1334 1237 graeei,
1382 1183 1597 1225 vernaculi
1640 1183 1927 1226 adhibeantur
1966 1182 2005 1224 in

275 1258 451 1311 singulis
485 1257 716 1301 Classibus.

417 1335 454 1375 5.
505 1334 721 1385 Quaenam
755 1333 996 1375 habeantur
1018 1347 1092 1387 per
1116 1346 1273 1375 annum
1307 1334 1629 1378 exercitationes
1653 1335 1740 1377 sive
1764 1334 2007 1391 specimina,

276 1413 366 1451 tum
399 1409 566 1463 publice
601 1412 691 1450 tuin
724 1409 763 1450 111
798 1408 965 1451 scholis.

415 1487 451 1526 (ἰ.
501 1485 563 1527 De
595 1484 879 1537 examinibus,
918 1485 1236 1536 vacationibus,
1277 1485 1441 1539 piisque
1473 1487 1707 1538 exercitiis,
1747 1489 1875 1540 prout
1915 1499 1953 1528 n.
1989 1486 2008 1528 Ι

278 1561 474 1615 superius
507 1562 702 1602 notatum
735 1565 811 1603 est.

992 1858 1046 1906 V.
1088 1858 1292 1907 Varia.

419 2002 452 2041 1.
503 1999 719 2049 Quaenam
764 1998 1009 2040 adnotanda
1057 2001 1283 2040 occurrant
1322 1998 1372 2039 de
1420 1997 1694 2041 scientiarum
1747 1997 2005 2039 naturalium

278 2087 351 2116 seu
384 2074 654 2129 physicarum
687 2074 844 2129 studio,
876 2075 937 2116 uti
970 2074 1268 2126 astronomiae,
1302 2073 1504 2115 mathesis
1538 2076 1614 2114 etc.

417 2151 453 2190 2.
505 2149 613 2200 Quid
654 2149 695 2190 in
741 2149 887 2190 ordine
929 2149 982 2191 ad
1025 2149 1261 2192 accessoria
1309 2152 1351 2191 et
1389 2149 1578 2202 linguam
1622 2147 1892 2190 vernaculam
1933 2147 2007 2190 fiat

279 2229 354 2267 aut
386 2224 690 2278 praestandum
724 2224 937 2270 videatur:
972 2225 1074 2278 quid
1106 2225 1157 2267 de
1189 2224 1307 2266 libris
1341 2224 1395 2266 ad
1426 2224 1530 2265 haec
1562 2223 1887 2276 pertinentibus.

416 2301 453 2340 3.
504 2301 612 2352 Quid
646 2300 697 2342 de
729 2300 969 2348 academiis
1002 2303 1045 2343 et
1077 2300 1287 2354 quomodo
1320 2300 1525 2342 fovendae
1557 2302 1823 2342 censeantur.

416 2378 455 2417 4.
503 2376 612 2426 Quid
639 2376 762 2429 juxta
795 2376 917 2418 Decr.
941 2378 989 2416 19
1024 2376 1175 2427 Congr.
1202 2376 1337 2417 XXII.
1372 2375 1482 2417 circa
1515 2374 1742 2417 Convictus
1777 2374 2006 2417 observatu

278 2451 465 2504 dignum,
499 2454 541 2493 et
574 2451 685 2493 circa
717 2463 862 2493 eorum
890 2451 1135 2493 interiorem
1169 2463 1215 2492 ac
1247 2451 1497 2492 exteriorem
1531 2450 1808 2503 disciplinam.

417 2529 453 2567 5.
501 2526 673 2576 Quoties
706 2530 748 2568 et
779 2525 989 2579 quomodo
1024 2525 1148 2568 detur
1180 2525 1402 2567 instructio
1436 2526 1646 2578 religiosa,
1680 2528 1795 2567 etan
1831 2524 2003 2578 quibus-

278 2602 374 2643 dam
408 2602 627 2644 industriis
659 2601 947 2655 promovenda
979 2602 1044 2643 sit.

419 2680 455 2717 o'.
511 2676 620 2727 Quid
661 2676 712 2718 de
759 2677 1036 2718 relationibus
1084 2678 1241 2718 nostris
1285 2690 1376 2718 culn
1421 2677 1780 2719 Universitatibus
1828 2676 2007 2730 aliisque

278 2751 456 2805 publicis
489 2751 644 2793 scholis
678 2751 787 2793 circa
821 2751 976 2800 studia,
1010 2752 1167 2804 gradus
1201 2756 1277 2794 etc.

418 2830 454 2869 7.
504 2828 565 2869 De
597 2828 881 2869 incitamentis
915 2828 968 2869 ad
1001 2828 1343 2880 aemulationem,
1377 2831 1419 2869 et
1451 2828 1599 2869 annuis
1633 2827 1842 2880 praemiis.

416 2906 453 2945 8.
503 2902 612 2953 Quid
644 2903 697 2945 ad
729 2903 989 2956 professores
1023 2902 1303 2945 efformandos
1336 2903 1376 2944 in
1409 2915 1514 2956 opus
1548 2902 1794 2944 deducatur.

420 2989 642 3031 Addantur
675 2994 896 3043 praeterea
928 3002 1037 3042 quae
1070 2990 1156 3032 sive
1187 2990 1425 3032 necessaria
1456 2990 1542 3032 sive
1565 2988 1686 3030 utilia
1708 3000 1785 3042 pro
1818 2988 2004 3031 locorum

281 3078 328 3107 ac
360 3071 598 3119 temporum
632 3066 961 3107 circumstantiis
996 3065 1266 3118 videbuntur,
1299 3070 1347 3107 ut
1377 3066 1531 3120 01111113,
1564 3063 1704 3118 quoad
1738 3062 1825 3106 fieri
1849 3067 2004 3119 potest,

279 3152 381 3193 prae
413 3140 544 3182 oculis
578 3140 816 3182 habeantur
847 3143 890 3182 01
923 3140 1227 3194 expendantur.
