2164 3535
215 228 298 270 428
523 225 626 261 Neue
654 224 1018 267 Studienvorschlage
1044 224 1108 259 der
1133 224 1331 259 deutschen
1356 223 1507 259 Provinz
1537 227 1634 260 1830.

353 366 426 409 Ad
458 379 555 420 reg.
581 367 645 408 13.
708 365 787 408 Hic
818 365 930 407 idem
962 365 1103 419 quoad
1134 378 1359 408 ascensum
1382 365 1692 408 observandum
1715 368 1792 418 est,
1826 365 1940 419 quod

215 442 269 484 ad
300 455 384 496 reg.
409 444 434 485 8
467 443 539 496 §4
571 444 636 484 est
667 440 929 482 adnotatum.

351 517 423 559 Ad
454 530 551 570 reg.
590 518 769 559 14—24.
835 515 951 567 Quae
991 516 1056 559 hic
1095 517 1146 559 de
1186 517 1375 559 examine
1407 520 1677 572 statuuntur,
1722 529 1804 559 non
1836 516 1939 559 adeo

217 594 323 635 fiunt
364 606 439 648 pro
478 592 742 646 promotione
780 592 833 634 ad
866 592 1053 634 scholam
1086 593 1368 648 superiorem,
1409 604 1537 645 quam
1570 596 1618 634 ut
1650 595 1831 643 constet,
1874 591 1941 633 cui

213 668 401 721 praemia
432 667 706 710 attribuenda
738 668 832 710 sint.
896 667 1083 711 Effectus
1116 672 1259 711 tamen
1291 668 1402 710 idem
1435 668 1671 724 obtinetur,
1704 669 1738 711 si
1769 668 1940 722 quidem

213 756 262 785 ex
294 743 510 785 doctrinae
542 743 687 785 ordine
720 743 892 797 regulae
924 744 1201 797 promotionis
1235 744 1398 787 desumi
1431 744 1615 799 possint,
1648 748 1697 786 ut
1728 744 1942 786 videbitur

212 819 334 875 infra,
368 819 468 860 dum
500 823 652 872 agetur
682 820 733 862 de
765 819 932 872 legibus
964 818 1249 872 praemiorum

351 894 422 936 Ad
455 907 551 948 reg.
578 897 643 937 29.
699 895 911 937 Videntur
942 894 983 935 in
1018 894 1165 947 regula
1198 894 1328 936 citata
1358 906 1449 936 esse
1482 894 1785 948 supprimenda
1813 894 1942 937 verba

215 970 514 1012 »Nobilibus
553 970 753 1023 quidem
797 969 1186 1026 commodiora«,
1234 982 1343 1023 quae
1384 970 1426 1012 in
1466 971 1708 1023 regionibus
1742 971 1939 1014 omnibus

212 1045 423 1099 cisalpinis
456 1059 627 1088 exosam
657 1047 847 1088 facerent
879 1045 1151 1088 Societatem:
1192 1059 1286 1088 cum
1319 1046 1467 1099 optimi
1499 1047 1656 1101 quique
1686 1046 1782 1089 ideo
1814 1059 1939 1100 prae-

210 1121 426 1163 ferendam
460 1121 602 1164 dicant
632 1122 845 1175 publicam
871 1123 1077 1176 juvenum
1108 1120 1419 1163 institutionem
1452 1120 1693 1163 educationi
1732 1122 1937 1175 privatae,

212 1196 311 1249 quia
340 1196 424 1238 ista
455 1197 589 1239 solum
624 1200 763 1239 aetate
793 1197 939 1239 haberi
970 1200 1112 1251 potest
1143 1196 1249 1237 adeo
1282 1195 1458 1238 laudata
1490 1197 1646 1238 nostris
1679 1197 1939 1250 temporibus

212 1272 462 1327 aequalitas,
496 1285 605 1326 quae
636 1276 785 1326 postea
807 1272 1043 1314 destruitur
1064 1272 1304 1315 necessaria
1327 1271 1559 1314 officiorum
1582 1271 1937 1327 fortunarumque

213 1348 572 1391 subordinatione.

349 1424 420 1466 Ad
451 1437 548 1477 reg.
583 1425 649 1466 31.
714 1424 837 1466 Ratio
872 1424 1155 1477 Collegiorum
1187 1427 1432 1466 nostrorum
1465 1424 1674 1477 postulat,
1716 1427 1765 1466 ut
1795 1424 1940 1478 hujus—

211 1498 323 1540 modi
357 1499 637 1541 immunitatis
670 1499 963 1541 concedendae
994 1512 1076 1541 non
1102 1499 1213 1541 adsit
1234 1501 1439 1553 potestas,
1470 1499 1550 1541 nisi
1572 1499 1794 1542 infirmitas
1817 1503 1941 1553 cogat

211 1574 449 1616 studiorum
489 1574 677 1617 laborem
720 1574 930 1626 relaxare3
977 1575 1059 1617 imo
1100 1575 1195 1617 huic
1239 1575 1412 1627 regulae
1444 1575 1633 1628 profecto
1667 1575 1775 1617 male
1808 1575 1940 1629 appli-

211 1652 330 1692 catae
362 1650 687 1692 adscribendum
720 1652 797 1701 est,
831 1650 943 1704 quod
975 1650 1144 1693 litterae
1175 1663 1351 1704 graecae
1383 1650 1591 1704 paulatim
1623 1650 1880 1693 deflexerint.

348 1732 419 1773 Ad
451 1744 550 1784 reg.
584 1732 650 1774 32.
714 1732 829 1775 Haec
860 1733 1009 1786 regula
1040 1733 1105 1774 vix
1139 1735 1282 1786 potest
1313 1732 1547 1774 executioni
1580 1731 1786 1787 mandari,
1820 1745 1939 1785 prae-

214 1807 359 1849 sertim
393 1811 440 1849 ut
472 1808 809 1850 declamantibus
843 1808 984 1850 adsint
1011 1807 1255 1861 frequentes
1279 1807 1457 1849 aliarum
1481 1808 1735 1850 facultatum
1758 1810 1801 1850 et
1822 1808 1940 1850 scho-

209 1882 347 1924 larum
386 1883 600 1925 auditores
642 1896 736 1925 cum
769 1884 856 1926 suis
889 1883 1217 1925 Professoribns.
1282 1883 1328 1924 In
1365 1883 1569 1924 rationem
1603 1883 1712 1924 enim
1747 1882 1938 1925 deductis

210 1957 583 2014 disputationibus,
617 1959 782 2000 actibus
816 1958 1140 2001 solemnioribus
1174 1961 1268 2011 eto,
1304 1958 1480 2011 singulis
1505 1958 1838 2000 hebdomadibus
1862 1961 1937 2000 aut

210 2033 336 2074 etiam
384 2034 552 2087 saepius
600 2034 934 2076 conveniendum
988 2037 1119 2085 esset,
1173 2047 1254 2075 non
1302 2035 1391 2076 sine
1441 2046 1597 2087 magna
1644 2033 1938 2075 Professorum

211 2108 552 2162 Auditorumque
583 2110 779 2152 molestia
811 2113 853 2151 et
884 2109 1124 2151 scholarum
1158 2108 1490 2162 perturbatione.
1549 2109 1657 2150 Hinc
1679 2108 1832 2149 mirum
1855 2120 1936 2150 non

211 2188 288 2235 est,
321 2184 355 2225 si
386 2184 490 2226 haec
522 2185 670 2238 regula
701 2185 850 2227 nullibi
881 2185 1131 2227 observetur
1162 2188 1205 2227 et
1236 2185 1334 2226 olim
1366 2197 1518 2239 parum
1547 2184 1772 2227 observata
1794 2183 1934 2226 fuerit.

211 2259 288 2300 His
327 2259 369 2300 in
409 2260 649 2312 regionibus
693 2260 1020 2302 declamationes
1061 2260 1102 2302 in
1144 2260 1320 2313 singulis
1363 2260 1515 2302 scholis
1558 2258 1665 2301 fiunt
1714 2259 1938 2312 aliquoties

211 2334 324 2377 intra
363 2348 540 2391 annum,
581 2339 623 2378 et
666 2336 794 2378 semel
827 2336 891 2378 vel
934 2336 1088 2377 iterum
1120 2336 1286 2390 publice
1319 2336 1468 2389 maj0ri
1501 2348 1593 2377 cum
1627 2337 1849 2389 apparatu.
1886 2359 1935 2365 —

212 2410 261 2451 In
306 2410 518 2463 aliquibus
552 2411 761 2466 collegiis,
803 2414 851 2452 nt
882 2411 1117 2453 tentamina
1148 2410 1390 2465 hujusmodi
1421 2411 1571 2465 maj0ri
1603 2423 1696 2453 cum
1729 2413 1939 2465 apparatu

211 2484 325 2536 fiant,
359 2498 510 2528 scenae
541 2486 669 2528 etiam
702 2486 869 2539 aliquae
901 2486 1152 2528 exhibentur
1183 2486 1236 2528 ad
1269 2499 1462 2529 normam
1493 2499 1580 2540 reg.
1603 2488 1653 2528 19
1677 2485 1788 2528 Prof.
1814 2485 1935 2528 Rhet.

212 2560 332 2602 Circa
363 2560 438 2604 has
471 2561 658 2603 scenica-s
691 2562 877 2603 actiones
911 2561 1030 2604 addit
1062 2561 1214 2614 aliquis
1247 2560 1484 2604 Professor:
1531 2561 1592 2603 »A
1625 2573 1708 2614 quo
1749 2563 1939 2614 tempore

211 2635 280 2676 ille
321 2648 412 2678 mos
452 2636 721 2678 introductus
761 2635 864 2691 fuit,
907 2636 1021 2689 viget
1060 2637 1172 2679 inter
1211 2636 1440 2690 discipulos
1484 2636 1711 2679 aemulatio
1743 2635 1937 2691 maxima,

213 2711 363 2753 crescit
393 2711 435 2752 in
468 2711 555 2753 dies
589 2712 699 2754 bona
731 2711 973 2754 studiorum
1004 2712 1131 2767 fama,
1164 2716 1208 2755 et
1238 2716 1408 2754 tantum
1441 2712 1575 2768 abest,
1609 2714 1658 2753 ut
1678 2711 1774 2754 inde
1795 2711 1938 2754 studia

215 2789 258 2827 et
299 2798 439 2828 mores
481 2786 652 2839 aliquod
695 2786 995 2829 detrimentum
1028 2787 1239 2841 ceperint,
1282 2791 1331 2830 111
1362 2790 1509 2831 contra
1540 2798 1772 2840 numquam
1803 2786 1939 2840 maj0r

212 2860 340 2904 fuerit
374 2874 519 2903 eorum
550 2873 802 2915 progressus
835 2864 879 2904 et
908 2862 1086 2904 tutela«

348 2936 421 2978 Ad
453 2950 550 2990 reg.
583 2938 649 2979 37.
713 2938 872 2981 Censor
902 2939 973 2981 ille
1006 2940 1071 2982 vel
1102 2941 1275 2993 praetor
1297 2938 1465 2981 videtur
1496 2938 1538 2979 in
1570 2936 1726 2980 nostris
1758 2937 1937 2991 regioni-

212 3010 291 3053 bus
323 3024 415 3054 esse
446 3024 528 3054 non
561 3025 699 3067 posse,
732 3014 912 3056 maxime
943 3014 978 3056 si
1010 3014 1230 3068 privilegio
1263 3013 1403 3066 aliquo
1437 3012 1775 3056 cohonestandus
1809 3015 1874 3055 est
1895 3014 1937 3055 et

214 3086 393 3128 caeteris
425 3087 694 3139 aliquomodo
727 3089 958 3141 praesidet:
1005 3092 1053 3132 19
1088 3088 1196 3139 Quia
1227 3088 1405 3130 studiosi
1436 3088 1655 3142 privilegia
1686 3088 1796 3130 inter
1835 3099 1934 3129 suos

218 3160 524 3215 condiscipulos
558 3175 684 3205 exosa
718 3163 896 3218 habent,
941 3167 988 3206 ut
1014 3165 1103 3218 Jam
1134 3163 1393 3205 insinuatum
1424 3163 1477 3205 ad
1509 3175 1594 3216 reg.
1621 3165 1673 3205 29
1705 3175 1845 3216 supra.
1882 3186 1931 3192 —-
