2164 3535
446 197 595 231 Bericht
620 197 684 232 der
709 197 906 232 deutschen
932 196 1084 231 Provinz
1111 197 1199 231 uber
1224 196 1281 231 die
1308 196 1350 231 R.
1378 202 1419 231 st.
1460 200 1557 232 1821.
1779 201 1861 242 359

869 582 1131 636 Antwort

225 686 324 739 des
371 684 920 739 Vize-Provinzials
967 686 1067 738 der
1111 685 1368 740 Schweiz
1414 686 1472 740 P.
1519 684 1777 741 Godinot

138 789 243 842 auf
289 789 379 842 die
436 788 731 862 Anfrageu
788 788 931 841 iiber
987 788 1078 841 die
1132 787 1302 841 Ratio
1354 790 1671 844 studiorum
1726 809 1860 844 vom

574 893 660 944 13.
703 891 822 945 und
869 890 1212 944 31..Janua1·
1260 894 1426 945 1821.

250 1002 429 1047 (Archiv.
457 1002 587 1039 Germ.
614 1003 660 1039 V.
686 1004 734 1038 Β.
752 1003 787 1038 1.
837 1002 946 1038 Oben
972 1001 1041 1036 mit
1068 1002 1140 1037 der
1166 1002 1440 1046 Bemerknng:
1469 1004 1744 1048 „Responsum

134 1059 183 1094 ad
209 1059 389 1104 quaesita
414 1061 527 1096 Adm.
552 1062 600 1096 R.
624 1061 671 1096 P.
696 1061 741 1097 G.
769 1061 810 1096 iu
837 1060 919 1095 suis
944 1060 1109 1096 Litteris
1135 1060 1196 1095 13.
1220 1061 1312 1095 Jan.
1339 1060 1430 1095 1821
1464 1060 1620 1105 datis“‚
1653 1062 1760 1097 wohl
1791 1062 1860 1096 (las

371 1117 566 1164 Original,
593 1129 669 1154 von
693 1118 883 1154 welchem
908 1118 997 1153 01110
1022 1117 1227 1153 Abschrift
1252 1118 1353 1154 nach
1378 1118 1474 1153 Rom
1500 1118 1630 1163 ging.)

274 1221 407 1265 Daffir,
440 1221 521 1256 dass
548 1233 656 1257 unser
684 1222 796 1256 Stuck
823 1221 879 1257 die
907 1220 1088 1257 Urschrift
1115 1221 1183 1265 sei,
1211 1221 1389 1265 sprecheu
1415 1221 1472 1256 die
1498 1221 1615 1255 vielen
1642 1221 1859 1266 Tilguugen,

135 1278 454 1324 Verbesserungen
482 1279 544 1315 des
571 1279 704 1315 Textes
731 1279 803 1314 und
830 1279 887 1314 die
914 1279 980 1314 auf
1001 1279 1081 1314 dem
1107 1279 1234 1314 Raude
1261 1279 1530 1323 angebrachten
1555 1280 1720 1315 Zusatze.

686 1512 922 1554 Primum
962 1512 1298 1563 Quaesitum.

275 1621 433 1668 „Debet
476 1622 904 1661 Vico-Provinciae&
939 1634 1124 1672 pensare
1166 1626 1202 1660 et
1234 1622 1493 1671 ponderare,
1539 1623 1642 1671 quid
1680 1636 1860 1662 suarum

134 1698 353 1734 nationum
371 1696 546 1746 ‚qentz'les
578 1699 693 1735 eirca
724 1700 924 1736 scientias
948 1701 984 1736 et
1014 1698 1161 1736 studia
1193 1700 1423 1744 aestiment,
1458 1697 1583 1735 velint
1614 1702 1650 1736 et
1671 1701 1857 1748 emigrant,

135 1773 338 1819 tanquam
378 1774 476 1810 usui
520 1775 808 1811 necessariam
856 1777 891 1811 et
929 1776 1114 1822 peritiae
1160 1773 1368 1811 decorum.
1436 1773 1676 1822 Praecipue
1722 1775 1861 1823 quoad

134 1845 292 1884 classes
323 1848 562 1897 inferiores,
594 1847 831 1897 Physicam
863 1851 899 1886 et
929 1844 1201 1886 Mathesim.“

271 2105 319 2148 In
366 2106 444 2148 hac
492 2107 721 2149 universim
761 2107 1119 2149 Vice-Provincia
1164 2108 1210 2149 19
1242 2107 1348 2149 Boni
1395 2121 1539 2150 omnes
1588 2121 1857 2163 summopere

135 2180 392 2236 desiderant,
425 2184 473 2223 ut
497 2181 623 2223 simul
646 2194 739 2223 cum
769 2182 953 2224 scientiis
986 2183 1188 2236 temporis
1212 2183 1332 2236 genio
1367 2183 1692 2226 accommodatis
1710 2185 1859 2237 juven-

133 2259 203 2297 tus
241 2258 331 2297 tum
373 2256 414 2297 in
461 2256 749 2312 inferioribus,
797 2261 888 2298 tum
928 2257 969 2298 111
1017 2257 1306 2310 superioribus
1349 2257 1510 2300 Scholis
1558 2259 1690 2301 solide
1738 2273 1857 2313 prae-

134 2331 351 2372 muniatur
392 2335 540 2373 contra
580 2332 832 2385 irreligionis
864 2336 907 2374 et
947 2332 1351 2375 insubordinationis
1394 2333 1609 2388 spiritum,
1653 2334 1727 2376 sed
1765 2347 1857 2388 spe-

134 2406 292 2447 ciatim:

272 2481 340 2523 119
381 2481 612 2524 Gentilium
654 2485 917 2536 nostrorum,
959 2486 1050 2524 tum
1090 2482 1404 2524 Helveticorum
1446 2486 1487 2524 et
1529 2482 1854 2539 Germanorum,

133 2560 225 2597 tum
246 2556 475 2609 Belgarum
507 2557 719 2610 ingenium
752 2558 958 2610 postulat:
1003 2560 1052 2599 19
1087 2560 1134 2598 ut
1163 2557 1204 2598 111
1238 2557 1510 2599 Inferioribus
1537 2558 1740 2611 juventus
1773 2571 1854 2600 non

137 2631 273 2672 solum
305 2631 448 2673 latinis
480 2637 521 2673 et
552 2632 714 2684 graecis
747 2631 900 2674 litteris
933 2631 1024 2684 pari
1057 2631 1144 2673 fere
1174 2644 1319 2686 passu,
1352 2632 1426 2674 sed
1459 2632 1675 2686 speciatim
1710 2645 1856 2674 verna-

135 2706 228 2748 cula
261 2706 518 2761 litteratura,
551 2707 791 2759 eloquentia
823 2708 865 2748 et
897 2710 988 2747 arte
1020 2705 1321 2747 declamatoria
1353 2706 1616 2749 informetur.
1643 2732 1692 2736 —
1719 2708 1769 2749 29
1807 2710 1857 2748 ut

135 2781 282 2824 sedulo
326 2784 573 2823 exerceatur
611 2781 652 2822 in
695 2780 896 2832 Mathesi‚
944 2780 1170 2833 praecipue
1209 2783 1337 2833 prout
1376 2780 1479 2822 haec
1518 2782 1764 2824 commercio
1808 2785 1850 2824 et

134 2856 366 2899 communis
408 2856 520 2898 vitae
561 2856 741 2909 negotiis
783 2860 825 2898 et
857 2856 1032 2909 publicis
1074 2856 1331 2898 utilitatibus
1364 2859 1406 2898 et
1438 2857 1584 2899 usibus
1625 2857 1848 2900 subservit.

139 3023 226 3058 elles
262 3022 485 3067 porteraient
519 3023 581 3058 des
615 3023 721 3058 fruits
754 3024 835 3068 plus
868 3023 1052 3058 abondans
1086 3028 1121 3058 et
1153 3023 1234 3067 plus
1272 3023 1412 3058 utiles«
1469 3022 1560 3056 Eine
1593 3022 1854 3067 Widerlegung

137 3081 255 3116 dieser
274 3081 428 3116 Ansicht
454 3080 604 3125 erfolgte
631 3081 744 3116 durch
771 3081 828 3116 die
848 3081 1136 3125 Ordensprovinz
1162 3081 1199 3115 in
1225 3081 1289 3115 der
1307 3079 1443 3115 Schrift
1471 3079 1664 3114 »Memoire
1684 3080 1853 3123 presente

136 3149 202 3182 par
227 3139 259 3173 le
286 3138 443 3173 Recteur
468 3139 515 3173 du
543 3139 686 3184 College
714 3140 756 3174 de
785 3139 834 3174 St.
861 3139 996 3174 Michel
1022 3139 1057 3183 (a
1082 3138 1311 3183 Fribourg)«,
1337 3138 1528 3173 Lausanne
1551 3140 1647 3179 1834,
1675 3139 1729 3172 8⁰.
