2164 3535
518 229 753 273 Verwaltung
778 228 876 264 eines
904 224 1035 273 papstl.
1061 226 1262 263 Alumnats.
1312 225 1417 261 Nach
1445 228 1542 262 1650.
1811 230 1892 270 277

142 369 427 424 aingreditur,
469 368 616 423 incipit
652 368 838 421 gaudere
881 370 1074 421 portione
1104 365 1341 420 Pontificia,
1389 367 1432 407 et
1470 364 1680 418 stipendio
1728 365 1893 419 diurno,

170 447 402 501 menstruo,
435 447 477 486 et
507 456 659 486 annuo.

306 520 344 561 3.
390 519 595 571 Tempore
624 518 919 571 Vacationum,
952 518 1117 559 etiamsi
1151 531 1294 561 omnes
1326 518 1538 561 ordinarie
1570 517 1765 560 absentes
1797 515 1894 569 sint,

169 598 308 637 tamen
343 592 579 647 procedunt
612 593 811 648 rationes,
845 595 887 634 et
918 605 1050 645 aeque
1081 592 1141 634 1111
1172 593 1377 635 fruuntur
1408 593 1496 636 suis
1525 590 1747 642 reditibus,
1781 602 1829 632 ac
1859 589 1894 632 si

168 671 413 723 praesentes
446 666 598 722 forent,
630 679 784 720 magno
818 679 895 708 suo
929 667 1160 720 commodo,
1193 679 1288 709 cum
1319 668 1398 710 hac
1431 670 1596 710 ratione
1629 665 1895 719 supplemen-

167 746 279 798 tum,
320 754 368 784 ac
400 741 635 784 subsidium
668 741 913 795 acquirant,
952 753 1036 793 quo
1068 740 1315 784 satisfacere
1347 742 1511 795 possint
1542 740 1777 784 rationibus
1810 740 1893 793 pri-

169 818 276 860 vatis
319 816 459 871 quoad
501 815 645 858 debita
688 815 1045 871 extraordinaria,
1095 815 1149 857 ad
1189 828 1298 869 quae
1340 816 1618 871 expungenda
1660 814 1770 858 forte
1811 827 1894 857 non

166 891 382 936 sufficiunt
412 892 643 946 proventus
676 890 774 933 anni
806 889 1067 933 Scholastici.

305 969 343 1009 4.
388 966 431 1008 81
463 978 562 1019 ergo
586 969 753 1008 constat
786 969 873 1008 tam
896 978 1098 1008 numerus
1130 965 1292 1008 dierum
1316 965 1542 1009 cuiuslibet
1563 965 1734 1021 mensis,
1767 976 1895 1019 quam

168 1044 258 1097 ipse
289 1054 490 1084 numerus
525 1041 826 1093 Alumnorum,
871 1045 973 1083 tunc
1014 1044 1197 1095 uterque
1239 1041 1536 1095 exprimendus
1569 1040 1610 1082 in
1643 1039 1894 1095 rationibus,

168 1122 210 1160 et
241 1117 464 1159 dicendum
496 1130 532 1158 v.
567 1129 651 1169 gn:
700 1116 780 1158 iste
812 1115 968 1158 mensis
1000 1116 1151 1159 habuit
1183 1117 1233 1158 31
1270 1115 1373 1171 dies,
1406 1128 1482 1169 per
1517 1116 1566 1158 15
1601 1115 1689 1157 dies
1723 1115 1897 1157 fuerunt

169 1193 340 1235 Alumni
374 1194 424 1234 19
457 1194 618 1246 perlss
652 1191 740 1233 dies
772 1191 948 1233 fuerunt
980 1192 1033 1233 20
1066 1191 1131 1233 vel
1170 1192 1206 1234 si
1238 1204 1441 1233 numerus
1474 1191 1754 1232 Alumnorum
1787 1201 1897 1231 com-

167 1268 307 1322 pletus
340 1270 419 1323 est,
452 1270 552 1309 tunc
584 1265 828 1309 dicendum:
883 1266 988 1308 Toto
1022 1279 1165 1309 mense
1195 1267 1370 1309 fuerunt
1402 1266 1572 1308 Alumni
1602 1266 1668 1308 23.
1709 1289 1756 1296 —-
1790 1264 1897 1307 Dein

169 1341 417 1397 videndum,
450 1341 572 1395 quid,
612 1344 654 1383 et
685 1344 893 1394 quantum
927 1354 976 1383 ex
1012 1342 1062 1383 13
1096 1341 1324 1394 crucigeris
1359 1341 1521 1384 diurnis
1554 1353 1629 1394 pro
1664 1342 1714 1382 15
1749 1339 1896 1382 diebus

169 1417 361 1459 Alumnis
397 1418 470 1472 19,
511 1416 612 1470 quid
650 1428 725 1469 pro
762 1417 812 1457 16
848 1415 996 1458 diebus
1030 1416 1223 1458 Alumnis
1259 1417 1334 1472 20,
1374 1420 1416 1459 et
1457 1416 1625 1458 demum
1665 1415 1767 1469 quid
1807 1417 1897 1457 toto

170 1506 313 1535 mense
346 1492 510 1534 dierum
542 1492 596 1533 30
629 1492 693 1533 vel
725 1493 775 1533 31
812 1491 1004 1533 Alumnis
1038 1493 1091 1533 23
1126 1495 1349 1546 competat.
1400 1491 1522 1542 Quod
1554 1494 1603 1533 ut
1633 1490 1797 1533 facilius
1824 1488 1900 1532 fiat

170 1567 390 1622 appositae
420 1567 462 1608 in
495 1566 689 1620 sequenti
720 1566 818 1608 folio
852 1566 1023 1608 tabulae
1057 1566 1194 1609 denuo
1228 1566 1503 1609 consulantur
1526 1597 1668 1609 .....

215 1647 218 1649 “
313 1642 371 1683 Es
412 1642 551 1694 folgen
590 1654 675 1683 nun
718 1642 796 1683 auf
832 1641 952 1683 sechs
986 1641 1128 1684 Seiten
1160 1641 1515 1684 Rechentabellen
1556 1640 1898 1693 (»Faullenzer«)

174 1731 253 1759 zur
275 1716 554 1769 Berechnung
586 1716 660 1758 der
682 1716 848 1771 Tages,
873 1716 1093 1771 Wochen-,
1118 1716 1305 1759 Monats-
1328 1719 1405 1759 etc.
1434 1717 1612 1759 Pension
1646 1728 1726 1758 von
1763 1716 1898 1756 1—23

172 1793 405 1843 Alumnen;
438 1791 662 1846 Tabellen,
704 1790 770 1833 die
802 1790 910 1832 wohl
942 1792 1011 1833 fiir
1043 1791 1123 1833 den
1157 1791 1612 1845 rechnungfiihrenden
1645 1790 1899 1846 Subregens,

172 1867 274 1909 aber
304 1866 421 1909 nicht
450 1866 520 1909 fiir
550 1879 703 1909 unsere
734 1866 865 1909 Leser
896 1867 1109 1909 Interesse
1141 1866 1290 1909 haben.

989 2133 1083 2188 §a

223 2225 368 2267 Circa
399 2237 476 2278 ea,
508 2238 636 2278 quae
667 2228 937 2279 praeterea
969 2229 1206 2279 spectant
1236 2225 1296 2267 ad
1329 2226 1559 2267 rationes
1591 2225 1840 2267 Romanas

724 2303 1016 2343 menstruas
1055 2304 1104 2342 et
1142 2312 1347 2342 annuas.

313 2407 347 2446 1.
398 2405 499 2446 Post
532 2404 774 2447 enucleatas
807 2404 909 2447 satis
943 2407 1141 2446 accurate
1171 2404 1452 2446 Alumnorum
1485 2404 1669 2446 rationes
1700 2404 1827 2446 etiam
1855 2404 1896 2446 in

173 2480 566 2535 considerationem,
600 2484 642 2522 et
674 2479 726 2522 ad
759 2480 968 2523 calculum
990 2480 1131 2522 venire
1164 2480 1318 2523 debent
1340 2478 1589 2521 Praesidum
1611 2479 1664 2520 36
1691 2478 1896 2532 crucigeri

172 2554 331 2609 diurni,
363 2555 404 2596 in
436 2555 588 2608 quibus
623 2558 766 2598 tamen
800 2554 1028 2597 difficultas
1061 2567 1143 2596 non
1176 2558 1258 2606 est,
1299 2557 1341 2597 et
1371 2553 1516 2608 paucis
1549 2553 1709 2596 absolvi
1741 2556 1896 2609 potest,

171 2630 207 2672 si
240 2629 488 2671 attendatur
520 2629 574 2671 ad
606 2630 836 2683 sequentia.

310 2703 353 2746 81
386 2704 542 2747 Mensis
574 2704 729 2747 habeat
762 2705 850 2748 dies
883 2706 959 2760 31,
1002 2708 1104 2747 tunc
1136 2718 1184 2747 ex
1222 2704 1342 2747 dictis
1386 2705 1439 2747 36
1472 2704 1698 2757 crucigeris
1732 2716 1895 2758 compe-

170 2782 267 2821 tunt
297 2780 570 2823 Praesidibus
602 2793 677 2834 per
707 2780 919 2824 Mensem:
952 2779 1039 2822 flor.
1070 2781 1141 2836 18,
1183 2792 1293 2822 cruc.
1326 2781 1379 2821 36
1412 2792 1486 2822 seu
1519 2778 1649 2822 Scuta
1675 2780 1726 2821 10
1766 2779 1843 2821 Iul.
1869 2780 1893 2820 6

169 2854 258 2896 Bai.
284 2856 308 2896 2
340 2855 433 2898 Ass.
460 2857 524 2897 18.

309 2928 352 2970 Si
375 2930 530 2972 Mensis
553 2930 708 2973 habeat
731 2930 819 2973 dies
842 2931 911 2985 30,
943 2929 1032 2971 flor.
1055 2931 1105 2971 18
1138 2942 1194 2972 01.
1227 2954 1275 2959 —
1310 2942 1342 2971 s.
1368 2928 1497 2972 Scuta
1523 2931 1574 2971 10
1605 2930 1682 2972 Iul.
1703 2930 1726 2971 2
1758 2928 1848 2971 Bai.
1866 2929 1891 2971 8

169 3003 260 3046 Ass.
288 3005 352 3045 12.

308 3077 351 3120 81
383 3079 539 3122 Mensis
570 3079 726 3122 habeat
759 3080 846 3123 dies
877 3081 954 3131 29,
993 3079 1082 3122 fior.
1116 3081 1165 3122 17
1199 3092 1254 3122 cr.
1287 3081 1353 3123 24.
1396 3104 1445 3110 -—
1489 3092 1520 3122 s.
1555 3079 1686 3122 Scuta
1708 3080 1731 3120 9
1764 3078 1840 3121 Iul.
1866 3080 1890 3120 9

167 3151 256 3194 Bai.
276 3154 302 3194 4
335 3153 428 3196 Ass.
449 3155 485 3195 6.
