2164 3535
220 211 303 253 304
557 210 720 245 Aelteste
749 210 917 245 Statuten
944 208 1006 244 des
1033 209 1168 244 Wirzb.
1195 208 1484 244 Pr.-Seminars.
1524 212 1623 246 1608.

219 354 411 403 quuntur
451 350 679 403 inquirent.
745 374 798 380 —-
859 349 1026 405 Primo,
1067 361 1170 391 num
1217 362 1267 392 ex
1307 350 1495 403 legitimo
1536 349 1806 393 matrimonio
1847 351 1949 393 nati.

218 425 419 481 secundo,
452 438 554 467 num
586 425 727 478 aliquo
761 424 949 478 corporis
972 424 1075 466 vitio
1099 424 1307 480 laborent,
1340 425 1454 478 quod
1475 424 1693 481 impediat,
1725 426 1949 479 quominus

219 501 352 543 sacris
386 500 605 543 ordinibus
628 499 786 542 initiari
809 500 986 553 possint.
1040 499 1309 552 potissimum
1333 513 1432 542 vero
1455 500 1770 556 inquirendum,
1803 503 1949 542 utrum

221 576 451 630 aliquando
484 575 645 627 morbo,
679 588 805 628 quem
837 577 991 617 vocant
1022 574 1289 626 comitialem,
1324 575 1624 618 laboraverint.
1674 576 1815 632 tertio,
1848 588 1949 618 num

219 664 268 693 ex
307 651 385 692 hac
424 650 605 692 dioecesi
645 650 730 692 sint
770 650 960 701 oriundi3
1001 662 1099 691 nam
1131 662 1300 704 semper
1331 651 1486 693 exteris
1518 650 1580 703 hi,
1623 652 1658 694 si
1691 652 1878 694 moribus
1910 654 1954 694 et

219 725 456 768 eruditione
497 737 580 767 non
623 725 709 767 sint
748 724 989 781 inferiores,
1038 725 1306 779 praeferendi
1349 729 1461 768 sunt.
1524 730 1700 780 quarto,
1752 740 1854 769 num
1898 726 1950 769 ad

219 800 410 849 classem,
443 812 571 853 quam
603 802 757 842 vocant
787 800 1066 842 humanitatis
1099 813 1175 842 seu
1204 806 1394 857 poeseos,
1427 801 1711 857 ascenderint,
1743 800 1952 855 siquidem

219 876 302 930 alii,
335 875 405 928 qui
436 875 478 916 111
510 874 781 917 inferioribus
814 875 954 917 adhuc
986 875 1140 918 scholis
1172 875 1369 928 haerent,
1403 888 1497 918 cum
1531 876 1673 930 aliquo
1705 876 1948 930 pecuniario

218 950 405 993 subsidio
448 950 488 991 in
524 950 822 1004 conquirendis
855 950 936 992 sibi
968 949 1163 1004 hospitiis
1189 952 1415 1007 juventur,
1457 964 1540 993 non
1573 954 1676 994 sunt
1707 951 1946 1006 recipiendi.

218 1026 380 1079 quinto,
412 1038 514 1067 num
545 1038 771 1080 sponsores
801 1025 998 1076 habeant,
1032 1026 1104 1079 qui
1135 1039 1212 1079 pro
1236 1027 1353 1083 ipsis,
1385 1027 1419 1069 si
1442 1025 1621 1083 fugiant,
1653 1027 1810 1069 violato
1826 1027 1948 1081 jura-

218 1104 360 1143 mento
398 1101 527 1143 semel
566 1101 700 1156 facto,
742 1100 1045 1155 polliceantur,
1086 1114 1131 1144 se
1172 1105 1368 1155 sumptus
1411 1101 1642 1144 refusuros.
1705 1115 1802 1145 raro
1835 1102 1947 1144 enim

218 1176 380 1230 absque
412 1175 653 1218 huiusmodi
687 1176 854 1218 cautela
886 1176 1148 1219 admittendi.
1203 1181 1246 1220 et
1277 1178 1312 1220 si
1343 1177 1558 1220 interdum
1590 1177 1768 1230 accidat,
1801 1190 1947 1231 quem-

217 1251 330 1305 piam
373 1251 522 1304 recipi,
562 1251 733 1293 minime
775 1251 845 1293 ille
884 1251 1186 1304 obligationem
1225 1253 1420 1295 omnibus
1453 1253 1634 1297 alumnis
1668 1266 1948 1309 communem,

218 1339 328 1380 quae
358 1327 566 1382 sequitur,
598 1327 824 1381 spondebit
856 1340 1034 1381 eamque
1066 1341 1194 1370 manu
1227 1328 1401 1382 propria
1432 1328 1473 1369 in
1496 1328 1650 1371 librum
1676 1329 1945 1371 alumnorum

217 1402 329 1444 hunc
361 1402 401 1443 in
434 1401 560 1444 finem
593 1402 875 1456 compositum
906 1402 1076 1445 referet.

758 1669 1178 1722 Obligationis
1221 1668 1417 1712 forma.

357 1790 479 1841 „Eyo
510 1790 563 1828 N.
589 1790 663 1839 N.,
697 1791 877 1830 diocesis
907 1791 983 1840 N.,
1015 1791 1220 1830 intellecto
1246 1793 1321 1840 pio
1353 1803 1403 1829 ac
1436 1794 1581 1830 sancto
1612 1793 1804 1830 instituto
1835 1802 1945 1830 reve-

216 1866 467 1905 rendissimi
509 1879 559 1905 ac
600 1867 890 1906 illustrissimi
923 1869 1143 1916 principis
1174 1866 1498 1916 Herbipolensis
1540 1879 1591 1906 ac
1630 1867 1840 1906 desiderio
1866 1869 1946 1917 ju-

217 1942 348 1980 vandi
380 1942 598 1981 ecclesiam
629 1955 754 1981 suam
779 1955 860 1992 per
891 1942 1067 1981 idoneas
1092 1954 1303 1991 personas
1338 1942 1649 1980 ecclesiasticas
1670 1942 1728 1980 ad
1747 1941 1822 1980 hoc
1844 1953 1948 1990 opus

217 2019 405 2055 moribus
449 2029 498 2055 ac
537 2017 690 2056 litteris
728 2017 1023 2064 instruendas,
1063 2019 1224 2067 fateor,
1270 2028 1317 2056 re
1351 2018 1481 2067 probe
1510 2029 1671 2055 mecum
1703 2016 1947 2063 deliberata,

216 2104 281 2130 me
320 2092 604 2139 desiderasse,
647 2092 864 2131 dictarum
899 2104 1186 2142 personarum
1228 2104 1403 2131 numero
1445 2092 1656 2140 adscribi,
1702 2094 1823 2142 cujiis
1863 2094 1949 2130 voti

219 2169 322 2216 qaia
353 2180 519 2216 compos
547 2169 695 2218 factus
721 2180 829 2215 sum,
857 2171 1058 2217 perpetuo
1077 2168 1362 2218 qratititdinis
1384 2167 1549 2206 vinculo
1570 2167 1949 2206 reverendissimae

219 2242 483 2281 celsitudinis
523 2255 591 2281 ero
629 2243 858 2293 obliyatas,
901 2243 1028 2293 idque
1061 2245 1198 2294 factis
1237 2246 1273 2281 et
1314 2244 1478 2281 viribus
1510 2243 1732 2281 declarare
1762 2242 1942 2281 studebo.

212 2318 492 2366 peculiariter
530 2330 625 2357 vero
658 2321 861 2367 promitto
900 2331 950 2357 ac
990 2319 1191 2367 spondeo,
1233 2329 1299 2357 me
1329 2320 1386 2356 iis
1418 2320 1464 2356 in
1496 2318 1598 2356 locis
1628 2320 1766 2367 iisque
1797 2318 1948 2357 litteris

218 2405 268 2431 ac
299 2393 466 2432 tamdiu
486 2405 659 2442 operam
674 2406 756 2442 pro
778 2405 872 2432 mea
892 2394 1013 2432 virili
1035 2394 1251 2441 daturam,
1277 2396 1409 2442 prout
1429 2393 1780 2432 reverendissimo
1801 2396 1944 2432 nostro

212 2480 293 2516 pro
325 2471 507 2517 tempore
538 2471 734 2507 existenti
765 2469 829 2507 vel
856 2471 925 2516 iis,
961 2481 1140 2518 quoram
1172 2480 1300 2507 carae
1329 2480 1394 2506 me
1420 2470 1687 2516 commiserit,
1720 2468 1941 2516 videbitur,

220 2544 371 2591 quibus
410 2545 536 2582 etiam
576 2544 758 2581 debitam
797 2545 1108 2582 observantiam
1148 2547 1184 2582 et
1215 2544 1492 2582 obedientiam
1523 2545 1650 2583 iliata
1682 2543 1790 2593 leyes
1814 2555 1947 2592 prae-

219 2620 405 2666 scriptas
430 2620 670 2666 praestabo.
723 2621 900 2667 insuper
925 2619 1142 2668 polliceor,
1175 2630 1251 2666 me,
1286 2631 1380 2657 cam
1413 2619 1736 2657 clementissimo
1752 2620 1948 2667 principi

214 2705 295 2740 pro
329 2696 510 2742 tempore
543 2696 740 2732 emistenti
774 2695 990 2742 videbitur,
1025 2697 1071 2732 'at
1101 2696 1148 2732 in
1178 2696 1301 2732 vinea
1332 2693 1495 2731 domini
1526 2693 1754 2732 ea'colenda
1776 2705 1948 2742 operam

219 2778 356 2805 meam
393 2779 564 2814 navem,
601 2772 766 2816 promte
808 2781 858 2807 ac
896 2769 1069 2808 libenter
1113 2781 1178 2807 me
1216 2771 1305 2819 ejas
1350 2768 1698 2807 clementissimae
1743 2768 1949 2806 voluntati

214 2844 465 2890 pariturum
506 2854 556 2879 ac
596 2844 642 2880 in
680 2844 876 2881 ecelesiae
906 2845 1170 2891 immeribns,
1212 2845 1301 2891 ubi,
1346 2844 1533 2892 quando,
1576 2843 1776 2892 quomodo
1810 2855 1837 2881 a
1868 2855 1948 2880 sua

219 2916 575 2954 reverendissima
616 2917 861 2956 cels'e‘tadine
894 2921 1214 2967 praescriptum
1251 2921 1407 2969 faerit,
1444 2922 1645 2967 perpetuo
1675 2920 1946 2956 serviturum.

216 2994 417 3039 promitto
450 2994 576 3030 etiam
607 3003 671 3030 me
701 2993 811 3030 nulli
841 2994 968 3031 alteri
998 2994 1283 3043 obliyatarum
1314 3005 1388 3031 nec
1421 2993 1552 3031 ullam
1578 2994 1854 3032 conditionem
1886 2992 1950 3030 vel

221 3066 377 3104 directe
408 3068 472 3104 rel
500 3067 703 3105 indirecte
728 3079 808 3115 per
837 3080 902 3106 me
932 3069 996 3106 vel
1020 3080 1101 3116 per
1132 3068 1241 3106 alios
1272 3070 1426 3116 absque
1456 3068 1802 3106 reverendissimi
1824 3070 1946 3115 prin-
