2164 3535
232 174 315 216 230
763 171 1037 215 Heranbildung
1061 171 1124 206 der
1148 172 1286 207 Lehrer
1314 175 1411 208 1622.

231 314 559 368 germanismum
599 313 1010 366 contamineturque3
1060 326 1142 355 non
1181 313 1291 355 enim
1330 314 1460 356 latine
1502 313 1678 369 dixeris,
1720 326 1835 369 eum,
1876 313 1948 367 qui

233 389 357 432 alicui
390 389 589 431 damnum
622 388 799 444 dederit,
831 388 1032 430 damnum
1064 388 1101 430 ei
1133 387 1300 444 fecisse,
1330 388 1430 431 licet
1460 388 1502 430 in
1534 388 1774 442 germanica
1804 388 1949 442 lingua

232 465 345 508 idem
376 464 582 507 videatur.

375 561 397 600 7
408 566 425 603 ‘3
469 557 510 600 si
554 557 655 611 quid
694 570 719 600 a
759 558 996 611 praeceptis
1029 557 1237 613 discedat,
1279 556 1323 598 id
1360 559 1560 599 accurata
1591 554 1953 598 animadversione

233 636 415 676 notetur.

373 728 425 769 89
466 725 509 769 Si
547 726 646 768 alibi
678 726 770 768 aliis
803 726 979 768 eandem
1013 738 1100 768 rem
1132 725 1340 779 exprimat
1369 725 1530 772 verbis„
1574 725 1664 778 ejus
1698 723 1954 766 comminisci

235 802 448 856 copiosam
478 801 779 855 supellectilem
810 802 965 855 gignet.

374 896 426 936 99
470 893 609 936 Etiam
650 893 781 936 totius
812 894 925 936 vocis
965 907 1059 936 cum
1098 893 1291 936 omnibus
1332 893 1384 935 ab
1427 906 1476 936 ea
1519 892 1712 935 deductis
1751 891 1955 934 discussio

237 968 465 1023 aliquando
503 968 595 1025 fiet,
637 972 686 1011 ut
723 982 833 1022 quae
870 968 1068 1011 videntur
1104 969 1257 1011 similia
1287 969 1330 1010 in
1363 967 1686 1023 significatione,
1726 980 1803 1010 nec
1843 970 1957 1023 sunt,

238 1045 545 1095 discernantur,
578 1047 626 1086 ut
657 1045 879 1097 aegritudo
912 1047 954 1087 et
976 1044 1235 1097 aegrimonia
1257 1043 1423 1086 differat
1446 1043 1499 1086 ab
1523 1043 1827 1097 aegrotatione.
1879 1042 1957 1085 His

240 1121 534 1173 consequetur,
568 1123 616 1161 ut
647 1133 797 1163 vocum
829 1120 1134 1174 proprietatem
1167 1120 1407 1176 condiscat,
1440 1120 1559 1174 cujus
1591 1120 1790 1172 frequens
1822 1119 1865 1160 in
1896 1130 1959 1160 re-

239 1195 347 1250 gulis
369 1195 669 1247 magistrorum
701 1194 749 1237 fit
769 1195 940 1247 mentio,
973 1198 1022 1237 ut
1053 1208 1197 1237 earum
1221 1195 1439 1251 originem,
1472 1195 1523 1237 de
1546 1207 1631 1248 qua
1651 1194 1788 1237 Varro
1814 1218 1861 1224 —
1887 1193 1959 1247 qui

241 1274 384 1314 tamen
415 1271 543 1313 nimio
575 1283 750 1313 suorum
781 1270 1011 1313 latinorum
1033 1270 1173 1312 studio
1196 1283 1305 1324 quae
1328 1283 1353 1312 a
1375 1270 1548 1313 Graecis
1570 1269 1772 1323 originari
1795 1271 1961 1323 oporte-

242 1347 316 1389 bat
347 1347 401 1389 ad
443 1346 596 1389 latinos
637 1345 774 1388 fontes
815 1345 947 1388 trahit
989 1371 1038 1376 —-
1082 1345 1382 1400 praevideatur
1414 1346 1489 1400 (12),
1531 1347 1579 1387 ut
1618 1345 1814 1401 phrases,
1855 1357 1961 1398 quas

242 1421 374 1464 tradit
405 1421 456 1464 de
488 1421 612 1464 unius
644 1421 821 1475 alicujus
853 1421 969 1464 verbi
1002 1434 1082 1463 usu
1115 1421 1245 1473 vario,
1277 1421 1319 1463 in
1349 1422 1570 1463 numerato
1592 1420 1766 1463 habeat:
1800 1419 1851 1462 de
1872 1419 1962 1473 qui-

243 1497 321 1540 bus
352 1497 624 1550 Phraseologi
666 1500 708 1539 et
739 1496 944 1539 Thesauri
985 1497 1140 1539 latinae
1180 1497 1368 1551 linguae,
1410 1496 1462 1538 ad
1502 1509 1607 1550 quos
1640 1495 1869 1538 identidem
1900 1508 1964 1537 re·

244 1576 456 1627 curratur,
489 1571 728 1626 usquedum
761 1572 901 1614 omnia
930 1572 972 1614 in
1005 1572 1209 1614 sermonis
1241 1572 1424 1626 stylique
1453 1584 1625 1614 succum
1648 1574 1962 1614 convertantur.

246 1648 307 1691 Ut
344 1660 443 1690 vero
485 1647 626 1690 fructu
668 1661 744 1690 suo
782 1646 934 1690 horum
973 1647 1211 1690 observatio
1245 1650 1428 1699 00115101,
1470 1660 1576 1702 opus
1608 1647 1689 1689 erit
1721 1646 1965 1690 adversaria

250 1722 419 1779 habere,
450 1723 491 1765 in
524 1736 633 1777 quae
663 1723 831 1777 singula
862 1723 1114 1780 referantur,
1147 1726 1190 1766 et
1219 1723 1273 1766 ad
1307 1735 1417 1777 quae
1447 1722 1748 1777 praevideatur
1779 1723 1847 1775 (Ρ).

816 2001 1063 2045 Imitatio
1104 2001 1400 2044 Ciceronis.

390 2118 505 2160 Haec
537 2130 619 2159 non
651 2117 804 2173 minus,
837 2130 963 2171 quam
996 2117 1249 2169 observatio,
1282 2119 1348 2160 est
1378 2117 1493 2159 utilis
1525 2116 1858 2170 necessariaque.
1910 2117 1970 2159 Ut

254 2194 364 2236 enim
397 2192 578 2235 artifices
611 2193 815 2246 optimum
838 2206 1048 2247 quemque
1070 2193 1305 2247 imitantur,
1337 2193 1526 2247 Apellen]
1548 2192 1744 2246 pictores,
1776 2191 1968 2233 Phidiam

255 2269 455 2312 statuarii
485 2272 562 2310 cet.
592 2268 695 2310 nihil
728 2269 985 2318 dubitantes„
1019 2269 1133 2322 quin,
1165 2268 1198 2310 si
1231 2270 1435 2310 conentur
1456 2267 1509 2309 ad
1531 2280 1696 2309 summa
1717 2267 1970 2321 pertingere,

255 2345 425 2387 minime
457 2344 679 2386 constituri
710 2344 795 2386 sint
822 2344 865 2386 in
886 2344 1048 2392 mediis.
1082 2344 1155 2398 ita,
1187 2343 1259 2397 qui
1280 2344 1322 2384 in
1345 2343 1536 2385 oratione
1558 2342 1760 2385 excellere
1782 2342 1970 2396 cupiunt,

256 2420 457 2469 Tullium;
497 2420 569 2473 qui
600 2419 641 2460 in
674 2420 857 2461 carmine
887 2419 1074 2469 11010100,
1107 2419 1343 2469 Maronem3
1383 2419 1454 2471 qui
1486 2418 1528 2459 in
1560 2417 1842 2473 philosophia,
1880 2418 1973 2460 Ari-

258 2495 453 2538 stotelem
492 2494 571 2536 sibi
612 2497 855 2548 proponunt
895 2494 1151 2536 audiendum
1185 2493 1542 2547 sequendumque.
1607 2493 1735 2535 Stulti
1767 2493 1876 2536 enim
1908 2496 1974 2536 est

259 2571 348 2613 sine
378 2570 525 2624 pennis
558 2570 662 2611 velle
693 2570 850 2621 volare,
881 2582 959 2611 nec
989 2570 1125 2611 minus
1158 2569 1373 2624 insipiens,
1406 2569 1495 2610 sine
1527 2569 1716 2622 ductore,
1754 2581 1879 2622 quem
1910 2581 1973 2612 se-

260 2645 418 2701 quaris,
451 2645 734 2698 eloquentiam
768 2656 953 2698 sperare,
984 2657 1115 2698 quum
1147 2647 1189 2686 et
1219 2644 1358 2686 minus
1390 2644 1510 2686 nobis
1543 2644 1725 2687 adnatus
1757 2644 1814 2687 sit
1834 2656 1972 2687 sermo

259 2721 416 2764 latinus
448 2733 575 2774 quam
608 2720 755 2762 avibus
786 2732 959 2773 pennae.
1022 2719 1232 2762 Discenda
1264 2723 1329 2761 est
1359 2719 1487 2761 etiam
1518 2719 1675 2761 homini
1707 2719 1851 2772 lingua
1884 2731 1974 2761 ver—

261 2796 426 2852 nacula,
458 2808 585 2849 quam
617 2796 651 2838 si
684 2795 819 2837 discat
850 2795 902 2837 ab
935 2795 1151 2848 eleganter
1182 2794 1500 2849 disserentibus,
1533 2798 1576 2837 et
1595 2795 1695 2849 «ipse
1718 2795 1887 2847 elegans
1908 2793 1973 2845 fit;

262 2872 325 2914 sin
368 2871 420 2913 ab
462 2870 573 2921 aliis,
615 2870 717 2924 ipsis
758 2871 904 2913 similis
944 2870 1134 2913 efficitur.
1198 2871 1291 2913 Non
1332 2871 1441 2912 enim
1483 2883 1626 2913 omnes
1666 2869 1974 2912 Germanorum

263 2946 504 3001 provinciae
537 2958 669 2999 aeque
700 2946 936 2999 loquuntur
966 2946 1116 3000 polite;
1150 2946 1309 2988 distant
1330 2949 1419 2987 toto
1443 2946 1556 2988 coelo
1578 2946 1767 2988 Batavus
1789 2948 1832 2988 et
1852 2945 1976 2988 Flan-

265 3022 357 3073 der3
400 3034 473 3064 nec
516 3022 648 3063 omnis
681 3021 939 3063 Graecorum
982 3035 1019 3062 v.
1054 3022 1300 3064 Latinorum
1342 3021 1456 3062 natio
1489 3021 1723 3074 aequaliter
1754 3021 1975 3075 atticissat,

266 3109 341 3139 nec
363 3096 512 3150 quovis
535 3097 675 3138 seculo
700 3096 808 3138 idem
832 3095 912 3138 fuit
934 3096 1127 3139 dictionis
1149 3096 1301 3138 cultus.
1350 3095 1606 3149 Deligendus
1628 3096 1771 3149 itaque
1794 3095 1975 3149 optimus
