2164 3535
525 248 708 283 Deutsche
734 248 1091 293 Reformvorschlage
1116 248 1174 283 fiir
1199 247 1256 282 die
1283 247 1324 282 R.
1351 252 1394 282 st.
1424 250 1521 284 1829.
1796 252 1878 293 405

166 390 290 432 cienti
333 389 576 431 auditorum
616 388 855 442 frequentia
886 392 927 430 et
969 388 1195 442 applausu余
1242 388 1307 430 cui
1338 388 1447 430 malo
1487 389 1645 431 mederi
1685 388 1803 441 licet,
1846 389 1881 432 si

165 464 537 506 intermisceantur
567 463 970 517 interrogationibus
1004 464 1214 516 quaedam
1247 463 1595 519 declamationes,
1628 463 1806 517 dialogi,
1839 467 1882 506 et

165 539 342 581 subinde
386 539 535 580 musici
579 539 666 581 suis
712 539 981 581 concentibus
1027 539 1215 581 taedium
1263 538 1470 592 dissipent
1509 541 1552 581 et
1596 540 1729 580 totam
1766 539 1879 580 illam

166 614 446 656 academicam
468 614 597 654 veluti
630 614 971 655 exercitationem
1004 614 1137 666 magis
1160 613 1352 656 festivam
1385 613 1578 655 reddant.
1605 639 1654 644 -
1680 613 1882 667 Sequenti

164 688 249 730 fere
292 687 413 729 modo
454 688 691 730 instituitur
731 688 818 729 illid
860 692 1074 729 tentamen
1116 689 1155 729 in
1199 689 1414 742 gymnasio
1457 688 1707 730 Sedunensi:
1755 688 1882 730 durat

163 776 238 816 per
259 762 364 805 duos
397 762 503 812 dies3
536 763 670 816 primo
704 762 769 805 die
803 762 997 815 discipuli
1019 776 1069 804 ex
1100 766 1286 816 utraqua
1316 763 1526 806 rhetorica
1557 776 1680 805 mane
1707 776 1880 806 examen

167 838 363 889 subeunt,
395 837 754 890 interrogantibus
787 838 1036 890 plerumque
1067 837 1394 891 professoribus3
1427 838 1529 880 haec
1561 839 1696 892 prima
1728 839 1881 881 exerci-

162 914 266 955 tatio
305 913 449 966 incipit
489 925 536 954 ac
578 912 832 954 terminatur
871 924 947 965 per
989 912 1219 953 orationem
1262 912 1588 954 circumstantiis
1635 913 1878 966 analogam余

163 991 259 1041 post
289 988 505 1030 meridiem
538 1000 678 1029 coram
711 999 864 1039 magna
894 987 1037 1040 populi
1070 987 1329 1042 frequentia,
1369 1000 1495 1040 quam
1528 988 1717 1030 scenicus
1750 989 1880 1030 veluti

163 1066 395 1116 apparatus
418 1062 471 1105 ad
493 1062 597 1104 illud
627 1063 915 1116 spectaculum
938 1067 1154 1117 convocat,
1187 1061 1424 1104 declamant
1446 1074 1555 1115 quae
1576 1075 1652 1116 per
1671 1063 1881 1105 semestrii

162 1138 386 1180 decursum
427 1137 597 1192 proprio
630 1140 764 1179 marte
804 1137 1089 1179 elaborarunt.
1153 1137 1330 1179 Postero
1364 1137 1430 1178 die
1471 1149 1594 1179 mane
1624 1138 1716 1191 pari
1756 1138 1879 1180 modo

162 1226 183 1254 e
205 1213 359 1266 triplici
381 1213 657 1265 grammatica
687 1212 879 1266 discipuli
903 1225 1076 1254 examen
1099 1212 1301 1262 subeunt3
1334 1214 1377 1254 et
1398 1224 1423 1253 a
1443 1212 1621 1266 prandio
1644 1212 1882 1255 declamant

162 1288 347 1344 fabulas,
395 1288 584 1341 dialogos
628 1291 671 1330 et
711 1288 863 1330 similia
904 1301 928 1329 a
974 1287 1284 1341 professoribus
1332 1287 1566 1340 composita
1607 1287 1671 1329 vel
1709 1288 1876 1330 selecta.

160 1364 297 1417 Hujus
338 1363 486 1419 moris,
534 1363 604 1416 qui
651 1376 784 1405 novus
826 1375 908 1404 non
940 1365 1025 1418 est,
1074 1362 1283 1416 exempla,
1330 1363 1372 1404 ni
1418 1362 1562 1418 fallor,
1610 1363 1797 1405 citantur
1837 1363 1879 1404 in

159 1438 334 1480 historia
372 1437 593 1481 Societatis
633 1438 736 1481 Jesu
774 1438 816 1480 in
856 1437 1094 1480 Germania.
1167 1437 1285 1480 Illius
1326 1438 1570 1480 tentaminis
1609 1450 1881 1492 programma

159 1513 270 1568 typis
301 1513 493 1555 mandari
524 1513 648 1564 solet3
683 1513 929 1568 optandum,
962 1516 1011 1555 ut
1042 1512 1189 1555 eadem
1222 1513 1378 1566 ubique
1410 1516 1606 1556 servetur
1635 1513 1782 1555 forma.

300 1598 336 1637 7.
388 1595 542 1649 Agitur
588 1594 758 1649 quidem
806 1594 856 1637 de
902 1595 1066 1637 ratione
1116 1594 1359 1637 studiorum
1409 1595 1565 1637 nostris
1615 1594 1878 1649 temporibus

160 1670 539 1720 accommodanda3
580 1669 747 1712 videtur
777 1670 940 1712 interea
971 1670 1098 1712 etiam
1130 1670 1198 1724 agi
1228 1683 1353 1724 posse
1384 1670 1435 1712 de
1477 1670 1623 1713 eadem
1655 1669 1708 1711 ad
1739 1669 1879 1724 pristi-

159 1759 259 1788 num
291 1749 465 1802 statum,
496 1746 646 1788 saltem
678 1746 719 1786 in
752 1745 896 1787 multis
931 1744 1180 1787 reducenda.
1239 1746 1358 1788 Inter
1389 1746 1472 1787 alia
1503 1748 1604 1787 sunt
1635 1746 1683 1786 15
1707 1745 1879 1798 regulae

162 1824 431 1863 externorum
483 1821 725 1863 auditorum
772 1820 1015 1877 Societatis,
1068 1821 1221 1874 quibus
1267 1821 1309 1862 in
1355 1820 1500 1863 multis
1552 1820 1736 1873 collegiis
1782 1819 1879 1862 sub-

159 1897 398 1938 stituuntur
428 1897 534 1938 aliae
565 1897 675 1938 male
708 1896 897 1950 digestae
929 1899 971 1938 et
1002 1897 1176 1950 insuper
1208 1909 1358 1950 parum
1388 1896 1564 1946 latinae3
1597 1908 1705 1948 quae
1736 1899 1878 1937 tamen

158 1971 331 2024 regulae
364 1974 427 2013 tot
460 1972 657 2014 encomiis
691 1972 788 2013 olim
820 1972 1056 2014 celebratae
1087 1972 1273 2022 fuerunt,
1306 1974 1355 2013 ut
1383 1971 1480 2013 inde
1513 1970 1735 2013 Societatis
1767 1970 1879 2012 fama

156 2047 198 2087 in
221 2046 409 2088 docenda
437 2047 660 2099 juventute
691 2047 870 2089 maxime
902 2047 1144 2089 accreverit.
1198 2046 1334 2088 Tanta
1364 2046 1406 2088 in
1438 2046 1519 2088 illis
1551 2046 1688 2088 elucet
1714 2046 1878 2099 sapien-

157 2121 236 2173 tia,
280 2126 328 2163 ut
367 2122 492 2164 nullis
524 2134 607 2164 non
638 2122 899 2175 temporibus
932 2122 1153 2164 convenire
1185 2121 1385 2177 debeant,
1417 2123 1460 2164 et
1488 2121 1531 2162 in
1562 2134 1641 2163 sua
1670 2121 1878 2163 brevitate

157 2197 297 2239 omnia
339 2197 572 2249 continent,
613 2211 721 2251 quae
753 2198 806 2240 ad
841 2199 1110 2251 juventutem
1152 2197 1257 2239 bene
1297 2196 1560 2239 educandam
1601 2196 1880 2239 communiter

157 2273 445 2326 requiruntur.

294 2348 402 2390 Hinc
443 2348 611 2389 omnino
652 2347 904 2401 optandum,
946 2350 995 2389 ut
1034 2347 1191 2401 ubique
1227 2348 1512 2389 restituantur
1552 2350 1594 2389 et
1635 2359 1759 2388 suum
1791 2359 1878 2389 sor-

157 2422 321 2465 tiantur
359 2424 565 2476 vigorem余
612 2423 714 2476 quia
760 2426 873 2465 certe
923 2422 1040 2464 nulla
1081 2426 1146 2465 est
1191 2422 1328 2478 natio,
1379 2423 1497 2476 cujus
1546 2422 1734 2465 moribus
1781 2422 1877 2464 illae

160 2499 211 2540 15
245 2498 416 2551 regulae
447 2499 531 2540 sint
560 2497 823 2553 offendiculo,
855 2498 889 2539 si
911 2497 1020 2540 forte
1044 2498 1278 2552 excipiatur
1299 2497 1411 2551 quod
1433 2497 1615 2540 habetur
1636 2497 1784 2550 regula
1808 2498 1874 2549 13,

156 2586 241 2627 qua
280 2573 543 2628 prohibetur,
584 2586 637 2615 ne
680 2573 873 2626 discipuli
913 2575 1012 2615 eant
1051 2573 1103 2615 ad
1143 2573 1350 2627 supplicia
1381 2585 1572 2628 reorum,
1604 2572 1703 2614 nisi
1741 2571 1876 2614 forte

156 2648 552 2699 haereticorum余
586 2660 695 2701 quae
717 2648 846 2690 verba
874 2651 975 2691 tunc
996 2648 1202 2702 supprimi
1223 2651 1407 2702 possent.
1457 2647 1667 2699 Ceterum,
1701 2646 1736 2689 si
1757 2647 1877 2689 forsi-

157 2727 229 2766 tan
269 2723 423 2766 alicubi
462 2723 787 2766 consuetudines
826 2724 949 2777 plura
980 2724 1021 2765 in
1054 2723 1211 2777 regulis
1245 2723 1483 2779 requirant,
1523 2723 1647 2779 nihil,
1686 2725 1735 2765 ut
1765 2735 1874 2777 reor,

157 2799 319 2854 obstat,
360 2799 586 2852 quominus
630 2798 733 2840 haec
772 2811 848 2852 per
888 2798 1063 2840 modum
1095 2798 1337 2851 appendicis
1371 2802 1446 2840 aut
1477 2798 1771 2842 declarationis
1803 2797 1871 2840 ad-

149 2874 372 2930 jiciantur,
403 2874 615 2928 prioribus
649 2873 816 2915 omnino
848 2873 1037 2929 intactis,
1079 2885 1185 2926 quas
1219 2877 1332 2916 certe
1362 2886 1438 2916 nos
1470 2874 1578 2916 tanti
1608 2873 1747 2916 facere
1779 2884 1874 2914 con-

155 2949 283 3005 venit,
315 2949 463 3003 quanti
494 2949 629 2992 fecere
661 2951 817 3003 patres.

293 3025 331 3066 8.
380 3025 513 3067 Nemo
551 3024 710 3068 inficias
752 3024 849 3080 ibit,
891 3024 1101 3067 rationem
1140 3024 1379 3066 studiorum
1417 3024 1574 3066 nostris
1611 3022 1873 3077 temporibus

155 3099 573 3152 accommodandam3
607 3101 681 3143 sed
712 3101 848 3154 multi,
881 3100 954 3154 qui
986 3099 1272 3142 mutationum
1303 3100 1598 3143 necessitatem
1619 3098 1713 3152 plus
1736 3110 1869 3151 aequo

155 3178 427 3230 exaggerant,
459 3188 542 3217 non
573 3175 770 3218 videntur
801 3175 953 3229 legisse
985 3176 1059 3217 aut
1087 3175 1237 3217 saltem
1258 3175 1492 3228 intelligere
1514 3174 1685 3228 quaein
1709 3173 1871 3216 ratione
