2164 3535
763 284 971 330 Gymnasial
979 306 993 312 -
1000 284 1213 331 Padagogik
1241 289 1281 322 17
1284 290 1339 323 36.
1831 293 1910 334 163

189 427 343 478 turque
372 425 459 466 suis
492 426 532 466 in
566 426 723 479 regulis
756 426 969 480 discipuli,
1009 429 1057 469 ut
1088 440 1204 481 eam,
1244 431 1373 481 prout
1404 427 1456 469 ab
1488 428 1569 470 illis
1600 430 1910 483 praescriptum

188 498 329 550 fuerit,
362 504 452 541 tum
485 500 524 541 in
558 500 710 543 scholis
743 504 832 542 tum
866 501 977 543 domi
1010 514 1137 555 quam
1160 502 1479 555 diligentissime
1510 508 1689 546 servent.
1740 505 1859 558 (Reg.
1885 506 1909 547 8

188 574 363 628 Discip.)
424 575 669 617 Curandum
702 576 846 627 igitur,
880 580 927 617 ut
960 576 1160 629 discendi,
1193 577 1373 631 legendi,
1405 578 1668 633 excerpendi,
1701 580 1909 622 scribendi

188 662 316 702 seque
349 649 400 690 ad
423 651 626 701 maiorem
658 650 888 691 identidem
920 651 1154 703 profectum
1187 655 1278 694 tum
1310 653 1420 706 stylo
1453 656 1544 694 tum
1567 665 1667 695 voce
1689 655 1910 696 exercendi

189 726 348 765 certain
391 736 533 765 omnes
577 728 750 765 teneant
796 725 1052 766 methodum.
1119 727 1281 779 (Ordin.
1332 728 1453 769 Prov.
1501 728 1542 769 in
1583 728 1748 782 Adjum.
1797 730 1908 771 stud.

186 798 298 839 hum.
340 812 377 839 11.
409 800 466 846 8.)
528 799 576 840 Ι11
608 799 754 852 primis
789 801 929 841 autem
963 800 1139 841 docendi
1172 806 1271 843 sunt
1302 816 1429 855 pure,
1469 804 1638 857 proprie
1670 808 1798 858 atque
1829 805 1910 847 ele-

185 877 334 925 ganter
365 874 547 915 scribere
581 878 622 915 et
655 874 789 927 loqui,
830 875 1031 927 quicquid
1064 875 1233 916 demum
1265 877 1511 930 scripserint
1543 882 1617 919 aut
1655 879 1784 921 locuti
1822 880 1910 921 fue-

187 948 290 989 rint:
324 948 510 1001 nihilque
544 949 752 1001 proferre,
785 948 899 1001 quod
931 949 1099 1001 probati
1132 951 1352 1003 scriptoris
1386 952 1645 995 authoritate
1676 954 1740 995 vel
1773 967 1910 997 exem-

184 1022 252 1075 plo
285 1023 559 1076 comprobare
592 1028 816 1076 nequeant.
867 1023 985 1075 (Ord.
1019 1024 1141 1066 Prov.
1177 1026 1247 1079 §8
1280 1039 1317 1067 n.
1348 1028 1432 1076 11.)
1480 1028 1735 1081 Assignandi
1764 1030 1907 1079 etiam,

184 1110 289 1150 quos
321 1099 518 1151 privatim
550 1099 707 1151 legant,
739 1099 953 1149 authores,
987 1099 1142 1152 aliique
1173 1101 1312 1142 idonei
1344 1101 1555 1144 indicandi
1578 1103 1693 1155 libri,
1727 1117 1832 1157 quos
1865 1106 1906 1146 in

183 1173 344 1214 varium
377 1174 590 1215 literariae
634 1174 944 1215 exercitationis
986 1187 1109 1216 usum
1152 1175 1391 1217 adhibeant.
1454 1178 1559 1229 (Iuv.
1605 1178 1655 1220 de
1687 1179 1781 1220 Rat.
1816 1180 1904 1222 doc.

182 1261 214 1289 c,
240 1250 263 1289 2
296 1261 331 1289 a.
357 1250 412 1299 2.)
475 1248 707 1290 Lustrandi
740 1251 879 1290 autem
921 1249 1135 1291 interdum
1166 1252 1291 1292 erunt
1323 1264 1346 1292 a
1378 1251 1570 1294 Profecto
1605 1266 1709 1306 quos
1741 1254 1905 1307 legunt:

181 1337 232 1366 ne
263 1336 389 1376 quem
422 1323 531 1366 forte
564 1328 783 1377 usurpent,
817 1325 887 1377 qui
920 1325 1044 1366 noxia
1078 1326 1265 1368 moribus
1290 1327 1587 1382 honestatique
1610 1330 1789 1373 adversa
1811 1343 1905 1373 con-

181 1399 323 1440 tineat.
395 1399 512 1452 (Ord.
556 1399 676 1440 Prov.
722 1399 762 1440 in
807 1400 972 1451 Adjum.
1016 1400 1092 1442 loc.
1135 1401 1222 1453 cit.)
1292 1402 1530 1446 Admonere
1572 1408 1792 1458 praeterea
1831 1420 1902 1450 eos

181 1474 405 1527 oportebit,
439 1475 648 1527 privatam
681 1475 905 1517 lectionem
936 1488 1087 1518 vacare
1118 1477 1274 1531 fructu,
1308 1478 1343 1519 si
1375 1479 1511 1521 obiter
1542 1481 1766 1534 quaepiam
1799 1482 1902 1524 dun-

180 1553 318 1598 taxat,
351 1549 382 1589 si
418 1550 551 1590 multa
583 1550 760 1604 cursim,
793 1551 827 1592 si
859 1551 975 1592 nullo
1009 1551 1176 1607 ordine,
1214 1553 1248 1593 si
1281 1553 1454 1595 nimium
1488 1554 1655 1598 diversa
1686 1557 1900 1610 legantur3

180 1638 203 1666 a
245 1625 380 1678 capite
424 1625 476 1666 ad
517 1625 670 1666 calcem
713 1625 943 1667 evolvenda
983 1639 1075 1669 esse
1116 1640 1225 1680 quae
1267 1628 1445 1681 legenda
1490 1633 1771 1684 susceperint3
1819 1647 1900 1676 non

180 1701 304 1742 simul
343 1701 505 1756 omnia,
546 1701 619 1742 sed
657 1701 933 1754 pedetentim:
979 1702 1169 1744 lectionis
1213 1708 1352 1745 autem
1397 1705 1585 1748 studium
1627 1708 1900 1751 meditatione

180 1776 293 1827 utili,
341 1776 633 1831 adnotatione,
680 1776 907 1829 scriptione
953 1790 1045 1819 esse
1090 1779 1508 1835 interrumpendum,
1556 1784 1900 1838 excerpendaque

179 1851 307 1892 verba
329 1852 498 1905 selecta,
530 1852 704 1904 phrases
727 1852 1021 1907 elegantiores,
1054 1854 1300 1908 sententias,
1323 1855 1633 1913 similitudines,
1657 1858 1898 1913 allegorias,

179 1926 495 1981 descriptiones,
528 1927 720 1968 acutiora
752 1927 866 1969 dicta
896 1931 971 1969 cet.
1038 1928 1156 1980 (Ord.
1191 1929 1312 1970 Prov.
1347 1930 1445 1971 ibid.
1480 1944 1518 1972 n.
1546 1934 1629 1985 11.)

316 2007 505 2060 Denique
537 2007 587 2048 de
619 2007 765 2048 ordine
798 2008 1031 2062 actionum,
1075 2021 1197 2061 quem
1242 2009 1354 2051 domi
1399 2024 1500 2053 suae
1530 2012 1723 2067 discipuli
1755 2015 1899 2057 obser-

179 2085 297 2135 vent,
332 2082 628 2123 constituendo
661 2083 719 2123 sic
751 2083 792 2123 in
826 2083 980 2135 regulis
1015 2083 1312 2126 admonemur:
1360 2085 1585 2139 Permagni
1616 2089 1812 2143 interest,
1853 2094 1899 2132 ut

177 2157 467 2203 Ant-litoribus,
502 2170 583 2199 non
619 2157 739 2199 modo
773 2158 954 2211 Nostris,
987 2158 1060 2200 sed
1081 2159 1274 2202 Alumnis
1308 2161 1448 2211 etiam,
1482 2163 1545 2204 vel
1576 2163 1896 2208 Convictoribus

134 2257 139 2261 -
179 2235 233 2283 et,
267 2233 300 2273 si
333 2232 435 2273 nihil
468 2233 704 2282 obstiterit,
747 2233 944 2275 Externis
983 2247 1151 2287 quoque
1183 2235 1428 2278 Praefectus
1467 2250 1541 2290 per
1573 2238 1799 2292 Magistros
1832 2241 1896 2282 vel

177 2320 252 2360 per
283 2308 385 2349 alios
416 2308 583 2349 illorum
617 2308 896 2360 Collegiorum
930 2309 1169 2352 Praefectos
1208 2323 1331 2353 omne
1361 2314 1529 2365 tempus
1561 2313 1621 2355 ita
1653 2314 1892 2364 distribuat,

178 2386 225 2424 ut
256 2383 409 2436 privati
441 2383 573 2425 studii
604 2383 730 2424 horas
771 2383 875 2424 bene
914 2384 1128 2425 collocent.
1193 2386 1311 2438 (Reg.
1343 2387 1397 2428 30
1429 2387 1562 2429 Praef.
1598 2389 1710 2429 stud.
1744 2389 1813 2431 inf.
1852 2396 1895 2433 et

178 2470 262 2510 reg.
288 2459 338 2498 27
372 2458 507 2499 Praef.
542 2459 652 2500 stud.
687 2460 798 2511 sup.)
852 2459 1127 2512 Eandemque
1157 2461 1199 2502 in
1238 2463 1489 2504 sententiam
1533 2476 1608 2517 per
1640 2464 1738 2506 Ord.
1770 2466 1891 2508 Prov.

178 2533 217 2574 in
250 2533 415 2586 Adjum
450 2534 525 2575 loc.
560 2534 625 2575 cit.
663 2534 910 2586 mandatur,
950 2540 998 2575 ut
1028 2535 1157 2577 horae
1190 2536 1366 2579 diurnae
1398 2538 1661 2591 privatarum
1693 2541 1893 2583 exercita-

177 2608 357 2657 tionum,
399 2613 487 2649 tum
521 2609 689 2661 pietatis
723 2614 812 2650 tum
855 2609 984 2649 studii
1030 2610 1270 2663 literarum,
1313 2625 1407 2653 cum
1450 2614 1659 2656 nonnullis
1702 2616 1893 2657 cessandi

177 2683 388 2736 animique
420 2684 635 2725 relaxandi
666 2684 918 2733 intervallis,
963 2684 1177 2737 discipulis
1209 2687 1402 2728 omnibus
1435 2688 1766 2746 distribuantur,
1808 2704 1890 2744 quo

176 2758 325 2811 maJ'ori
357 2771 427 2800 eas
461 2759 705 2811 compendio
749 2763 875 2811 atque
918 2760 1199 2802 emolumento
1241 2763 1491 2816 transigant.
1556 2764 1670 2806 Ordo
1711 2779 1892 2819 namque

179 2837 404 2886 certusque
436 2834 592 2886 negotii
625 2834 795 2885 gerendi
829 2838 872 2875 et
900 2839 1096 2877 constans
1128 2839 1250 2878 tenor
1283 2839 1349 2888 (ut
1380 2838 1439 2879 ait
1469 2838 1690 2881 Iuveucius
1723 2840 1773 2882 de
1794 2841 1889 2882 Rat.

177 2908 277 2951 disc.
314 2920 345 2950 c.
371 2910 394 2950 3
428 2922 463 2950 a.
489 2910 531 2960 2)
571 2921 663 2950 cum
697 2910 924 2962 plurimum
957 2910 1069 2952 valet
1100 2911 1152 2952 ad
1185 2912 1343 2967 omnia,
1382 2916 1473 2954 tum
1515 2926 1613 2955 vero
1656 2914 1709 2956 ad
1749 2915 1890 2956 studia

176 2983 395 3024 literarum
427 2984 605 3025 feliciter
637 2984 923 3037 promovenda
961 2985 1019 3026 sic
1060 2987 1322 3028 necessarius
1364 2991 1447 3038 est,
1490 2991 1556 3041 ut,
1598 3001 1646 3030 eo
1686 2990 1889 3042 neglecto,

177 3071 300 3100 ruere
332 3058 404 3099 illa
435 3059 603 3111 penitus
636 3063 842 3112 oporteat.
906 3060 1105 3109 Quamvis
1137 3065 1279 3103 autem
1318 3075 1400 3103 non
1433 3064 1567 3116 possit
1598 3064 1718 3105 facile
1756 3064 1892 3118 desig-

176 3134 265 3174 nari
299 3133 415 3179 ordo,
447 3134 518 3185 qui
549 3137 665 3175 totus
698 3135 891 3175 omnibus
924 3134 1117 3176 minutim
1150 3137 1384 3187 conveniat,
1416 3150 1510 3178 cum
1542 3151 1566 3179 a
1597 3139 1763 3190 privata
1795 3152 1889 3181 con—

175 3208 417 3263 suetudine,
459 3221 539 3249 11011
573 3209 760 3251 locorum
793 3213 960 3250 tantum
992 3212 1034 3252 et
1067 3210 1305 3263 regionum,
1348 3212 1420 3254 sed
1464 3213 1719 3254 familiarum
1760 3215 1888 3256 etiam

1618 3282 1681 3316 11*
