2164 3535
220 207 302 249 392
583 204 769 240 Deutsche
795 203 1157 247 Reformvorschlage
1182 202 1241 238 fiir
1266 203 1324 239 die
1350 204 1394 240 R.
1421 209 1464 240 st.
1494 207 1591 241 1829.

219 344 311 388 fieri
342 345 493 400 solent,
526 344 628 399 quin
659 344 753 387 ideo
786 357 957 388 necesse
988 344 1045 387 sit
1075 357 1205 387 novos
1238 345 1481 387 elucubrari
1512 347 1745 401 tractatus,
1788 345 1831 388 in
1863 347 1953 400 qui—

221 420 324 475 bus,
356 420 470 474 quod
502 420 562 462 rei
595 432 688 463 esse
719 420 824 462 satis
858 423 1045 472 constat,
1079 432 1174 463 cum
1205 420 1472 474 paucissimis
1505 421 1743 475 praeceptis
1774 420 1952 464 utilibus

223 508 350 550 quam
389 495 572 549 plurima
609 495 821 537 inutilium
859 495 1088 538 verborum
1129 498 1367 538 commenta
1397 496 1648 549 plerumque
1680 496 1950 549 copulantur.

428 739 521 793 59,
584 737 658 780 De
697 737 909 791 regulis
950 737 1298 792 professoris
1340 737 1753 791 philosophiae.

366 842 437 884 Ad
486 841 693 895 regulas
740 842 790 884 in
835 853 1031 895 genere.
1100 841 1148 884 In
1200 841 1282 884 illis
1333 841 1511 897 regulis,
1564 854 1857 896 quaecumque
1908 841 1961 885 de

229 918 470 960 Aristotelis
504 917 696 960 doctrina
738 916 1081 973 commendatur,
1120 915 1292 968 nullibi,
1333 918 1539 970 quantum
1573 920 1759 972 constat,
1801 917 1959 960 nostris

228 993 491 1047 temporibus
524 993 744 1048 docentur,
777 1005 852 1035 seu
877 992 1034 1048 potius,
1067 1004 1360 1045 quaecumque
1391 992 1432 1034 in
1456 1004 1504 1034 eo
1537 992 1698 1045 optima
1729 995 1844 1047 sunt,
1870 993 1959 1046 jam

229 1067 391 1122 pridem
433 1068 589 1110 selecta
620 1067 662 1110 in
703 1067 832 1110 variis
872 1066 1162 1121 philosophiae
1204 1066 1460 1109 tractatibus
1492 1067 1572 1109 sub
1611 1067 1694 1109 alia
1730 1066 1867 1109 forma
1898 1080 1961 1110 re-

230 1143 467 1198 periuntur.
530 1143 709 1197 Reliqua
741 1155 840 1185 vero
873 1155 899 1185 a
941 1143 1153 1185 communi
1194 1142 1321 1196 hujus
1363 1143 1566 1196 temporis
1599 1142 1793 1184 doctrina
1825 1142 1962 1185 aliena

230 1231 407 1274 prorsus
439 1219 709 1274 rejiciuntur,
749 1231 825 1261 nec
857 1218 947 1261 sine
978 1217 1184 1260 dedecore
1217 1217 1493 1274 docerentur,
1534 1218 1786 1272 praesertim
1819 1220 1962 1261 autem

232 1307 342 1348 quae
374 1294 425 1336 de
456 1293 639 1348 physicis
671 1296 871 1336 tractant.
926 1293 1092 1348 Itaque,
1124 1293 1223 1335 licet
1252 1293 1492 1336 Aristotelis
1525 1293 1758 1336 auctoritas
1791 1305 1874 1335 non
1907 1293 1965 1336 sit

234 1382 328 1413 cum
361 1372 576 1412 contemtu
609 1368 838 1423 rejicienda
859 1371 934 1411 aut
963 1368 1084 1423 parvi
1116 1368 1354 1423 pendenda,
1386 1368 1476 1422 ejus
1505 1372 1647 1410 tamen
1680 1367 1962 1424 philosophia,

235 1458 337 1488 aevo
369 1448 516 1487 nostro
547 1458 630 1487 non
663 1445 843 1498 amplius
876 1444 981 1487 satis
1025 1444 1364 1499 accommodata,
1406 1457 1489 1486 non
1522 1443 1690 1486 videtur
1720 1444 1761 1486 in
1793 1445 1962 1486 nostras

234 1521 413 1572 scholas,
446 1533 540 1563 cum
573 1520 807 1563 exulaverit
838 1533 885 1562 ex
919 1520 1026 1574 aliis,
1057 1519 1269 1562 introduci
1301 1519 1467 1562 debere.
1519 1520 1660 1573 Atque
1691 1519 1847 1562 mentio
1874 1519 1962 1573 jam

235 1610 318 1639 non
351 1600 416 1639 est
446 1595 638 1639 facienda
670 1595 721 1638 de
752 1595 1010 1638 Averroistis
1042 1598 1085 1637 et
1117 1594 1414 1647 Alexandreis,
1457 1607 1639 1648 quorum
1673 1594 1892 1637 doctrinae
1923 1596 1967 1636 et

236 1672 408 1714 nomina
438 1684 572 1725 aeque
605 1670 796 1714 obsoleta
826 1674 939 1713 sunt.

376 1764 447 1805 Ad
480 1776 577 1817 reg.
616 1766 649 1805 1.
704 1762 914 1816 Supponit
954 1762 1162 1816 imprimis
1204 1762 1308 1805 haec
1350 1762 1498 1815 regula
1537 1764 1651 1804 artes
1684 1765 1726 1804 et
1768 1761 1966 1804 scientias

237 1839 469 1895 naturales,
501 1841 606 1893 puta
635 1838 866 1892 physicam,
899 1837 1119 1893 chemiam,
1152 1837 1454 1880 astronomiam
1480 1840 1557 1880 etc.
1592 1836 1644 1879 ad
1677 1836 1968 1890 philosophiae

239 1927 391 1968 corpus
425 1914 648 1967 pertinere.
715 1913 872 1955 Verum
905 1912 940 1955 si
971 1912 1128 1955 nostris
1168 1913 1429 1966 temporibus
1462 1912 1607 1954 studia
1647 1911 1968 1955 accommodare

240 1993 422 2044 oportet,
454 1989 623 2030 omnino
655 2000 826 2031 necesse
848 1990 925 2039 est,
957 1992 1005 2030 ut
1037 1988 1214 2030 tollatur
1244 1988 1435 2030 confusio
1458 1992 1500 2030 et
1531 2000 1723 2030 seorsum
1755 1990 1966 2029 tractetur

240 2076 522 2118 unaquaeque
544 2063 733 2119 scientia,
764 2063 864 2105 licet
886 2063 940 2105 ad
972 2062 1165 2105 eumdem
1187 2062 1312 2105 finem
1345 2075 1490 2105 omnes
1523 2061 1759 2116 aequaliter
1781 2061 1967 2105 referan-

243 2144 327 2182 tur.
390 2139 520 2193 Hinc,
554 2142 761 2192 quantum
793 2138 894 2181 mihi
928 2138 1097 2181 videtur
1128 2141 1325 2192 separate
1357 2138 1596 2182 exarandae
1626 2137 1766 2181 forent
1797 2137 1969 2191 regulae

242 2214 495 2269 professoris
542 2213 833 2268 philosophiae
875 2216 918 2256 et
956 2214 1209 2268 professoris
1252 2214 1525 2256 scientiarum
1571 2213 1851 2268 naturalium,
1896 2212 1969 2267 qui

241 2290 410 2333 nomine
441 2289 576 2342 magis
609 2289 795 2342 generali
826 2290 1042 2343 professor
1072 2289 1272 2344 physicus
1304 2289 1385 2332 dici
1417 2292 1574 2343 posset,
1606 2288 1640 2331 si
1674 2288 1730 2330 sit
1761 2300 1890 2339 unus;
1932 2288 1967 2330 si

242 2377 341 2407 vero
363 2364 448 2406 sint
479 2364 576 2407 illae
598 2367 743 2418 partes
774 2363 885 2406 inter
915 2364 1058 2417 plures
1090 2363 1351 2417 professores
1373 2363 1642 2419 distributae,
1673 2362 1968 2417 unusquisque

244 2453 292 2482 ex
324 2439 406 2481 illis
437 2439 595 2492 regulis
637 2439 834 2492 eligeret,
877 2451 987 2493 quae
1020 2439 1073 2480 ad
1104 2452 1150 2482 se
1182 2442 1388 2493 spectant.
1452 2439 1515 2481 De
1557 2438 1859 2481 distributione
1890 2437 1969 2480 hac

245 2514 534 2568 philosophiae
565 2513 675 2556 infra
706 2514 830 2568 plura
861 2514 1110 2556 referentur.

384 2606 455 2648 Ad
488 2619 583 2659 reg.
619 2609 656 2647 7.
708 2606 788 2649 Hic
818 2606 1136 2660 praescribitur,
1168 2609 1217 2648 ut
1247 2605 1512 2660 philosophia
1544 2606 1723 2648 triennio
1754 2606 1971 2659 praelega-

248 2687 340 2737 tur,
386 2682 499 2735 quod
541 2682 711 2735 quidem
754 2685 922 2735 tempus
964 2681 1175 2724 modicum
1216 2680 1358 2735 potius
1400 2693 1528 2734 quam
1574 2680 1749 2722 nimium
1790 2680 1971 2735 videtur,

249 2756 450 2811 quamdiu
482 2756 773 2810 philosophiae
805 2756 973 2798 nomine
996 2768 1140 2798 omnes
1173 2759 1287 2798 artes
1317 2758 1360 2798 et
1390 2755 1592 2798 scientiae
1622 2755 1840 2797 naturales
1863 2767 1972 2797 com-

249 2831 586 2884 prehenduntur3
621 2830 695 2873 sed
728 2834 869 2873 tamen
901 2830 1025 2872 hodie
1056 2830 1231 2872 nimium
1273 2829 1506 2885 videbitur,
1549 2830 1583 2872 si
1616 2832 1810 2872 sumatur
1841 2829 1973 2883 philo-

249 2905 398 2959 sophia
429 2905 553 2948 certis
596 2905 800 2948 limitibus
842 2904 1181 2959 circumscripta,
1221 2908 1433 2958 quatenus
1479 2904 1639 2947 scilicet
1681 2904 1974 2958 complectitur

249 2980 449 3034 logicam,
490 2979 852 3033 methaphysicam
893 2983 936 3022 et
975 2979 1168 3022 ethicam.
1232 2978 1356 3022 Certe
1395 2979 1531 3033 logica
1573 2982 1616 3021 et
1655 2978 1975 3033 methaphysica

251 3054 360 3096 binis
392 3053 581 3107 quotidie
611 3053 863 3096 lectionibus
894 3054 1007 3095 intra
1039 3066 1195 3095 annum
1237 3053 1454 3096 commode
1487 3053 1646 3095 absolvi
1679 3056 1876 3106 possunt3
1919 3056 1974 3106 et,

253 3128 288 3171 si
321 3128 385 3170 cui
418 3129 578 3183 placet,
620 3128 747 3170 etiam
789 3128 1098 3181 philosophiam
1130 3127 1379 3183 Religionis,
1411 3128 1483 3170 ubi
1515 3140 1605 3170 mos
1638 3131 1703 3170 est
1744 3127 1858 3169 illam
1890 3128 1975 3170 tra-
