2164 3535
281 198 364 238 574
728 193 953 236 Anordnung
979 192 1042 228 des
1067 193 1120 236 3j.
1147 192 1276 238 philos.
1302 193 1440 230 Kurses
1469 196 1568 230 1858.

281 336 567 380 necessarium
600 335 734 378 visum
769 347 883 387 esse,
926 337 974 376 ut
1004 334 1046 376 in
1079 334 1130 377 iis
1171 335 1426 389 praesertim
1468 336 1790 390 quaestionibus
1831 336 2012 390 pbiloso-

281 412 436 466 phicis,
479 423 589 464 quae
621 423 716 452 cum
759 409 1005 462 theologicis
1047 422 1260 452 connexae
1303 415 1426 467 sunt,
1469 412 1669 455 Lectores
1702 417 1744 455 et
1776 412 2012 466 Scriptores

283 488 440 539 nostri,
474 486 615 539 quoad
648 485 900 527 Institutum
931 498 1014 527 non
1049 498 1132 527 uno
1165 486 1203 527 111
1239 487 1329 528 loco
1361 488 1634 541 pr,aecipit¹),
1668 488 1846 541 vestigia
1877 488 2013 542 Ange-

281 562 348 604 lici
381 561 576 604 Doctoris
610 561 651 603 S.
675 560 886 615 Thomae,
919 561 1110 614 exemplo
1143 565 1186 603 et
1217 561 1347 604 ductu
1381 575 1542 617 eorum,
1575 564 1648 617 qui
1680 564 1793 606 omni
1825 567 2015 617 tempore

282 638 345 679 his
377 637 530 680 studiis
563 637 604 679 in
638 635 850 678 Societate
892 636 1073 678 maxime
1113 636 1372 693 floruerunt,
1416 641 1724 680 consectentur.
1789 639 1910 690 Quod
1942 639 2014 693 qui

282 726 331 755 ex
372 714 511 754 animo
553 713 692 754 facere
740 711 1009 753 conabuntur
1050 712 1165 754 haud
1213 712 1439 755 difficiliter
1485 713 1746 769 intelligent,
1793 727 2014 769 quorsum,

284 801 393 842 quae
435 788 475 829 in
520 787 699 840 singulis
742 786 931 829 materiis
974 788 1226 843 statuimus,
1274 788 1518 839 collineent,
1560 792 1689 843 atque
1733 802 1804 832 eos
1845 801 2014 844 quoque

282 864 492 919 scopulos,
527 863 598 916 qui
632 875 656 904 a
687 862 808 904 nobis
842 862 1036 916 explicite
1068 876 1150 905 non
1182 868 1283 906 sunt
1314 864 1503 917 indicati,
1537 864 1746 908 vitabunt.

420 938 533 980 XIV,
578 938 727 991 Neque
746 938 856 980 enim
890 938 1155 991 propositum
1178 939 1299 982 nobis
1334 953 1426 982 esse
1448 942 1631 995 poterat,
1664 953 1830 983 errores
1854 953 2012 995 omnes,

282 1027 307 1056 a
346 1014 501 1068 quibus
543 1014 778 1067 periculum
821 1014 993 1067 aliquod
1036 1015 1255 1057 imminere
1297 1020 1463 1069 posset,
1507 1017 1755 1070 singillatim
1796 1017 2012 1071 persequi:

281 1090 355 1132 sed
388 1102 458 1131 eas
500 1089 716 1143 opiniones
759 1090 883 1132 simul
927 1091 1123 1134 collectas
1165 1091 1382 1142 exhibere,
1427 1104 1536 1145 quae
1568 1092 1645 1134 hac
1686 1096 1835 1134 nostra
1873 1096 2013 1134 aetate

282 1165 516 1207 studiosius
561 1165 759 1207 vitandae
794 1178 885 1208 esse
929 1166 1187 1209 viderentur.
1251 1168 1369 1208 Inter
1410 1180 1516 1220 quas
1559 1168 1808 1221 nonnullae,
1850 1180 1956 1222 quas
1990 1181 2014 1210 a

282 1240 506 1283 Societatis
547 1239 786 1283 hominibus
828 1254 1045 1295 nunquam
1076 1242 1258 1284 traditas
1291 1255 1383 1285 esse
1427 1242 1698 1297 confidimus,
1741 1243 1835 1285 ideo
1867 1243 2015 1285 nihilo-

282 1316 420 1358 minus
453 1316 686 1358 recensitae
718 1320 833 1369 sunt,
866 1320 914 1358 ut
935 1316 1131 1370 Magistri
1164 1321 1285 1359 tanto
1319 1318 1564 1371 diligentius
1597 1318 1814 1360 auditores
1845 1331 2014 1372 quoque

282 1404 381 1434 suos
407 1391 459 1433 ab
492 1391 542 1434 iis
576 1391 852 1434 admittendis
886 1391 1178 1435 absterrerent
1241 1393 1506 1447 Quamquam
1538 1406 1615 1436 nec
1646 1394 1687 1435 id
1710 1393 2013 1448 postulandum

282 1471 367 1522 est,
399 1471 448 1508 ut
479 1479 650 1522 omnes,
684 1479 791 1520 quas
823 1467 1076 1519 notavimus,
1111 1469 1421 1522 propositiones
1455 1482 1479 1510 a
1510 1469 1717 1522 Magistro
1751 1469 1853 1510 data
1885 1481 2015 1523 opera

282 1544 541 1587 refutentur:
585 1555 679 1583 cum
722 1542 827 1584 alias
870 1543 1036 1585 silentio
1078 1544 1312 1596 praeterire
1352 1545 1456 1587 satis
1500 1557 1592 1587 esse
1632 1545 1788 1598 possit,
1834 1544 1941 1586 aliae
1973 1543 2013 1585 in

283 1617 554 1671 Philosophia
585 1617 755 1671 quidem
789 1618 1009 1669 vitandae,
1052 1619 1124 1661 sed
1157 1619 1197 1660 iu
1231 1619 1459 1673 Theologia
1502 1620 1672 1662 demum
1706 1633 1754 1662 ex
1797 1619 2013 1673 proposito

285 1694 538 1738 refellendae
570 1696 666 1738 sint.

420 1772 509 1813 XV.
561 1771 788 1813 Caeterum
812 1771 923 1825 quod
957 1771 1061 1813 alias
1085 1784 1109 1813 a
1132 1771 1535 1814 praedecessoribus
1570 1771 1725 1813 nostris
1750 1770 2012 1812 declaratum

283 1850 367 1895 est,
400 1846 442 1887 id
474 1859 550 1888 nos
584 1859 752 1901 quoque
786 1847 923 1889 denuo
956 1847 1182 1901 edicimus,
1224 1847 1417 1889 videlicet
1448 1847 1488 1888 1-11
1522 1847 1661 1888 animo
1694 1847 1814 1889 nobis
1845 1847 2015 1889 minime

283 1935 396 1972 esse,
430 1923 685 1978 sententias,
718 1935 825 1976 quas
858 1923 1169 1978 recensuimus,
1203 1936 1381 1965 censura
1414 1923 1557 1976 aliqua
1589 1921 1776 1973 afficere,
1809 1935 1905 1964 cum
1936 1922 2013 1964 hoc

283 1998 340 2040 sit
373 1999 535 2041 altioris
568 1999 808 2051 potestatis,
842 1998 915 2041 sed
938 2002 1107 2040 tantum
1140 1999 1193 2040 ad
1228 2000 1429 2052 majorem
1461 1998 1647 2040 fructum
1670 1998 1710 2040 111
1745 1998 2012 2040 auditoribus

283 2074 521 2116 faciendum
565 2075 777 2127 statuere,
820 2074 940 2116 utin
973 2074 1126 2116 scholis
1161 2074 1384 2115 Societatis
1428 2078 1599 2115 nostrae
1643 2086 1725 2114 non
1768 2072 2011 2115 doceantur.

285 2148 492 2199 Quoniam
526 2149 635 2190 enim
670 2149 720 2190 ad
765 2149 875 2191 hunc
917 2150 1102 2191 fructum
1147 2149 1491 2202 consequendum
1526 2161 1608 2190 non
1652 2149 1781 2191 semel
1819 2148 1940 2191 nobis
1972 2148 2012 2189 in

284 2224 671 2266 Constitutionibus
720 2227 762 2266 et
805 2224 933 2277 Cong.
979 2224 1074 2267 GG.
1125 2225 1305 2266 decretis
1354 2224 1632 2279 praecipitur,
1684 2227 1733 2265 ut
1779 2224 1818 2265 111
1865 2224 2014 2277 quavis

283 2299 488 2342 facultate
520 2312 602 2341 non
635 2312 854 2355 securam,
897 2300 970 2342 sed
1004 2300 1283 2350 securiorem,
1328 2312 1403 2341 nec
1437 2299 1738 2353 approbatam,
1772 2299 1846 2341 sed
1878 2299 2013 2351 magis

285 2375 566 2428 approbatam
599 2375 834 2417 doctrinam
869 2388 1112 2428 sequamur,
1145 2388 1226 2417 non
1261 2375 1433 2428 quaevis
1467 2375 1645 2428 alicujus
1679 2374 1886 2428 opinionis
1919 2386 2014 2428 pro-

284 2450 482 2492 babilitas
525 2449 700 2506 sufficit,
742 2451 862 2492 utin
905 2450 1058 2493 scholis
1100 2451 1255 2493 nostris
1297 2451 1408 2492 tradi
1452 2454 1527 2492 aut
1568 2451 1608 2492 in
1654 2449 2013 2503 disputationibus

285 2525 451 2567 defendi
484 2525 629 2579 possit.
696 2525 850 2577 Quare,
882 2529 930 2567 ut
962 2526 1126 2567 monuit
1158 2527 1206 2569 R.
1231 2526 1274 2567 P.
1301 2526 1450 2568 Franc.
1478 2524 1870 2576 Piecolomineus2):
1913 2536 2013 2566 »nec

290 2601 514 2654 >cuiquam
560 2601 818 2654 patrocinari
859 2601 1005 2656 debet,
1052 2602 1086 2643 si
1129 2614 1238 2654 quae
1278 2601 1388 2643 forte
1433 2614 1481 2643 ex
1523 2601 1604 2643 illis
1651 2599 2013 2654 propositionibus

287 2676 583 2728 »reperiantur
615 2676 728 2729 apud
761 2676 924 2729 aliquos
958 2680 1152 2719 auctores
1186 2677 1249 2718 vel
1282 2676 1323 2717 in
1356 2676 1474 2718 libris
1502 2677 1591 2729 jam
1624 2675 1748 2718 editis
1783 2688 1808 2717 a
1840 2674 2010 2725 nostris,

287 2752 442 2794 »etiam
476 2764 570 2794 cum
603 2752 746 2805 aliqua
780 2753 1106 2806 approbatione,
1149 2765 1246 2794 nam
1290 2751 1523 2805 optandum
1556 2751 1715 2801 fuerat,
1759 2753 1808 2792 ut
1839 2749 2014 2802 diligen-

288 2827 443 2868 »tiores
491 2826 673 2869 fuissent
718 2832 760 2869 et
807 2828 1039 2870 severiores
1086 2828 1278 2881 plerique
1325 2827 1572 2869 revisores«
1652 2825 1846 2876 Accedit,
1899 2823 2011 2877 quod

285 2903 420 2955 major
453 2902 579 2944 etiam
612 2902 653 2943 in
687 2902 940 2945 scholastica
971 2903 1183 2958 doctrina,
1218 2915 1345 2955 quam
1379 2903 1418 2943 in
1453 2900 1685 2944 scribendis
1719 2899 1838 2942 libris
1871 2899 2011 2941 cautio

427 3058 452 3097 ¹)
481 3056 590 3100 Cong.
611 3057 652 3093 V.
680 3057 722 3092 D.
742 3061 796 3103 41,
823 3061 876 3093 56.
904 3079 947 3083 —-
974 3058 1054 3092 Rat.
1083 3057 1174 3092 stud.
1195 3057 1284 3101 Reg.
1311 3057 1400 3101 prof.
1427 3056 1516 3101 phil.
1538 3059 1570 3091 6.
1598 3056 1649 3091 Cf.
1670 3055 1756 3100 Reg.
1784 3054 1873 3100 prof.
1901 3054 2008 3090 theol.

285 3118 317 3162 2,
344 3118 376 3160 3,
403 3118 433 3149 4.
461 3114 548 3159 Reg.
568 3119 600 3160 5,
632 3119 680 3152 10.
893 3116 920 3159 2)
948 3116 1072 3151 Ordin.
1100 3125 1163 3160 pro
1191 3114 1283 3150 stud.
1312 3126 1389 3159 sup.
1416 3125 1448 3148 11.
1472 3117 1521 3150 15.
