2164 3535
708 215 984 259 Heranbildung
1008 214 1072 250 der
1096 214 1236 249 Lehrer
1263 216 1361 249 1622.
1816 215 1891 256 191

318 358 522 398 Auctores
554 359 641 397 tam
681 354 801 397 latini
834 367 961 407 quam
994 353 1155 409 graeci,
1198 354 1270 407 qui
1308 353 1507 407 privatim
1544 353 1745 406 leguntur
1775 354 1818 393 et
1855 352 1897 392 in

176 432 392 475 academia
422 432 702 484 exponuntur,
736 430 818 471 imo
852 432 894 470 et
924 429 1219 481 quotidianum
1242 428 1486 470 exercitium
1518 427 1605 469 stili
1629 426 1897 479 aliquatenus

177 507 432 560 respondere
479 507 634 549 debent
678 506 784 548 libro
832 508 1176 559 praeceptorum,
1231 517 1355 558 quem
1403 504 1582 557 quisque
1635 503 1897 556 assignatum

177 582 306 624 habet
337 583 378 623 in
410 583 578 635 privata
611 581 875 635 repetitione,
907 581 967 621 ita
998 584 1060 635 ut,
1095 580 1297 633 quamdiu
1330 580 1442 621 circa
1464 578 1648 632 primum
1681 579 1723 618 et
1754 590 1900 619 secun-

176 657 276 698 dum
315 657 468 699 librum
509 655 795 698 Emmanuelis
835 658 1088 707 occupatur,
1136 655 1192 695 nil
1231 655 1310 696 nisi
1355 653 1556 707 epistolas
1596 652 1808 695 Ciceronis
1858 655 1901 694 et

176 731 365 784 ejusdem
398 730 601 784 opuscula
639 729 690 771 de
721 731 958 782 senectute,
1001 728 1052 770 de
1095 728 1280 770 amicitia
1311 732 1352 770 et
1392 728 1608 782 paradoxa
1649 728 1816 781 legant,
1857 727 1899 768 in

175 805 391 848 academia
433 806 645 858 exponant
684 807 727 846 et
770 804 813 845 in
862 803 1163 845 exercitatione
1209 803 1294 845 stili
1343 803 1543 856 epistolas
1591 802 1644 844 ad
1687 802 1900 844 Ciceronis

174 880 453 923 imitationem
501 883 776 933 componant,
825 881 954 931 atque
994 878 1036 919 111
1079 877 1274 920 omnibus
1312 878 1523 930 gradatim
1571 891 1595 919 a
1641 877 1900 919 facilioribus

175 955 410 998 inchoando
451 954 793 1009 progrediantur.
856 954 916 995 Ut
946 966 1045 995 vero
1085 956 1206 995 tanto
1239 953 1498 994 commodius
1531 952 1756 994 artificium
1788 952 1901 995 Cice-

175 1030 398 1072 ronianum
421 1031 661 1085 observent,
693 1029 833 1082 legere
855 1031 1057 1082 poterunt
1079 1028 1227 1070 eodem
1256 1032 1446 1081 tempore
1470 1031 1693 1069 auctorum
1718 1027 1900 1079 aliquem

176 1105 227 1148 de
259 1104 571 1147 conscribendis
605 1104 808 1159 epistolis,
841 1104 977 1157 qualis
1011 1107 1075 1145 est
1106 1103 1275 1145 Rochus
1308 1103 1539 1145 Perusinus
1559 1105 1602 1158 ¹),
1634 1102 1815 1155 Lipsius.

313 1181 597 1234 Posteaquam
631 1192 729 1221 vero
767 1179 927 1233 judicio
960 1179 1194 1221 Directoris
1237 1177 1495 1221 sufficienter
1536 1177 1576 1218 111
1611 1177 1901 1230 grammatica,

175 1256 341 1310 syntaxi
379 1257 421 1297 et
457 1255 554 1298 stilo
594 1255 811 1309 epistolari
849 1253 1123 1307 profecerint,
1167 1253 1346 1306 gradum
1386 1253 1544 1294 facient
1581 1252 1635 1294 ad
1666 1251 1901 1305 posodiam,

176 1331 238 1373 ita
267 1334 328 1386 ut,
360 1330 556 1384 sepositis
588 1330 799 1384 prioribus
831 1329 949 1371 libris
980 1328 1282 1379 Emmanuelis,
1314 1327 1423 1369 hanc
1454 1328 1599 1380 legant
1628 1326 1827 1379 privatim
1861 1328 1903 1367 et

177 1405 404 1448 memoriae
435 1404 658 1455 mandent;
702 1408 830 1457 atque
862 1403 1009 1445 eodem
1040 1406 1232 1457 tempore
1263 1403 1305 1444 in
1346 1401 1563 1444 academia
1599 1400 1902 1454 pomeridiana,

177 1480 375 1534 sepositis
408 1480 599 1532 epistolis
633 1482 761 1533 atque
793 1479 884 1521 aliis
926 1479 1111 1520 oratorio
1155 1478 1252 1520 stilo
1297 1477 1566 1530 conscriptis,
1609 1475 1901 1529 explicandum

177 1559 346 1597 sument
376 1555 559 1608 aliquem
594 1554 749 1596 librum
774 1554 912 1596 Ovidii
937 1553 987 1595 de
1020 1552 1231 1605 tristibus,
1265 1552 1316 1594 de
1338 1552 1488 1606 Ponto,
1522 1551 1572 1593 de
1604 1551 1740 1603 fastis,
1774 1554 1902 1603 atque

178 1629 231 1671 ad
263 1629 452 1683 ejusdem
483 1629 761 1671 imitationem
794 1629 922 1670 etiam
954 1628 1034 1680 ipsi
1067 1627 1222 1680 elegias
1256 1627 1521 1668 conscribere
1552 1626 1764 1679 incipient.
1827 1625 1902 1676 Ce-

177 1708 317 1747 terum
349 1707 392 1747 et
421 1704 488 1746 hic
522 1716 676 1757 operae
708 1704 891 1757 pretium
925 1703 1005 1745 erit
1045 1703 1139 1744 illos
1177 1702 1316 1754 legere
1348 1701 1659 1743 institutionem
1692 1700 1899 1753 poeticam

177 1780 222 1820 P.
265 1778 492 1831 Pontani2)
537 1782 612 1820 aut
649 1778 870 1829 Buchleri,
918 1778 988 1831 qui
1031 1777 1294 1830 singulorum
1337 1780 1580 1829 poematum
1620 1779 1817 1817 naturam
1860 1778 1903 1816 et

178 1853 403 1896 artificium
435 1854 589 1896 clarius
622 1857 847 1908 exponunt.

315 1930 496 1971 Demum
527 1930 598 1972 ubi
620 1929 829 1971 Directori
861 1930 996 1971 visum
1028 1928 1168 1978 fuerit,
1201 1927 1253 1969 ab
1286 1927 1428 1981 elegiis
1461 1926 1513 1968 ad
1536 1926 1745 1968 faciliores
1768 1926 1899 1968 libros

178 2004 343 2057 Virgilii
375 2018 419 2047 se
450 2005 728 2057 transferent,
772 2018 897 2058 quem
929 2004 1121 2046 similiter
1159 2004 1367 2056 explicent
1398 2003 1439 2044 in
1474 2002 1698 2044 academiis
1731 2004 1772 2042 et
1804 2001 1901 2043 stilo

177 2079 344 2121 heroico
378 2080 613 2133 exprimere
645 2082 862 2122 conentur.
1118 2068 1121 2072 ’

315 2155 430 2196 Haec
472 2167 569 2197 vero
609 2155 681 2196 ubi
723 2154 983 2207 aliquamdiu
1026 2166 1120 2195 cum
1158 2153 1299 2195 fructu
1340 2152 1640 2201 tractaverint,
1683 2152 1717 2193 si
1766 2150 1904 2193 adhuc

177 2234 345 2284 tempus
386 2229 625 2283 superabit,
669 2242 833 2271 omnem
876 2230 1063 2271 laborem
1105 2233 1147 2271 et
1188 2228 1443 2269 industriam
1485 2227 1537 2268 ad
1580 2226 1904 2269 exercitationes

178 2304 386 2346 oratorias
429 2304 665 2359 conferent,
708 2305 768 2346 ita
809 2308 857 2345 ut
897 2303 1093 2357 privatim
1137 2303 1272 2345 Soarii
1310 2302 1580 2344 Rhetoricam
1624 2303 1821 2355 repetant
1863 2303 1905 2342 et

178 2379 380 2422 ediscant.

315 2454 364 2496 In
413 2454 629 2496 academia
675 2466 774 2496 vero
820 2453 940 2495 initio
987 2453 1158 2506 quidem
1205 2452 1335 2494 libros
1382 2452 1546 2504 aliquos
1594 2450 1904 2505 philosophicos

178 2528 404 2581 Ciceronis,
437 2542 473 2571 v.
505 2541 564 2582 gr.
601 2529 652 2571 de
684 2528 830 2571 officiis
863 2542 900 2570 v.
932 2528 1192 2570 Tusculanas
1226 2527 1497 2580 quaestiones
1529 2540 1565 2567 V.
1601 2526 1652 2567 de
1684 2525 1904 2566 divinitate

178 2603 270 2659 (Sic,
303 2603 623 2659 divinationeP),
657 2603 707 2645 de
738 2606 893 2645 natura
921 2603 1110 2652 deorum,
1144 2602 1294 2643 deinde
1317 2601 1526 2643 faciliores
1551 2601 1763 2642 orationes
1780 2601 1914 2653 juxta.

178 2678 369 2731 regulam
400 2678 651 2732 professoris
684 2678 919 2720 rhetoricae
952 2677 1252 2731 explanabunt.
1311 2677 1434 2718 quta
1458 2676 1629 2718 modum
1653 2688 1750 2717 vero
1773 2687 1903 2727 supra

319 2854 345 2896 ¹)
369 2851 511 2887 Rochi
538 2850 752 2886 Perusini
779 2851 822 2885 de
856 2849 1045 2885 scribenda
1078 2854 1113 2884 et
1144 2849 1376 2885 rescribenda
1410 2849 1577 2893 Epistola
1610 2848 1701 2882 liber
1736 2847 1902 2892 plurimis

180 2907 271 2943 locis
297 2908 458 2943 studiose
485 2907 697 2942 emendatus
724 2912 832 2951 atque
859 2907 1068 2950 distinctus3
1093 2907 1216 2941 multis
1241 2913 1432 2951 praeterea
1459 2906 1657 2950 capitibus,
1684 2905 1902 2940 utilissimis-

181 2975 250 3008 que
280 2965 573 2999 annotationibus
601 2969 636 2999 et
661 2965 808 3000 scholiis
843 2964 1085 3008 locupletatus
1118 2974 1139 2998 a
1171 2963 1340 2999 Jacobo
1368 2964 1568 2998 Pontano
1605 2974 1633 2998 e.
1663 2963 1695 2997 S.
1723 2963 1757 2997 J.
1785 2961 1902 2996 Dilin-

179 3032 244 3067 gae
265 3023 363 3059 1578.
396 3024 451 3058 8⁰.

315 3092 344 3135 2)
370 3091 461 3128 Jac.
487 3092 678 3126 Pontani
706 3093 738 3126 S.
765 3091 799 3126 J.
826 3092 1055 3126 Poeticarum
1082 3091 1353 3126 Institutionum
1379 3090 1461 3124 libri
1486 3089 1549 3124 III.
1600 3089 1724 3132 Ejusd.
1753 3088 1901 3132 Tyroci-

178 3149 277 3185 nium
306 3149 502 3185 Poeticum.
552 3149 699 3193 Ingolst.
721 3153 819 3194 1594,
844 3151 917 3195 80.;
948 3150 1052 3194 15973
1083 3151 1181 3184 1600.
1233 3148 1337 3183 Auch
1364 3153 1464 3183 sonst
1490 3147 1541 3182 oft
1566 3147 1758 3190 ausgelegt.
