2164 3535
641 161 835 205 catalogus
861 165 1059 205 perpetuus
1085 159 1215 194 Rheni.
1270 162 1367 195 1622.
1817 163 1869 203 23

143 301 247 343 illud
287 313 536 354 componere
577 313 660 342 non
702 312 826 354 posse
864 303 940 342 aut
979 311 1063 341 non
1111 299 1416 352 composuisse,
1463 299 1543 341 nisi
1586 299 1873 341 consentiente

144 376 333 418 Rectore.

281 462 361 512 Qui
403 462 527 504 aliter
563 461 745 517 faciunt,
785 461 827 503 id
869 461 982 515 quod
1023 461 1298 515 praecipuum
1332 463 1397 502 est
1428 459 1481 501 ad
1513 459 1778 501 excitandam
1806 459 1873 512 ju-

142 538 358 578 ventutem
401 537 622 578 omittunt:
670 537 703 579 si
745 537 854 578 enim
894 536 1007 590 ipsos
1051 548 1301 589 componere
1343 536 1534 590 oportet,
1584 534 1871 587 consequitur,

143 624 233 664 eos,
277 611 347 664 qui
387 611 488 652 nihil
529 614 709 664 possunt
749 614 824 652 aut
864 611 1035 665 nolunt,
1074 623 1149 653 nec
1191 609 1362 663 affigere
1401 622 1549 663 posse,
1589 621 1665 650 nec
1707 609 1786 651 nisi
1829 609 1870 650 in

142 685 388 738 dialogismo
428 699 463 726 v.
493 685 653 738 judicio
700 685 950 727 declamare.
1014 685 1133 735 Quod
1167 684 1348 727 dedecus
1382 684 1481 726 dum
1515 696 1657 726 omnes
1688 683 1871 738 fugiunt,

141 759 372 802 studiosius
405 772 449 802 se
482 760 758 814 exercebunt,
801 760 835 802 si
868 759 1058 812 videant,
1098 759 1426 802 declamationes
1459 762 1501 801 et
1532 758 1747 801 affixiones
1779 771 1871 801 esse

141 834 268 876 etiam
299 835 488 888 praemia
521 835 792 887 eruditionis3
823 847 898 877 nec
930 834 1032 890 illis,
1065 834 1135 888 qui
1169 834 1233 876 vel
1266 847 1347 876 non
1377 833 1746 889 commendantur,
1779 837 1871 875 tan-

141 909 359 951 tummodo
405 909 754 964 declamationes,
807 922 883 952 nec
925 909 1028 965 illis,
1077 909 1149 963 qui
1196 913 1413 962 sumptum
1453 909 1635 951 tolerare
1676 910 1869 962 possunt,

141 983 357 1027 affixiones
390 984 494 1027 dari.
1455 966 1466 981 ’

732 1249 783 1298 Β.
861 1249 1289 1298 Introductio.

175 1353 237 1397 (L.
256 1362 290 1388 c.
317 1362 357 1397 p.
372 1352 444 1387 374
465 1373 500 1377 —
515 1363 560 1389 az»
576 1363 640 1397 —3
669 1353 709 1389 et
732 1354 851 1389 XIII.
878 1353 922 1389 L.
949 1353 991 1388 in
1017 1353 1214 1398 supplem.
1232 1351 1401 1395 alligato
1419 1351 1505 1387 sine
1530 1361 1622 1396 pag.
1638 1371 1679 1376 —
1695 1352 1740 1387 Ε.
1757 1351 1834 1395 -.)

276 1467 506 1521 Catalogus
529 1468 766 1522 Perpetuus
783 1469 923 1522 justas
946 1468 1000 1510 ob
1022 1480 1174 1510 causas
1197 1471 1261 1510 est
1284 1468 1511 1510 confectus.
1554 1467 1663 1509 Nam
1687 1468 1868 1521 cognito,

136 1543 208 1595 qui
240 1542 335 1584 libri
367 1546 572 1596 perpetuo
606 1547 647 1585 et
679 1545 924 1585 constanter
944 1543 986 1584 in
1015 1546 1163 1585 nostra
1185 1542 1401 1596 provincia
1423 1542 1668 1595 doceantur,
1702 1546 1869 1584 mature

136 1621 338 1670 poterunt
370 1619 624 1671 Repetentes
657 1618 812 1671 aliique
845 1618 898 1659 ad
929 1618 1022 1660 illos
1053 1617 1350 1671 intelligendos
1382 1617 1548 1659 institui
1580 1620 1642 1672 et,
1687 1629 1782 1659 cum
1814 1617 1869 1659 ad

137 1691 371 1734 docendum
404 1692 624 1748 accedunt,
657 1705 748 1735 esse
780 1693 931 1746 parati.

276 1784 425 1827 Plures
464 1784 594 1827 libros
635 1798 718 1826 uno
758 1797 867 1827 anno
909 1785 1044 1827 visum
1077 1788 1142 1827 est
1182 1797 1438 1839 proponere,
1481 1788 1572 1827 tum
1613 1787 1661 1827 ut
1690 1786 1868 1839 Juvenes

135 1858 320 1901 habeant
358 1872 464 1912 quos
505 1860 648 1912 legant
687 1864 729 1902 et
760 1860 1000 1908 imitentur„
1042 1865 1133 1902 tum
1171 1862 1218 1902 ut
1251 1860 1420 1914 copiosa
1452 1860 1507 1902 sit
1538 1860 1716 1903 materia
1747 1873 1868 1914 prae-

135 1934 395 1989 ceptoribus,
435 1948 486 1977 ne
527 1935 732 1977 haereant
768 1935 809 1976 in
849 1935 1119 1977 facilioribus.
1182 1936 1232 1977 Id
1267 1937 1355 1989 Jam
1397 1939 1494 1978 ante
1525 1948 1601 1977 nos
1635 1935 1741 1978 aliae
1773 1948 1868 1989 pro—

132 2007 314 2062 vinciae,
354 2010 579 2064 praecipue
619 2011 658 2051 in
700 2011 928 2053 Rhetorica
969 2014 1011 2053 et
1050 2011 1348 2066 Humanitate,
1389 2010 1651 2053 factitarunt.
1720 2011 1868 2064 Neque

135 2084 273 2125 omnia
313 2085 406 2138 pari
448 2086 571 2127 modo
619 2099 643 2127 a
683 2090 958 2140 praeceptore
1007 2089 1133 2128 erunt
1178 2086 1444 2139 explicanda:
1498 2085 1707 2138 quaedam
1756 2086 1866 2128 enim

134 2159 257 2201 citius
300 2160 520 2215 decurret,
566 2161 776 2214 quaedam
819 2161 1059 2203 accuratius
1101 2161 1278 2214 singulis
1320 2160 1577 2203 inhaerendo
1620 2160 1866 2214 explicabit3

132 2235 175 2276 in
218 2234 472 2287 quibusdam
518 2236 646 2278 etiam
692 2236 784 2278 loca
828 2239 996 2278 tantum
1043 2236 1227 2278 illustria
1274 2235 1430 2289 deliget
1475 2239 1604 2289 atque
1650 2235 1866 2289 discipulis

72 2315 75 2317 ’
132 2314 358 2365 proponet,
405 2324 441 2351 v.
488 2323 548 2363 gr.
596 2323 704 2352 anno
755 2312 864 2352 1622
913 2323 962 2352 ex
1008 2311 1269 2353 orationibus
1311 2310 1499 2353 Verrinis
1546 2310 1652 2352 duas
1700 2323 1734 2351 v.
1778 2313 1865 2352 tres

133 2384 342 2437 copiosius
384 2390 584 2441 exponet,
632 2389 871 2428 ceterarum
913 2398 1031 2441 vero,
1079 2386 1150 2427 ubi
1189 2388 1440 2439 argumenta
1478 2385 1723 2440 tradiderit,
1771 2385 1864 2427 loca

135 2462 210 2500 aut
260 2458 494 2502 difficiliora
542 2464 617 2502 aut
662 2461 943 2515 elegantiora,
991 2464 1198 2514 quantum
1250 2464 1418 2514 tempus
1466 2460 1675 2514 patietur,
1721 2473 1865 2514 prose-

134 2538 302 2586 quetur.

272 2621 354 2662 Pro
393 2621 670 2673 grammatica
708 2622 843 2664 visum
877 2625 941 2664 est
971 2622 1353 2675 Progymnasmata
1383 2622 1563 2664 Pontani
1595 2622 1758 2665 utiliter
1790 2623 1862 2664 ad-

128 2695 251 2748 jungi
282 2708 417 2749 posse.

273 2782 466 2833 Nota¹):
515 2782 765 2836 Catalogum
806 2782 916 2824 hunc
959 2782 1135 2835 singulis
1175 2783 1381 2825 sexenniis
1424 2783 1582 2838 repeti,
1625 2783 1704 2826 nisi
1749 2784 1863 2837 quod

133 2855 176 2896 in
225 2856 435 2898 rhetorica
479 2857 647 2899 Horatii
698 2857 793 2899 libri
848 2857 1023 2910 singulis
1073 2857 1361 2910 quadrienniis
1413 2862 1654 2910 recurrant,
1707 2857 1767 2899 ita
1815 2860 1864 2898 ut

133 2934 348 2983 postremo
388 2931 495 2973 liber
528 2932 703 2985 Epodon
737 2945 902 2985 semper
940 2932 1219 2986 adjungatur3
1258 2933 1300 2974 in
1333 2933 1538 2988 Homero,
1578 2932 1696 2974 libris
1730 2932 1862 2986 Odys-

274 3091 300 3134 1)
325 3090 435 3126 Diese
462 3090 555 3126 Note
581 3091 672 3126 fehlt
696 3091 732 3126 in
760 3091 844 3127 Cod.
871 3092 893 3126 1.
