2164 3535
239 218 322 259 448
766 214 842 249 Fiir
867 214 935 249 den
962 214 1307 259 Studienprafekten
1335 217 1434 250 1832.

279 580 811 651 Anweisungen
864 577 975 632 fiir
1036 578 1167 631 den
1222 576 1933 649 Studienprafekten.

855 680 930 726 27.
971 676 1166 725 Januar
1207 680 1350 726 1832.

551 782 689 827 (Aren.
716 781 762 819 G.
788 782 834 819 v.
859 783 907 818 B.
927 782 993 818 22.
1042 782 1117 818 Ein
1141 782 1237 818 Hert
1260 783 1303 817 in
1327 782 1384 817 40.
1410 793 1487 818 von
1515 782 1538 817 8
1564 782 1648 827 Bl.)

377 898 445 932 Die
471 897 638 942 folgende
657 898 879 941 Anweisung
903 898 961 932 fiir
986 897 1054 932 den
1074 897 1420 942 Studienprafekten
1446 896 1567 931 wurde
1585 908 1651 932 von
1670 897 1709 931 P.
1729 897 1959 941 Staudinger‚

241 959 469 992 1830—1836
494 956 698 990 Provinzial
724 966 791 990 von
819 955 1167 1000 Oberdeutschland,
1194 957 1332 1000 wenige
1358 956 1505 990 Monate
1533 966 1593 990 vor
1620 956 1683 989 der
1709 965 1826 989 neuen
1851 954 1958 989 Ratio

239 1015 438 1050 studiorum
464 1015 634 1049 erlassen.
674 1014 732 1049 Sie
758 1015 805 1049 ist
832 1015 910 1049 eine
937 1014 1095 1058 fleissige
1114 1015 1493 1059 Zusammenstellung
1519 1015 1609 1050 aller
1634 1015 1743 1049 dahin
1764 1014 1960 1059 gehorigen

237 1073 533 1116 Bestimmungen
551 1072 614 1107 des
633 1072 810 1117 Instituts,
837 1072 901 1106 der
920 1072 1412 1117 General-Congregationen
1432 1075 1504 1108 und
1522 1072 1960 1116 Einzelentscheidungen

237 1131 301 1165 der
331 1130 509 1165 Generale
541 1140 587 1164 an
619 1129 676 1164 die
717 1130 935 1174 Provinzen⁷
974 1131 1045 1165 und
1086 1132 1213 1165 darum
1250 1133 1351 1175 nctig
1390 1143 1573 1176 gewesen‚
1612 1132 1691 1166 weil
1730 1131 1861 1175 gerade
1904 1131 1962 1166 die

237 1190 464 1234 wichtigsten
490 1189 699 1233 Priifungen
733 1190 768 1224 in
801 1188 865 1223 der
892 1189 1134 1224 Gesellsehaft
1158 1190 1249 1224 Jesu
1283 1190 1397 1225 durch
1432 1190 1536 1225 einen
1564 1190 1728 1225 Verstoss
1764 1200 1877 1234 gegen
1903 1189 1961 1224 die

237 1252 381 1291 strenge
407 1247 634 1282 Rechtsform
660 1247 771 1282 leicht
796 1247 963 1291 ungultig
989 1247 1130 1282 werden
1156 1248 1311 1282 konnen.

238 1484 548 1538 Instructio
588 1481 593 1556 l
636 1483 742 1537 Pro
788 1483 1087 1538 Praefecto
1124 1483 1453 1538 Studiorum
1494 1483 1499 1557 Ι
1540 1485 1599 1537 in
1644 1484 1843 1537 ordine
1889 1484 1959 1536 ad

593 1587 795 1642 Studia
840 1598 897 1643 et
939 1588 1222 1643 Examina
1266 1597 1606 1643 nostrorum.

377 1735 469 1777 Etsi
511 1734 635 1785 alias,
678 1738 769 1775 tum
801 1747 849 1775 ex
881 1734 1060 1775 Ratione
1094 1734 1363 1787 Studiorum,
1406 1736 1498 1776 tum
1530 1747 1578 1776 ex
1610 1733 1791 1788 propriis
1825 1733 1963 1786 cujus-

238 1823 321 1864 que
360 1810 482 1853 officii
523 1810 700 1866 regulis,
742 1811 844 1852 satis
886 1823 1098 1863 superque
1139 1810 1224 1852 sint
1265 1812 1365 1851 nota
1397 1814 1439 1851 et
1471 1813 1573 1851 nota
1606 1810 1733 1851 etiam
1765 1821 1856 1851 esse
1889 1808 1961 1849 de-

238 1886 367 1928 beant
406 1899 515 1940 quae
557 1887 667 1928 circa
701 1885 853 1927 Studia
895 1889 937 1927 et
969 1885 1174 1926 Examina
1205 1885 1460 1927 Nostrorum
1492 1888 1584 1926 tum
1615 1885 1833 1927 Praefecto
1867 1883 1963 1925 Stu-

239 1961 404 2003 diorum
435 1966 525 2004 tum
548 1960 920 2003 Examinatoribus
954 1964 1054 2002 sunt
1083 1961 1362 2015 observanda,
1396 1961 1495 2014 quia
1517 1964 1674 2014 tamen,
1706 1964 1876 2013 praeter
1897 1971 1959 2014 ea,

239 2049 321 2078 non
353 2049 489 2090 pauca
520 2049 602 2078 non
635 2036 740 2078 adeo
771 2037 861 2077 fore
894 2036 1086 2077 omnibus
1120 2040 1220 2077 nota
1253 2039 1328 2077 aut
1360 2035 1411 2077 de
1442 2035 1553 2076 facili
1585 2035 1835 2076 invenienda
1873 2035 1960 2076 sive

238 2111 280 2153 in
312 2112 438 2154 variis
471 2112 857 2165 Congregationum
889 2111 1070 2153 decretis
1102 2111 1189 2153 sive
1228 2111 1269 2152 in
1304 2110 1579 2163 Super—iorum
1612 2109 1960 2152 Ordinationibus

241 2187 432 2241 dispersa
462 2187 755 2242 reperiuntur,
793 2198 870 2228 nec
900 2186 1070 2239 inutile,
1109 2199 1185 2228 nec
1217 2186 1431 2239 ingratum
1460 2186 1549 2227 fore
1587 2185 1801 2240 existimo,
1843 2185 1878 2227 si
1920 2185 1961 2226 in

240 2266 404 2315 partem
436 2262 592 2304 laboris
623 2262 793 2304 veniens
823 2262 864 2303 in
898 2274 1027 2302 unum
1060 2261 1162 2303 haec
1195 2261 1334 2303 omnia
1365 2260 1557 2313 colligam
1589 2263 1632 2302 et
1662 2260 1732 2316 iis,
1765 2260 1817 2302 ad
1850 2273 1958 2314 quos

241 2350 291 2379 ea
321 2341 529 2393 spectant,
560 2350 642 2379 uno
674 2338 832 2379 intuitu
866 2337 974 2379 oculi
1006 2337 1238 2390 spectanda
1268 2336 1497 2379 exhibeam.
1562 2336 1626 2378 Sit
1656 2337 1800 2389 itaque

899 2671 1053 2728 Caput
1082 2673 1306 2716 Primum

667 2788 755 2835 De
814 2786 1068 2835 studiis
1126 2788 1536 2836 Nostrorum.

383 2926 432 2966 19
471 2923 534 2965 Ad
566 2924 918 2967 instaurationem
951 2925 1189 2967 studiorum
1212 2924 1456 2967 Praefectus
1488 2924 1645 2977 primas
1677 2923 1743 2965 sui
1774 2923 1960 2965 muneris

245 3000 387 3051 partes
428 3011 520 3041 esse
559 2999 665 3041 sciat
703 3011 827 3051 agere
859 3000 900 3040 in
933 3002 1122 3053 tempore
1156 3013 1251 3042 cum
1282 3000 1330 3041 R.
1363 3000 1406 3040 Ρ.
1441 2999 1693 3040 Provinciali
1726 3001 1801 3040 aut
1831 2999 1878 3040 R.
1914 2998 1958 3039 P.

245 3073 423 3115 Rectore
455 3072 691 3129 Seminarii,
724 3077 773 3115 ut
803 3075 1025 3130 intelligat,
1059 3075 1112 3117 ad
1135 3088 1261 3128 quam
1285 3075 1464 3128 quisque
1486 3074 1671 3116 scholam
1695 3076 1770 3115 aut
1791 3074 1959 3116 scholae

246 3159 414 3190 cursum
446 3148 501 3190 sit
532 3148 821 3204 destinandus,
854 3150 928 3191 sed
960 3150 1085 3191 simul
1117 3150 1243 3191 etiam
1267 3149 1384 3203 prius
1401 3150 1490 3203 Jam
1513 3162 1563 3191 ex
1585 3149 1760 3202 singulis
1783 3148 1958 3190 sollicite
