2164 3535
233 228 317 269 442
540 226 643 262 Neue
672 226 1037 273 Studienvorschlage
1063 229 1127 264 der
1152 229 1350 266 deutschen
1376 231 1529 266 Provinz
1558 235 1655 268 1830.

230 367 445 421 privatum
477 369 667 411 studium
700 369 767 411 vix
798 369 946 411 utilius
977 370 1163 424 impendi
1194 383 1338 427 posse,
1380 384 1507 425 quam
1540 375 1588 414 ut
1629 374 1787 428 scripto
1828 376 1957 417 conti-

233 455 365 485 nuam
404 443 641 486 laboriosae
674 444 915 497 diligentiae
945 443 1070 487 fidem
1101 446 1260 488 faciant
1286 446 1515 489 auditores.
1564 447 1695 491 Stilus
1718 449 1956 502 epistolaris

230 518 359 560 latine
391 522 434 560 et
464 520 688 562 vernacule
720 520 979 563 exercendus
1012 523 1089 577 est,
1121 523 1169 563 ut
1196 521 1426 574 auditores,
1459 522 1560 565 dum
1581 524 1807 577 posthanc
1838 525 1958 568 scho-

231 593 316 635 lam
347 593 494 635 ludum
527 594 782 637 litterarium
815 595 1080 652 relinquunt,
1112 596 1227 650 quod
1258 597 1299 639 in
1333 598 1574 651 regionibus
1607 598 1779 653 belgicis
1811 613 1955 643 rarum

229 682 311 711 non
344 672 422 723 est,
455 670 606 713 saltem
638 671 880 725 epistolium
913 671 1064 714 decens
1096 676 1139 715 et
1168 673 1394 716 honestum
1426 675 1692 717 conscribere
1723 676 1905 718 valeant.

367 757 440 799 Ad
472 770 572 811 reg.
597 760 634 801 8.
691 758 891 810 Quamvis
923 759 1175 813 negligenda
1196 773 1279 802 non
1303 761 1358 803 sit
1378 761 1515 803 versio
1544 762 1956 819 vernaculo-graeca,

228 833 312 875 imo
348 834 589 876 necessaria
620 835 688 890 sit,
721 838 769 877 ut
800 836 937 889 graeci
961 835 1175 878 Authores
1207 836 1248 877 in
1280 839 1499 889 posterum
1531 836 1612 889 legi
1644 837 1821 893 possint,
1853 850 1955 891 prae

228 909 405 951 caeteris
438 912 578 952 tamen
611 911 719 953 ratio
750 910 946 953 habenda
968 911 1171 954 versionis
1196 912 1641 965 graeco-vernaculae:
1677 924 1772 954 cum
1794 913 1952 956 nostris

228 985 491 1039 temporibus
523 986 703 1029 maxime
735 987 941 1040 exigatur,
971 990 1020 1029 ut
1051 987 1189 1040 graeci
1219 987 1433 1030 Authores
1467 988 1546 1030 rite
1578 991 1620 1029 et
1652 988 1772 1030 facile
1803 988 1954 1031 intelli-

227 1063 397 1115 gantur,
430 1062 530 1115 quin
564 1062 802 1104 necessaria
835 1062 890 1104 sit
921 1075 1071 1115 graece
1103 1062 1313 1105 scribendi
1344 1063 1537 1105 facilitas.

366 1147 439 1189 Ad
470 1160 568 1201 reg.
594 1150 631 1190 9.
684 1148 778 1190 Non
810 1149 1001 1203 repetitis
1024 1149 1183 1192 vicibus
1215 1163 1292 1204 per
1323 1150 1604 1203 quadrantem
1627 1149 1756 1192 horae
1778 1163 1954 1204 graecae

231 1222 503 1276 praelectioni
536 1224 796 1277 impenditur
818 1224 928 1280 [sic],
960 1225 1034 1267 sed
1056 1228 1122 1268 ter
1151 1225 1192 1267 in
1217 1225 1482 1268 hebdomada
1502 1225 1606 1267 hora
1628 1225 1762 1268 solida
1783 1227 1955 1280 ponitur

225 1297 267 1339 in
298 1298 541 1352 hujusmodi
572 1299 848 1342 institutione.

469 1660 693 1727 Regulae
733 1661 1036 1710 Professoris
1075 1661 1272 1710 mediae
1311 1660 1702 1711 Grammaticae.

365 1799 434 1841 Ad
467 1813 553 1853 reg
592 1803 626 1842 1.
684 1804 732 1842 19
765 1801 813 1842 In
847 1800 924 1843 hac
956 1801 1100 1843 schola
1132 1801 1231 1855 poni
1266 1803 1440 1855 possent
1460 1802 1631 1854 praeter
1653 1800 1951 1843 declinationes

233 1878 275 1917 et
307 1876 623 1930 conjugationes
654 1889 842 1932 graecas,
875 1876 1117 1919 rudimenta
1149 1889 1318 1930 quoque
1342 1876 1466 1930 hujus
1497 1876 1680 1929 linguae,
1712 1879 1761 1917 ut
1791 1875 1954 1918 facilior

229 1950 325 1993 dein
358 1951 414 1993 sit
445 1952 584 2005 graeci
608 1952 810 1995 Authoris
844 1953 1080 2007 explicatio,
1112 1953 1185 2006 qui
1217 1952 1372 1994 nostris
1404 1952 1445 1993 in
1468 1951 1620 1994 scholis
1654 1954 1718 1993 est
1740 1951 1951 1993 Lucianus

226 2030 497 2080 expurgatus,
545 2029 597 2070 29
631 2028 759 2069 Nulla
791 2027 1054 2080 explicantur
1085 2027 1223 2070 adhuc
1245 2027 1433 2070 carmina
1462 2027 1606 2068 latina.
1655 2025 1820 2067 Author
1852 2038 1950 2068 vero

224 2101 396 2157 latinus,
427 2105 596 2156 praeter
619 2102 812 2144 Caesaris
845 2103 1160 2158 commentaria,
1192 2103 1334 2155 pueris
1361 2103 1450 2156 jam
1474 2105 1649 2155 propter
1680 2106 1946 2144 recurrentes

226 2189 392 2230 semper
423 2177 518 2219 belli
552 2179 725 2219 eventus
759 2177 927 2219 eosdem
960 2178 1064 2220 satis
1097 2178 1307 2229 taediosa,
1348 2181 1413 2220 est
1445 2177 1603 2219 Cicero.
1668 2177 1827 2219 Verum
1859 2177 1950 2230 ejus

227 2252 450 2307 epistolae,
490 2265 599 2306 quae
631 2252 768 2294 adhuc
810 2253 924 2295 solae
964 2253 1238 2306 adhibentur,
1279 2253 1315 2295 si
1354 2253 1558 2306 pauculas
1601 2252 1803 2307 excipias,
1844 2252 1951 2294 tales

227 2331 340 2383 sunt,
373 2340 482 2381 quae
513 2341 595 2369 non
628 2328 910 2382 spernendam
941 2329 982 2370 in
1014 2329 1193 2371 historia
1216 2341 1391 2370 romana
1414 2328 1693 2370 eruditionem
1715 2327 1949 2381 postulant,

225 2405 275 2444 ut
305 2403 465 2456 aliquid
498 2404 766 2446 amoenitatis
798 2403 947 2446 iisdem
980 2406 1256 2457 aspergatur,
1299 2416 1431 2457 quare
1470 2415 1624 2456 operae
1654 2402 1838 2456 pretium
1869 2403 1951 2444 for-

226 2478 336 2520 sitan
368 2478 490 2533 foret,
522 2479 558 2521 si
589 2479 780 2532 epistolis
807 2479 985 2532 juvenili
1019 2479 1157 2521 animo
1190 2478 1383 2533 insipidis
1407 2478 1772 2520 substituerentur
1793 2477 1949 2519 selecta

225 2553 368 2607 aliqua
399 2568 448 2596 ex
480 2554 626 2596 eodem
649 2554 838 2596 Authore
869 2567 906 2595 v.
940 2567 976 2607 g.
1010 2554 1223 2604 historiae,
1257 2554 1632 2596 commentationes
1666 2553 1846 2595 morales
1868 2556 1946 2595 etc.

365 2640 435 2682 Ad
468 2653 566 2694 reg.
602 2643 639 2681 2.
699 2641 762 2683 De
795 2641 999 2683 divisione
1030 2641 1232 2695 temporis
1264 2641 1388 2695 idem,
1422 2640 1534 2694 quod
1567 2653 1697 2693 supra
1728 2640 1782 2682 ad
1813 2652 1898 2693 reg.
1923 2641 1947 2681 2

226 2715 336 2758 Prof‚
369 2715 490 2757 Rhet.
1469 2774 1471 2776 Ι

363 2790 434 2832 Ad
466 2804 562 2844 reg.
598 2793 635 2832 3.
700 2792 761 2833 De
793 2792 1028 2845 corrigendi
1061 2792 1225 2834 ratione
1256 2792 1382 2842 idem,
1416 2791 1529 2845 quod
1561 2804 1691 2844 supra
1726 2789 1778 2832 ad
1810 2802 1895 2842 reg.
1920 2790 1945 2830 4

226 2866 336 2908 Prof.
372 2866 493 2908 Rhet.
528 2870 571 2907 et
603 2868 695 2908 21*
718 2869 772 2909 24
806 2868 963 2910 Comm.
998 2868 1108 2910 Prof.
1144 2867 1275 2910 Class.
1308 2868 1378 2909 inf.

364 2940 434 2981 Ad
468 2954 564 2994 reg.
600 2943 636 2982 7.
691 2943 867 2995 Aequali
900 2956 1075 2985 numero
1107 2942 1458 2996 praescribendae
1489 2945 1590 2984 sunt
1612 2940 1823 2983 versiones
1854 2939 1946 2981 lati-

227 3028 304 3057 nae
336 3028 384 3057 ac
416 3017 678 3058 vernaculae.
742 3017 790 3059 V.
836 3031 966 3071 supra
1007 3018 1061 3059 ad
1104 3031 1187 3071 reg.
1222 3020 1245 3059 3
1279 3018 1389 3059 Prof.
1433 3029 1615 3070 suprem.
1651 3016 1836 3058 Gramm.
1893 3039 1942 3045 -—

226 3090 451 3132 Praeterea
483 3091 523 3132 in
557 3091 634 3133 hac
665 3091 808 3134 schola
839 3096 881 3134 et
912 3093 953 3134 in
986 3092 1128 3134 infima
1159 3092 1435 3145 grammatica
1466 3091 1678 3134 habentur
1700 3091 1839 3132 soluta
1870 3102 1944 3131 seu

228 3164 431 3208 Themata
463 3166 523 3208 ita
545 3167 790 3220 composita,
824 3169 871 3208 ut
895 3168 1087 3221 discipuli
1111 3168 1288 3209 circuire
1310 3166 1580 3208 difficultates
1604 3164 1942 3218 grammaticales
