2164 3535
464 196 502 230 P.
530 196 654 230 Beckx
681 196 844 239 verlangt
869 195 1018 230 Bericht
1043 195 1132 229 uber
1159 193 1444 229 Studiensachen
1476 197 1571 229 1854.
1799 197 1876 237 551

160 340 405 379 nostrorum
436 337 476 380 in
507 337 750 391 Theologia,
782 336 1032 390 praesertim
1054 334 1217 391 morali,
1250 334 1562 389 exercitatione,
1595 334 1717 377 modo
1740 338 1881 377 tamen

161 412 306 455 alienis
351 411 698 466 occupationibus
742 425 765 453 a
807 411 947 454 studio
988 423 1039 453 ne
1080 409 1394 462 distrahantur,
1438 412 1512 451 aut
1543 409 1707 462 privato
1740 409 1880 451 studio

161 486 334 530 Scholas
367 488 565 541 supplere
598 490 674 529 aut
705 490 871 540 tempus
905 485 1154 528 contrahere
1186 484 1503 538 permittantur„
1538 496 1624 537 qua
1655 483 1695 525 in
1729 496 1773 526 re
1805 483 1881 525 Su-

160 562 373 616 periorum
405 561 585 603 maxime
617 561 914 604 conscientiam
946 571 1212 602 oneramaus.

299 654 455 696 Datum
486 654 645 696 Romae
677 653 743 695 die
778 654 841 695 15.
866 652 1034 695 Octobr.
1074 653 1193 694 1847.

1192 778 1425 821 Ioannes
1468 779 1763 822 Roothaan.

424 1116 646 1170 Erlass
699 1116 812 1170 des
869 1115 923 1168 P.
970 1113 1293 1169 Generals
1346 1111 1618 1173 Beokx1)

157 1251 277 1286 zur
339 1231 1077 1305 Berichterstattung
1139 1231 1312 1284 iiber
1377 1230 1489 1284 die
1557 1229 1877 1284 Studien.

745 1346 789 1392 2.
819 1341 1115 1408 September
1157 1344 1301 1390 1854.

214 1457 353 1503 (Arch.
381 1457 426 1494 G.
446 1458 500 1493 ΙΙ.
527 1459 572 1493 F.
591 1458 655 1493 38.
707 1459 783 1493 Das
809 1457 967 1501 autogr.
995 1457 1106 1492 amtl.
1133 1456 1246 1493 Schr.
1274 1457 1314 1492 in
1341 1456 1363 1491 ⁶2
1385 1457 1449 1492 Bl.
1477 1457 1585 1492 carta
1612 1456 1819 1499 Romana.)

862 1642 904 1684 Ρ.
950 1642 1174 1685 Christi.

298 1759 389 1809 Quo
421 1758 584 1801 facilius
610 1758 850 1800 obtineatur
872 1757 978 1811 finis,
1012 1770 1137 1811 quem
1160 1757 1309 1799 ultima
1331 1756 1613 1809 Congregatio
1638 1756 1758 1798 Decr.
1784 1754 1880 1807 382)

161 1834 240 1877 sibi
271 1834 506 1889 proposuit,
540 1834 591 1875 de
625 1834 796 1875 consilio
829 1833 918 1875 PP.
953 1833 1256 1875 Assistentium
1288 1832 1423 1874 visum
1457 1834 1534 1887 est,
1568 1834 1615 1872 ut
1646 1830 1881 1884 Praepositi

160 1909 458 1969 Provinciales,
482 1909 666 1951 exhibito
690 1909 819 1951 veluti
843 1909 1026 1962 quodam
1050 1911 1291 1963 prospectu,
1328 1910 1375 1949 19
1410 1907 1617 1949 actualem
1641 1906 1879 1948 studiorum

159 1988 318 2027 statum
352 1988 394 2026 et
427 1986 478 2027 29
512 1997 657 2027 eorum
691 1997 934 2026 successum
965 1983 1184 2025 nobiscum
1218 1982 1589 2025 communicarent.

297 2066 359 2108 Ne
391 2069 532 2108 tamen
571 2066 610 2107 in
644 2065 865 2108 scribendo
906 2065 1079 2106 nimium
1119 2066 1228 2106 forte
1272 2066 1554 2116 vagarentur,
1598 2066 1640 2104 et
1681 2064 1727 2103 ut
1769 2061 1879 2102 idem

166 2141 289 2196 plane
323 2154 348 2183 a
388 2141 548 2183 cunctis
587 2141 690 2182 ordo
733 2145 998 2196 servaretur,
1038 2141 1240 2193 pleraque
1281 2139 1510 2181 statuimus
1548 2140 1729 2192 puncta,
1772 2149 1880 2189 quae

163 2216 318 2270 singuli
350 2216 633 2258 Provinciales
666 2228 749 2257 una
782 2227 875 2257 cum
908 2215 995 2257 suis
1029 2213 1367 2265 Consultoribus,
1401 2213 1578 2266 aliisque
1608 2211 1805 2253 Patribus
1838 2212 1877 2252 in

164 2291 316 2334 studiis
349 2291 435 2333 sive
469 2290 737 2332 inferioribus
778 2290 866 2331 sive
897 2288 1186 2342 superioribus
1229 2288 1418 2341 apprime
1462 2286 1662 2342 versatis,
1705 2286 1877 2328 seorsim

161 2369 203 2408 et
249 2378 377 2420 quam
422 2365 737 2408 accuratissime
784 2364 1107 2418 perpenderent.
1171 2364 1322 2405 Totum
1371 2365 1512 2404 autem
1562 2361 1639 2403 hoc
1687 2374 1790 2414 opus
1837 2361 1878 2402 in

160 2445 248 2483 tres
281 2441 412 2482 veluti
445 2444 588 2494 partes
621 2453 695 2482 seu
729 2440 935 2482 sectiones
969 2438 1301 2492 dispertiendum
1335 2437 1521 2487 videtur,
1560 2439 1608 2477 ut
1640 2436 1690 2478 de
1722 2436 1879 2478 theo-

162 2517 363 2572 logiciS,
397 2516 447 2557 de
480 2516 851 2569 philosophicis
885 2519 927 2556 et
959 2515 1008 2556 (le
1046 2514 1244 2556 litteris
1286 2512 1513 2566 separatim
1548 2514 1699 2564 agatur
1732 2523 1755 2552 a
1787 2523 1879 2564 per-

163 2593 275 2634 sonis
306 2592 485 2633 istarum
517 2592 768 2633 facultatum
801 2603 902 2643 prae
935 2590 1085 2632 ceteris
1125 2589 1284 2643 peritis.
1345 2588 1413 2629 Nil
1455 2588 1614 2639 obstat,
1655 2586 1878 2640 quominus

163 2680 272 2709 unus
319 2666 534 2720 idemque,
583 2666 615 2707 si
666 2666 841 2707 idoneus
888 2668 972 2720 est,
1014 2665 1065 2706 ad
1105 2664 1247 2718 plures
1290 2664 1354 2705 vel
1394 2663 1446 2704 ad
1488 2675 1630 2704 omnes
1673 2661 1878 2703 sectiones

163 2746 421 2785 assumatur.
485 2741 695 2783 Absoluto
735 2741 968 2783 sectionum
1001 2739 1164 2795 labore,
1204 2737 1475 2780 Provincialis
1516 2749 1610 2778 cum
1653 2736 1741 2778 suis
1775 2735 1880 2777 Con-

164 2817 396 2860 sultoribus
441 2817 636 2870 (aliisque
678 2816 848 2869 peritis,
890 2815 922 2857 si
966 2815 1083 2866 velit)
1125 2814 1290 2867 singula
1332 2815 1496 2854 mature
1537 2811 1767 2865 examinet,
1807 2809 1878 2851 ubi

302 2957 330 2998 ¹)
355 2955 463 2989 Peter
489 2955 612 2989 Beckx
640 2956 673 2988 8.
701 2954 733 2988 J.
762 2953 935 2997 (Sichem,
967 2955 1064 2996 1795,
1095 2954 1192 2996 1819,
1223 2952 1333 2994 1887),
1370 2950 1437 2984 seit
1467 2951 1553 2984 1852
1579 2948 1782 2984 Provinzial
1816 2948 1879 2982 der

165 3012 706 3055 osterreichisch-ungarischen
736 3011 898 3054 Provinz,
925 3013 1012 3045 1853
1039 3009 1193 3044 General
1227 3009 1290 3043 der
1316 3007 1567 3043 Gesellschaft.
1619 3006 1738 3050 Vergl.
1769 3006 1879 3040 Veer-

166 3075 324 3106 straeten
352 3070 473 3104 Leven
498 3071 565 3104 'van
591 3069 659 3104 den
688 3069 787 3112 ng.
815 3068 854 3102 P.
883 3068 1012 3102 Petrus
1038 3067 1172 3102 Beckx.
1222 3067 1441 3111 Antwerpen
1472 3067 1567 3101 1889.

302 3139 329 3183 2)
357 3139 406 3174 Es
432 3148 504 3173 war
530 3139 586 3173 die
612 3141 667 3173 22.
695 3148 772 3172 vom
797 3137 910 3171 Jahre
937 3138 1034 3181 1853,
1060 3135 1125 3171 Bd.
1143 3135 1169 3180 I,
1198 3136 1230 3170 S.
1254 3138 1328 3172 115.
