2164 3535
467 220 616 255 Berieht
641 221 704 255 der
729 221 927 255 deutschen
954 220 1105 255 Provinz
1134 221 1221 255 uber
1247 220 1303 256 die
1333 221 1372 255 R.
1401 226 1442 257 st.
1485 225 1583 257 1821.
1802 227 1883 267 363

167 360 361 402 similiter
382 361 624 402 sexennium
648 359 843 402 distribui
867 360 1021 402 debent
1044 361 1290 413 accessoria,
1318 374 1356 402 v.
1380 374 1440 413 gr.
1467 362 1731 419 Mathesis,
1764 377 1886 420 quae,

163 436 411 478 commercio
444 438 653 488 quatenus
686 435 881 486 inservit,
921 436 1082 488 priores
1116 438 1139 476 5
1164 436 1319 478 classes
1354 439 1598 489 occuparet,
1633 438 1799 491 rejectis
1833 440 1885 480 ad

162 511 429 553 Rhetoricam
462 509 676 563 principiis
710 509 937 562 Algebrae:
978 511 1123 552 eodem
1156 511 1280 553 modo
1314 511 1608 553 distribuenda
1629 512 1887 566 Historia,

163 585 429 638 Geographia
468 587 510 625 et
542 583 834 637 Chronologia.
899 585 1047 635 Quoad
1090 585 1325 627 doctrinam
1364 598 1463 628 vero
1499 586 1784 629 Christianam
1816 601 1888 630 cu-

163 660 356 714 randum,
390 662 438 700 ut
469 659 679 712 gradatim
711 659 914 701 adversus
947 659 1203 702 seductionis
1236 660 1440 714 principia
1472 661 1776 704 confortentur.

301 740 354 782 In
396 739 782 793 Philosophicis
827 739 995 781 videtur
1038 742 1088 781 19
1122 739 1162 780 in
1198 740 1353 792 Logica
1395 744 1437 782 et
1470 741 1781 798 Metaphysica,
1824 747 1885 799 ut,

166 816 303 858 missis
335 815 654 869 quaestionibus
688 815 739 856 de
771 815 898 856 rebus
931 814 1278 856 inscrutabilibus
1311 819 1353 856 et
1385 815 1760 873 abstractioribus,
1794 819 1889 860 soli-

165 891 335 934 dissime
373 890 610 933 formentur
649 890 687 931 iu
733 890 940 932 ratiocinii
984 890 1140 942 regulis
1180 893 1222 931 et
1264 890 1460 932 methodo
1494 904 1542 932 ac
1585 892 1776 934 veritatis
1811 894 1890 935 cri-

165 966 303 1019 teriis,
345 966 495 1007 horum
536 965 631 1007 dein
664 977 742 1018 ope
782 964 988 1006 utendum
1019 964 1073 1005 ad
1116 964 1293 1006 solidam
1337 965 1387 1006 de
1422 966 1507 1006 Deo
1541 968 1582 1008 et
1615 966 1665 1008 de
1706 967 1887 1023 homine,

163 1045 291 1096 prout
330 1042 432 1084 haec
475 1041 679 1094 Religioni
721 1041 952 1093 subservit,
995 1041 1275 1093 cognitionem
1310 1040 1572 1082 tradendam.
1644 1043 1696 1084 2¹?
1733 1042 1888 1085 Sedulo

165 1117 290 1159 etiam
323 1116 547 1159 tractanda
579 1115 849 1169 Philosophia
872 1115 1114 1170 Religionis,
1148 1128 1354 1168 omneque
1380 1117 1451 1169 jus
1484 1117 1679 1158 naturale
1711 1130 1759 1159 ac
1791 1130 1887 1171 gen-

165 1193 293 1248 tium,
336 1192 551 1245 publicum
583 1194 625 1233 et
662 1192 888 1245 privatum.
952 1191 1000 1232 In
1032 1191 1096 1232 his
1138 1193 1282 1232 autem
1325 1190 1517 1233 omnibus
1560 1191 1741 1233 maxime
1772 1205 1892 1246 prae-

166 1268 378 1310 muniendi
397 1268 573 1321 juvenes
604 1270 751 1309 contra
774 1267 1109 1320 Scepticismum,
1142 1267 1487 1321 Ideologismum,
1520 1268 1889 1324 Materialismum,

168 1344 200 1385 F
205 1343 446 1385 atalismum
478 1355 525 1384 ac
557 1342 900 1392 Liberalismum3
939 1343 1039 1384 item
1072 1343 1216 1385 solidis
1249 1343 1463 1385 societatis
1495 1343 1705 1386 humanae
1737 1343 1778 1385 in
1811 1344 1892 1385 Re-

164 1418 319 1471 ligione
349 1417 535 1459 fundatis
569 1417 782 1470 principiis
815 1417 1044 1467 imbuendi,
1078 1420 1119 1459 et
1139 1418 1201 1459 ita
1231 1418 1401 1471 quidem
1433 1418 1655 1473 profunde,
1691 1420 1735 1461 ut
1766 1419 1885 1460 vanis

167 1493 525 1546 speculationibus
558 1492 718 1533 nullum
752 1493 808 1534 sit
840 1496 1006 1545 teinpus
1048 1493 1269 1545 reliquum.
1334 1494 1385 1535 39
1418 1493 1464 1534 111
1497 1493 1808 1535 Mathematicis
1842 1506 1890 1535 ac

166 1568 352 1622 Physicis
374 1567 475 1609 nihil
508 1567 702 1609 omittere
731 1568 936 1620 convenit,
970 1568 1082 1620 quod
1105 1568 1146 1608 in
1179 1568 1356 1621 publicis
1378 1567 1426 1609 fit
1457 1568 1655 1621 collegiis,
1689 1571 1737 1610 ut
1761 1581 1891 1622 supra

166 1643 405 1696 expositum
437 1647 520 1693 est,
552 1642 867 1684 professoribus
901 1647 1040 1684 autem
1074 1643 1398 1696 imponendum,
1432 1648 1480 1685 ut
1512 1644 1571 1685 ita
1603 1646 1790 1686 tractent
1822 1657 1889 1686 res

166 1722 365 1772 naturae,
406 1720 454 1759 ut
485 1718 574 1771 ejus
607 1720 754 1759 auctor
785 1718 919 1770 magis
959 1721 1241 1770 cognoscatur
1273 1720 1543 1772 ameturque3
1585 1732 1659 1761 nec
1692 1719 1892 1761 omittant

168 1807 215 1836 ex
248 1797 312 1835 tot
343 1797 523 1835 naturae
561 1793 794 1847 mysteriis,
838 1806 946 1845 quae
979 1796 1146 1846 oportet
1179 1793 1396 1846 amplecti,
1439 1806 1566 1846 quam
1598 1794 1789 1847 iniquum
1823 1795 1891 1849 sit,

167 1869 395 1922 Religionis
428 1881 581 1910 arcana
614 1881 786 1921 negare,
831 1873 1027 1911 accurate
1061 1869 1295 1911 ostendere.
1359 1869 1541 1922 Tempus
1574 1882 1672 1912 vero
1705 1870 1893 1912 Philoso-

167 1944 290 1998 phiae
321 1956 397 1997 pro
430 1943 612 1985 externis
646 1943 827 1996 biennio,
859 1957 935 1997 pro
967 1945 1122 1986 nostris
1155 1945 1335 1986 triennio
1369 1944 1718 1987 concludendum.

306 2019 358 2060 In
393 2018 724 2070 Theologicis.
789 2018 905 2068 Quae
937 2023 1048 2061 esset
1080 2019 1319 2061 adhibenda
1351 2032 1493 2061 rerum
1525 2019 1695 2075 divisio,
1735 2020 1775 2061 in
1810 2019 1893 2061 dis-

169 2095 332 2148 ciplinis
365 2094 672 2136 Ecclesiasticis
712 2093 878 2136 difficile
911 2097 976 2136 est
1014 2097 1217 2136 statuere.
1280 2095 1371 2136 Hae
1403 2097 1547 2137 autem
1580 2099 1680 2136 sunt
1722 2095 1894 2147 regulae

170 2169 403 2225 generales,
437 2182 542 2222 quas
575 2169 724 2210 tamin
757 2169 1006 2222 dogmaticis
1039 2174 1081 2211 et
1113 2170 1360 2223 moralibus,
1392 2183 1517 2222 quam
1552 2170 1891 2224 disciplinaribus

170 2245 488 2299 quaestionibus
521 2245 750 2287 servandas
783 2257 876 2287 esse
908 2245 1044 2287 credo.

312 2323 362 2362 19
402 2320 580 2361 Omnino
614 2319 822 2361 servanda
854 2320 1066 2361 distinctio
1098 2321 1208 2362 inter
1240 2324 1355 2362 certa
1387 2322 1429 2361 et
1459 2320 1633 2375 incerta,
1666 2321 1754 2362 sive
1784 2320 1894 2361 inter

172 2395 355 2437 admissa
387 2398 429 2437 et
471 2398 754 2437 controversa.
818 2395 970 2447 Itaque
1002 2395 1115 2448 quod
1148 2395 1361 2437 Ecclesiae
1393 2395 1655 2447 definitione,
1698 2406 1896 2446 expressa

173 2471 263 2522 lege
295 2472 369 2511 aut
410 2482 588 2519 canone,
632 2470 719 2511 sive
750 2469 791 2510 id
833 2470 957 2511 fidem
1000 2474 1165 2523 spectat
1206 2470 1292 2512 sive
1330 2482 1469 2511 mores
1502 2472 1577 2511 aut
1619 2469 1895 2521 disciplinam,

173 2545 337 2586 finitum
371 2548 448 2599 est,
480 2545 522 2586 id
555 2544 807 2597 Theologiae
831 2544 1096 2586 Professores
1131 2545 1241 2586 omni
1275 2544 1512 2585 eruditione
1545 2546 1758 2596 exponant
1789 2556 1898 2585 com-

174 2619 456 2672 mendentque
497 2633 544 2662 ac
586 2621 637 2661 ab
680 2621 1019 2661 adversariorum
1061 2620 1154 2662 telis
1197 2619 1435 2661 defendant.
1510 2619 1552 2661 Si
1595 2618 1695 2671 quid
1738 2621 1895 2672 autem,

174 2696 260 2738 sive
292 2695 333 2736 id
366 2695 671 2748 speculativum
705 2695 773 2744 sit,
807 2695 893 2736 sive
925 2695 1083 2737 morale
1116 2698 1191 2736 aut
1223 2694 1504 2748 disciplinare,
1537 2693 1654 2734 nulla
1688 2693 1899 2734 Ecclesiae

176 2770 414 2812 definitione
437 2774 511 2811 aut
541 2770 631 2822 lege
654 2769 709 2811 sit
740 2769 1010 2822 diremptum,
1043 2770 1116 2811 sed
1138 2770 1249 2811 inter
1281 2769 1426 2811 doctos
1459 2772 1500 2810 et
1533 2768 1760 2810 catholicos
1785 2767 1896 2809 viros

176 2848 538 2896 controvertatur,
578 2844 620 2885 id
653 2844 787 2885 nostri
819 2844 1101 2885 determinare
1135 2857 1216 2885 non
1250 2844 1470 2895 deberent,
1505 2843 1597 2894 sed,
1632 2843 1898 2895 uniuscnjus-

177 2933 258 2973 que
291 2920 496 2972 opinionis
529 2919 750 2961 momentis
783 2918 964 2960 fideliter
995 2919 1264 2972 breviterque
1297 2919 1510 2973 expositis,
1538 2918 1742 2970 judicium
1775 2917 1898 2970 aequi

180 3008 320 3036 rerum
354 2995 638 3036 aestimatoris
670 2995 856 3036 libertati
891 2995 1137 3047 relinquere.

315 3071 367 3111 29
405 3069 512 3111 Hinc
551 3070 717 3111 omnino
762 3068 1012 3110 resecandas
1055 3069 1347 3122 systematicas
1381 3068 1596 3120 opiniones
1629 3080 1676 3108 ac
1719 3079 1896 3119 pugnas,

180 3157 288 3197 quae
320 3157 399 3185 non
435 3144 512 3185 nisi
545 3144 720 3197 antiqua
753 3144 847 3185 odia
882 3144 1204 3198 resuscitarent,
1242 3157 1288 3184 af·
1322 3156 1475 3195 magno
1510 3142 1693 3184 hostium
1726 3141 1894 3195 gaudio,
