2164 3535
218 259 299 300 156
790 257 1000 304 Gymnasial
1010 259 1247 303 -P'adagogik
1276 260 1373 296 1736.

216 397 427 440 maniores
460 401 502 440 et
523 399 778 442 Humanitas
811 403 1027 456 vocentur,
1058 400 1240 454 ideoque
1270 400 1535 443 illiberaliter
1564 401 1698 443 nolint
1729 405 1771 444 et
1791 415 1942 456 parum

216 472 399 516 humane
430 474 619 516 tractari.

353 549 407 590 II.
451 549 554 591 Tam
587 562 746 592 comem
779 563 823 593 se
855 563 903 593 ac
933 551 1098 594 facilem
1128 552 1342 608 privatim,
1375 565 1503 605 quam
1525 555 1684 595 serium
1706 555 1748 594 et
1769 565 1941 606 gravem

216 623 381 678 publice
425 624 632 666 ostendat.
704 625 752 667 In
799 625 944 668 schola
991 627 1167 680 proinde
1213 627 1339 681 paulo
1385 627 1582 681 proprior
1627 628 1682 670 sit
1727 629 1942 681 severiori,

217 701 337 742 extra
367 712 465 741 vero
498 699 810 752 quodammodo
844 701 974 752 alius3
1017 715 1067 744 ex
1098 701 1321 744 clementia
1362 705 1478 744 totus
1519 704 1647 756 atque
1679 702 1943 746 humanitate

216 773 373 825 factus;
414 774 472 816 sic
505 773 662 816 oblitus
701 775 855 818 delicta
892 777 1084 833 scholae,
1127 781 1175 820 ut
1216 777 1564 820 consuetudinem
1607 791 1728 821 suam
1768 778 1943 832 perinde

217 852 385 901 gratam
423 849 732 904 amabilemque
770 851 923 894 reddat
963 853 1034 905 iis,
1083 853 1154 906 qui
1195 853 1341 906 poenis
1380 852 1537 895 fuerint
1576 854 1766 906 multati,
1815 858 1943 908 atque

218 924 325 979 aliis,
359 926 431 978 qui
464 926 567 968 nihil
601 925 861 969 offenderint.

357 1007 431 1049 ΙΙΙ.
485 1007 550 1050 sit
582 1021 743 1062 aequus
776 1009 991 1051 omnibus:
1040 1012 1283 1051 contemnat
1321 1010 1548 1066 neminem,
1587 1023 1823 1065 pauperum
1855 1014 1943 1053 stu—

217 1082 295 1124 diis
338 1095 471 1136 aeque
513 1096 560 1125 ac
603 1083 781 1126 divitum
826 1084 930 1126 bene
968 1084 1201 1137 prospiciat
1242 1085 1562 1138 profectumque
1607 1086 1942 1140 uniuscujusque

217 1170 238 1199 e
279 1158 365 1199 suis
400 1158 670 1201 Scholasticis
713 1160 932 1213 speciatim
974 1162 1184 1214 procuret.
1249 1162 1367 1213 (Reg.
1393 1162 1448 1202 50
1480 1160 1613 1212 Com.)
1675 1161 1943 1203 Familiarem

216 1246 261 1274 se
293 1246 374 1275 non
408 1235 480 1276 uni
512 1235 646 1288 magis
680 1248 807 1288 quam
840 1236 963 1277 alteri
994 1236 1202 1278 ostendat.
1255 1237 1373 1289 (Reg.
1398 1238 1451 1278 47
1487 1236 1620 1284 Com.)
1669 1237 1817 1290 Neque
1839 1237 1943 1279 alios

216 1321 318 1361 prae
350 1309 440 1351 aliis
474 1311 537 1352 vel
571 1311 878 1364 complectatur
910 1311 1144 1366 benignius,
1178 1311 1241 1353 vel
1275 1311 1507 1353 studiosius
1541 1311 1721 1353 erudiat.
1778 1313 1944 1365 Aequa-

217 1383 313 1426 litas
346 1385 455 1426 enim
495 1385 536 1426 in
581 1386 748 1428 scholae
789 1386 1158 1428 administratione
1190 1399 1366 1440 magnas
1406 1387 1534 1429 habet
1574 1387 1703 1438 vires,
1745 1387 1945 1440 quemad-

218 1459 390 1501 modum
424 1465 572 1503 contra
610 1461 912 1514 inaequalitas,
956 1475 1050 1503 cum
1094 1462 1304 1515 quispiam
1346 1463 1478 1504 foveri
1517 1475 1619 1516 prae
1661 1463 1839 1505 caeteris
1879 1463 1945 1504 vel

216 1535 380 1588 neglegi
413 1537 613 1591 cernitur,
646 1550 810 1579 summe
842 1536 1050 1579 invidiosa
1083 1540 1148 1579 est
1179 1537 1401 1591 bonaeque
1424 1538 1558 1580 omnis
1582 1538 1826 1591 disciplinae
1851 1551 1945 1592 per-

218 1609 358 1652 uicies.

355 1686 426 1727 IV.
471 1687 692 1737 Ostendat,
726 1700 771 1730 se
804 1700 948 1729 curam
983 1701 1129 1741 gerere
1161 1688 1347 1730 omnium
1381 1701 1539 1743 rerum,
1572 1701 1653 1730 non
1678 1688 1813 1730 solum
1836 1701 1945 1742 quae

217 1761 269 1802 ad
308 1762 493 1803 animum
538 1765 664 1816 atque
705 1763 757 1805 ad
801 1763 1035 1817 profectum
1077 1763 1292 1817 pertinent
1332 1763 1655 1817 discipulorum,
1703 1763 1776 1806 sed
1819 1764 1945 1805 etiam

219 1850 326 1890 quae
359 1838 411 1879 ad
444 1839 748 1895 valetudinem,
784 1838 960 1891 famam,
1001 1839 1053 1881 ad
1093 1839 1312 1881 commoda
1344 1851 1537 1892 quaeque
1569 1839 1772 1893 humana,
1805 1839 1945 1892 quoad

219 1913 416 1965 religiosa
448 1914 616 1966 quidem
657 1914 840 1956 conditio
881 1918 922 1956 et
964 1915 1229 1957 obedientiae
1272 1915 1379 1956 ratio
1420 1914 1649 1967 permittet.
1714 1915 1942 1956 Tenuiores

217 1989 360 2041 itaque
392 1989 616 2031 sublevare
648 1990 838 2041 studeat,
871 1993 1068 2043 aegrotos
1101 1990 1270 2045 invisat,
1304 1990 1489 2042 dumque
1520 1989 1657 2031 redire
1681 1989 1734 2031 ad
1757 1989 1943 2031 scholam

216 2063 398 2116 possint,
441 2064 492 2106 de
525 2077 668 2106 eorum
702 2065 944 2107 valetudine
986 2065 1149 2118 exquiri
1181 2064 1359 2106 subinde
1399 2077 1475 2106 suo
1516 2064 1683 2106 nomine
1728 2064 1843 2119 apud
1873 2077 1945 2118 pa-

217 2140 356 2181 rentes
390 2142 529 2192 curet;
562 2142 760 2193 protegat
792 2140 1032 2182 destitutos.
1083 2140 1227 2182 Seduli
1250 2140 1384 2194 patris
1408 2152 1456 2182 ac
1477 2140 1571 2193 piae
1593 2140 1743 2182 matris
1766 2139 1942 2191 viscera,

217 2226 310 2255 cum
343 2214 384 2255 in
418 2227 575 2268 omnes,
607 2218 698 2256 tum
730 2228 829 2257 vero
860 2216 902 2257 in
936 2216 1119 2258 advenas
1149 2215 1402 2268 praesertim
1435 2219 1564 2268 atque
1595 2215 1637 2256 in
1670 2219 1841 2268 egentes
1875 2229 1942 2257 ex-

217 2291 384 2343 promat
445 2290 613 2331 Nullius
648 2303 777 2344 opera
808 2295 958 2333 utatur
991 2292 1031 2333 in
1065 2290 1341 2333 describendo
1375 2294 1449 2332 aut
1481 2290 1522 2332 in
1555 2291 1711 2345 aliquo,
1743 2290 1856 2344 quod
1889 2290 1942 2332 ad

218 2365 399 2407 usitatas
432 2365 600 2407 scholae
633 2366 956 2408 exercitationes
990 2379 1072 2409 non
1104 2366 1334 2422 pertineat,
1368 2366 1568 2419 nullaque
1600 2366 1641 2407 in
1675 2379 1719 2408 re
1749 2365 1843 2409 illos
1865 2378 1941 2419 pro

219 2439 362 2482 schola
394 2444 611 2494 sumptum
643 2442 781 2484 facere
813 2443 1024 2496 patiatur,
1058 2442 1215 2496 quippe
1247 2454 1356 2495 quae
1386 2454 1462 2496 per
1494 2454 1579 2495 reg.
1610 2443 1664 2483 49
1698 2440 1813 2483 Com.
1847 2440 1944 2483 toti-

217 2515 311 2558 dem
344 2516 482 2558 verbis
514 2517 836 2559 interdicuntur.

356 2592 405 2633 V.
448 2593 644 2635 Praemia
675 2593 907 2647 prudenter
939 2593 1174 2647 dispenset,
1206 2592 1352 2645 poenis
1382 2591 1551 2645 parcius
1575 2594 1736 2647 utatur,
1768 2591 1857 2634 irae
1888 2592 1945 2634 sit

218 2680 408 2720 compos,
448 2668 549 2721 ipsis
583 2668 687 2709 adeo
726 2668 767 2709 in
807 2668 1174 2722 objurgationibus
1217 2667 1475 2709 moderatus.
1538 2667 1601 2708 De
1643 2666 1796 2720 quibus
1834 2666 1944 2709 infra

218 2728 407 2784 dicenter
438 2742 570 2795 plura.

359 2816 387 2855 V
395 2817 425 2858 I.
466 2817 838 2860 Mansuetudinem
871 2822 913 2860 et
944 2819 1194 2872 patientiam
1227 2817 1406 2859 maxime
1439 2817 1718 2859 necessariam
1751 2817 1829 2859 sibi
1861 2817 1943 2859 exi-

217 2891 380 2943 stimet,
420 2894 467 2932 ut
498 2892 701 2933 leviorum
734 2897 854 2935 voret
886 2893 1087 2947 ineptias,
1127 2896 1174 2934 ut
1205 2892 1408 2934 tarditate
1439 2905 1491 2933 ne
1523 2893 1728 2945 fatigetur
1759 2893 1942 2935 hebetio-

217 2980 325 3016 rum,
358 2970 406 3008 ut
438 2967 490 3008 ad
523 2968 727 3020 cujusque
759 2981 804 3010 se
836 2971 1007 3021 captum
1041 2968 1249 3020 demittat,
1283 2971 1330 3009 ut
1353 2967 1547 3009 omnibus
1572 2967 1837 3021 disciplinam
1859 2980 1942 3009 non

218 3042 480 3084 tolerabilem
511 3042 655 3097 modo,
696 3043 770 3084 sed
803 3046 845 3084 et
877 3043 1099 3085 amabilem
1133 3042 1296 3084 reddat.
1360 3041 1518 3092 Quodsi
1551 3042 1735 3094 eveniat,
1775 3046 1823 3084 ut
1861 3042 1942 3084 dis-

218 3117 453 3169 cipulorum
485 3118 695 3170 quispiam
727 3118 942 3171 ingratum
975 3119 1142 3160 omnino
1182 3132 1226 3160 se
1257 3117 1460 3172 praebeat
1499 3122 1627 3170 atque
1669 3117 1773 3160 adeo
1816 3118 1940 3160 bene-

218 3191 331 3234 facta
362 3193 597 3235 maledictis
630 3197 885 3248 compenset,
919 3197 1126 3247 temperet
1157 3193 1237 3235 sibi
1268 3192 1551 3246 nihilominus,
1585 3206 1635 3235 ne
1667 3195 1939 3247 improperet,
