2164 3535
243 202 325 244 208
778 199 1055 244 Heranbildung
1080 199 1144 234 der
1168 200 1308 235 Lehrer
1336 202 1433 235 1622.

243 341 371 382 etiam
402 341 652 395 plerumque
685 339 878 394 sufficiet,
911 342 958 381 ut
986 339 1092 381 bene
1114 342 1289 392 paratus
1314 339 1367 381 ad
1390 340 1577 382 scholam
1599 340 1800 382 accedere
1822 340 1957 394 possit

243 416 365 458 Unde
407 416 621 469 sequitur,
665 419 802 457 totum
845 415 932 457 fere
964 419 1152 469 tempus,
1197 415 1311 468 quod
1345 429 1369 457 a
1400 416 1553 458 scholis
1584 415 1884 469 pomeridianis
1918 415 1971 456 ad

244 503 417 533 coenam
450 504 584 544 usque
614 490 870 544 extenditur,
903 502 979 544 pro
1003 490 1181 543 privatis
1205 491 1578 532 exercitationibus
1602 490 1809 532 reservari
1832 502 1969 543 posse.

381 586 417 625 2.
467 584 649 636 Tempus
683 584 825 624 autem
856 582 971 624 istud
1003 583 1354 639 pomeridianum,
1392 583 1505 636 quod
1538 596 1710 624 coenam
1743 582 1972 637 antecedit,

243 660 301 700 sic
333 658 605 712 partiendum
638 657 885 709 arbitrarer,
919 660 967 698 ut
998 658 1135 710 prima
1167 658 1272 699 hora
1304 658 1522 712 scriptioni
1554 671 1665 700 nunc
1691 658 1855 700 solutae
1881 669 1972 699 ora-

243 734 370 776 tionis
402 746 512 775 nunc
545 733 742 774 carminis
777 736 868 774 tota
900 733 1184 786 attribuatur3
1228 733 1439 787 reliquum
1473 746 1571 775 vero
1606 733 1808 786 temporis
1847 732 1971 774 lectio

244 809 406 851 autoris
439 808 655 858 ordinarii,
690 808 776 849 sive
807 808 877 850 ille
910 808 963 849 ad
986 808 1255 849 formandum
1279 809 1424 850 stilum
1447 810 1533 850 sive
1564 809 1617 850 ad
1640 807 1974 860 cognoscendam

243 884 541 937 antiquitatem
583 883 817 938 referatur,
860 883 1061 924 obtineat.
1126 883 1207 925 Ubi
1251 888 1391 925 tamen
1430 884 1508 926 hoc
1541 884 1849 925 advertendum
1881 883 1975 935 erit,

243 959 357 1012 quod
390 962 575 1014 aestate,
609 957 778 1011 quando
812 961 979 1010 tempus
1012 958 1118 999 illud
1151 958 1322 1000 brevius
1355 963 1440 1014 051,
1480 971 1608 1011 quam
1642 963 1689 1000 ut
1721 971 1796 1012 pro
1830 958 1975 1011 hujus-

243 1035 355 1075 modi
396 1034 575 1076 lectione
613 1032 816 1084 sufficiat,
858 1033 1016 1085 aliquid
1049 1046 1097 1074 ex
1130 1032 1244 1074 horis
1276 1033 1498 1075 lectionem
1531 1034 1826 1075 scholasticam
1859 1036 1975 1074 ante-

244 1109 487 1151 cedentibus
531 1109 663 1151 eidem
708 1109 1028 1150 attribuendum
1070 1108 1288 1158 videatur,
1332 1109 1412 1151 nisi
1453 1109 1562 1151 forte
1596 1110 1777 1163 cuipiam
1809 1109 1975 1162 placeat

243 1184 325 1226 alia
357 1184 623 1238 distributio,
656 1187 704 1225 ut
736 1184 933 1225 nimirum
966 1184 1112 1226 diebus
1146 1184 1263 1226 festis
1297 1187 1338 1226 et
1370 1185 1522 1237 quibus
1558 1189 1747 1236 vacatur,
1784 1184 1901 1237 poesi
1933 1187 1992 1225 01-

244 1260 507 1315 antiquitati,
540 1259 688 1300 diebus
722 1272 839 1310 vero,
873 1244 1026 1312 quibus
1059 1263 1124 1301 est
1156 1259 1300 1313 lectio,
1334 1260 1431 1301 stilo
1464 1260 1670 1316 oratorio,
1711 1264 1797 1302 tam
1831 1259 1973 1312 quoad

241 1334 462 1376 lectionem
495 1346 623 1387 quam
655 1334 797 1387 quoad
830 1334 1112 1388 scriptionem,
1147 1348 1190 1376 se
1223 1334 1362 1376 dedat.
1426 1335 1606 1377 Perinde
1639 1336 1748 1376 euim
1781 1338 1858 1388 est,
1891 1347 1975 1387 quo

244 1414 434 1462 tempore
467 1409 635 1462 singula
665 1408 782 1461 fiant,
815 1410 938 1451 modo
971 1410 1073 1451 nihil
1106 1411 1362 1464 negligatur,
1396 1415 1438 1452 et
1469 1411 1509 1452 in
1544 1423 1606 1466 eo,
1640 1411 1753 1464 quod
1779 1414 1974 1463 coeptum

244 1488 323 1540 est,
357 1485 595 1526 constantia
627 1485 890 1527 observetur.

383 1579 420 1619 3.
470 1578 670 1630 Magnum
703 1583 926 1631 praeterea
958 1580 1252 1633 compendium
1285 1581 1488 1633 temporis
1521 1579 1647 1622 faciet
1678 1579 1901 1633 magister,
1942 1578 1976 1620 51

244 1652 297 1694 ab
328 1653 444 1694 initio
478 1666 522 1695 se
555 1666 740 1706 suosque
773 1654 1040 1703 assuefaciat,
1074 1668 1124 1696 110
1148 1659 1316 1709 tempus
1340 1655 1579 1697 studiorum
1603 1655 1778 1709 privatis
1801 1654 1853 1696 ad
1877 1666 1972 1707 por-

244 1732 331 1769 tam
373 1729 591 1781 colloquiis
632 1730 860 1783 transigat;
905 1731 1261 1783 quemadmodum
1307 1732 1416 1773 enim
1460 1732 1565 1783 rari,
1611 1732 1758 1772 breves
1797 1732 1838 1772 et
1878 1729 1976 1772 serii

245 1817 459 1847 sermones
499 1805 552 1846 ad
593 1806 864 1848 instruendos
907 1811 950 1848 01
991 1807 1266 1849 001111110111105
1308 1808 1536 1861 discipulos
1588 1807 1713 1848 utiles
1764 1810 1806 1848 et
1855 1805 1976 1847 valde

246 1880 435 1922 efficaces
476 1885 599 1933 sunt,
640 1881 701 1922 ita
743 1884 986 1935 frequentes
1027 1886 1070 1923 et
1108 1882 1258 1935 longae
1301 1882 1663 1924 confabulationes
1703 1882 1797 1934 plus
1831 1880 1973 1922 damni

246 1967 374 2007 quam
406 1956 602 1998 utilitatis
637 1956 689 1997 ad
723 1956 829 1998 hanc
862 1970 950 1998 rem
983 1957 1131 1999 afferre
1163 1958 1311 1999 solent.
1380 1959 1687 2011 Praeterquam
1720 1957 1827 1998 enim
1861 1956 1974 2009 quod

247 2031 468 2085 magister,
510 2032 581 2084 qui
614 2032 694 2073 illis
728 2032 895 2074 deditus
929 2037 1016 2088 est,
1060 2033 1220 2086 absque
1252 2033 1395 2075 fructu
1427 2038 1594 2087 tempus
1628 2046 1752 2075 suum
1785 2032 1976 2084 adeoque

248 2105 444 2147 affectum
485 2107 538 2148 ad
580 2108 722 2149 studia
763 2109 922 2163 perdit,
966 2109 1092 2150 etiam
1136 2110 1411 2151 autoritatem
1454 2109 1565 2162 apud
1607 2108 1834 2161 discipulos
1874 2118 1974 2148 suos

248 2185 422 2223 enervat
454 2186 496 2224 et
527 2186 660 2224 totam
698 2184 903 2236 paulatim
943 2184 1131 2226 effundit.
1197 2185 1302 2226 Hinc
1348 2185 1606 2238 experientia
1646 2185 1787 2239 docet,
1833 2183 1976 2236 hujus-

248 2256 361 2298 modi
401 2258 628 2310 magistros
666 2271 817 2311 parum
858 2259 897 2299 in
947 2260 1099 2300 studiis
1147 2259 1372 2315 proficere,
1425 2261 1687 2313 disciplinam
1732 2260 1772 2300 in
1821 2258 1972 2300 50110115

248 2332 473 2387 negligere,
506 2332 732 2386 discipulos
766 2334 833 2375 vix
864 2334 1095 2387 morigeros
1127 2334 1297 2389 habere,
1331 2339 1387 2389 et,
1420 2335 1533 2388 quod
1556 2336 1691 2388 majus
1715 2335 1872 2376 malum
1895 2336 1974 2388 est,

249 2407 450 2460 pietatem
482 2409 687 2461 paulatim
719 2410 759 2450 in
791 2410 871 2451 11115
905 2410 1106 2463 extingui.

386 2503 424 2542 4.
475 2502 663 2555 Denique
703 2503 755 2544 ad
798 2507 964 2556 tempus
1008 2504 1259 2545 lucrandum
1309 2504 1499 2557 magistri
1542 2505 1844 2556 grammaticae
1887 2503 1975 2544 dili-

249 2578 396 2628 genter
428 2577 716 2619 observabunt
748 2592 857 2631 quae
890 2579 941 2620 (10
973 2580 1207 2621 actionibus
1240 2580 1414 2622 scenicis
1448 2580 1644 2621 ordinata
1676 2582 1793 2621 sunt:
1835 2592 1886 2620 ne
1918 2579 1976 2619 vi-

250 2651 401 2693 delicet
431 2652 511 2693 illis
544 2666 588 2694 se
620 2654 743 2695 aliter
774 2658 994 2707 occupent,
1028 2668 1155 2708 quam
1179 2660 1225 2697 ut
1250 2655 1336 2697 suis
1360 2655 1576 2708 discipulis
1600 2656 1770 2697 brevem
1793 2655 1974 2707 aliquem

250 2726 463 2779 dialogum
505 2728 665 2780 absque
708 2730 817 2770 omni
861 2735 1071 2783 apparatu
1105 2731 1266 2772 scenico
1298 2735 1558 2784 proponant,
1598 2731 1639 2771 in
1682 2743 1765 2783 quo
1806 2730 1974 2771 illorum

251 2803 642 2855 pronunciationem
680 2808 721 2845 et
763 2805 968 2846 actionem
1012 2805 1215 2857 paulatim
1255 2805 1438 2847 formare
1481 2809 1523 2847 et
1554 2805 1764 2846 moderari
1796 2805 1972 2857 possint.

251 2878 363 2919 Nihil
404 2878 512 2919 enim
552 2879 786 2929 magistris,
828 2880 929 2921 nihil
971 2882 1113 2933 pueris
1146 2881 1239 2923 istis
1271 2893 1404 2933 aeque
1436 2881 1476 2921 in
1511 2881 1662 2922 studiis
1695 2884 1737 2921 01
1769 2880 1975 2921 modestia

251 2965 416 2994 morum
458 2954 605 3003 officit,
656 2966 782 3006 quam
824 2955 856 2994 si
899 2955 1129 3007 majoribus
1173 2955 1376 2996 dramatis
1417 2955 1660 2996 exhibendis
1700 2958 1971 3007 occupentur.

253 3027 357 3068 Cum
391 3028 499 3069 enim
530 3029 648 3081 pueri
682 3029 977 3079 grammatices
1011 3030 1147 3070 adhuc
1180 3030 1336 3071 indocti
1371 3032 1413 3069 et
1445 3030 1484 3070 in
1519 3029 1680 3077 agendo
1714 3029 1839 3070 rudes
1875 3029 1971 3079 sint,

252 3102 286 3144 si
327 3103 462 3154 majus
501 3103 556 3144 511
596 3103 762 3149 drama,
815 3109 992 3155 cogetur
1033 3105 1237 3157 Magister
1276 3105 1431 3147 multos
1475 3118 1555 3146 non
1602 3105 1692 3146 dico
1741 3104 1849 3151 dies,
1899 3104 1972 3145 sed
