2164 3535
227 195 310 236 *272
563 190 798 234 Verwaltung
823 188 922 225 eines
949 188 1081 234 p‘apstl.
1109 188 1335 225 Alumnates.
1385 188 1489 223 Nach
1517 192 1615 225 1650.

227 346 306 376 nos
339 333 531 387 mittant,
573 332 646 385 qui
680 332 743 373 vel
775 330 1015 373 studiorum
1049 328 1306 372 curriculum
1346 329 1536 382 proximo
1577 342 1685 371 anno
1725 329 1957 372 confecturi

231 411 353 457 sunt,
388 409 452 450 vel
484 407 739 449 maturiores
772 405 958 459 alioquin
991 405 1211 459 videntur,
1250 406 1298 446 ut
1334 404 1375 445 in
1409 405 1578 446 Domini
1611 405 1733 446 vinea
1763 405 1958 446 laborare

228 484 446 538 incipiant,
480 483 686 535 cujusque
718 481 916 535 patriam,
949 483 1148 528 aetatem,
1183 479 1346 520 talenta
1377 483 1420 520 et
1451 483 1628 535 ceteras,
1660 492 1769 532 quae
1794 479 1847 520 ad
1870 493 1958 521 rem

228 558 403 613 faciunt,
436 556 777 599 circumstantias
810 555 1069 609 explicando.

234 965 339 1019 Die
397 964 773 1036 Verwaltung
829 964 987 1018 eines
1042 964 1409 1037 p‘apstlichen
1468 963 1807 1016 Alumnates
1864 963 1970 1016 auf

791 1067 1128 1121 deutschem
1178 1067 1391 1121 Boden.

586 1293 1026 1342 Instructiones
1073 1304 1128 1341 et
1168 1294 1603 1342 Annotationes

269 1387 337 1435 de
377 1386 698 1434 Alumnatu
738 1385 1061 1434 Pontificio
1105 1386 1424 1451 Dilingano
1464 1385 1523 1440 S?
1560 1386 1928 1451 Hieronymi.

234 1491 373 1536 (Arch.
399 1490 530 1526 Germ.
550 1489 660 1525 VIII.
687 1489 731 1524 F.
757 1499 794 1523 a.
844 1489 918 1525 Ein
950 1489 1258 1533 geschriebenes
1285 1489 1380 1524 Hert
1412 1490 1454 1524 in
1478 1489 1540 1525 4⁰.
1568 1499 1643 1525 von
1670 1489 1722 1524 30
1748 1489 1854 1534 Bll.‚
1888 1498 1964 1523 von

234 1549 362 1584 denen
388 1548 525 1584 sieben
552 1547 868 1583 unbesclu·ieben
894 1548 998 1584 sind.
1050 1547 1392 1583 Wahrscheinlich
1424 1557 1495 1583 aus
1528 1548 1600 1582 der
1631 1546 1799 1582 zweiten
1824 1545 1963 1581 Hiilfte

844 1607 913 1643 (les
939 1607 995 1642 17.
1021 1606 1355 1650 Jahrhuuderts.)

1053 1735 1147 1788 §1-

300 1829 444 1871 Circa
476 1829 667 1871 victum
700 1832 749 1871 et
780 1828 1211 1870 sustentationem
1247 1826 1592 1881 Almnnorum,
1625 1838 1900 1879 eorumque

762 1909 1053 1961 Praesides,
1093 1920 1146 1950 ac
1186 1908 1433 1950 Famulos.

378 2018 412 2057 1.
449 2015 595 2057 Victus
619 2015 899 2056 Alumnorum
931 2014 972 2055 in
995 2012 1213 2055 Pontificio
1246 2012 1324 2054 hoc
1357 2011 1590 2054 Seminario
1620 2016 1685 2054 est
1717 2012 1963 2061 communis,

236 2095 278 2132 et
309 2090 496 2143 aequalis
530 2089 852 2131 Convictoribus
885 2089 991 2143 aliis,
1025 2088 1097 2141 qui
1129 2087 1340 2130 secundae
1369 2100 1538 2129 mensae
1571 2088 1771 2136 assident*
1805 2092 1848 2129 et
1880 2088 1963 2142 pri-

236 2168 334 2207 vata
366 2165 560 2207 cubicula
591 2177 672 2206 non
705 2164 875 2205 habent.
924 2164 1027 2205 Eius
1062 2176 1159 2205 vero
1183 2163 1351 2205 nomine
1384 2163 1802 2217 comprehenduntur
1832 2163 1963 2215 cibus,

237 2243 362 2294 potus
386 2239 625 2295 cerevisiae,
658 2239 879 2293 habitatio,
914 2238 1042 2293 ligna,
1074 2238 1247 2293 lumina7
1270 2238 1419 2289 lectus,
1450 2238 1566 2287 lotio,
1596 2239 1705 2280 telae
1728 2238 1861 2280 lineae
1884 2241 1961 2280 cet.

235 2315 547 2357 Tractationem
580 2314 693 2367 quod
726 2314 879 2356 attinet
911 2312 1218 2366 quotidianam,
1250 2316 1293 2353 et
1325 2313 1597 2365 ordinariam,
1631 2326 1680 2354 ea
1711 2313 1750 2354 in
1784 2313 1961 2366 prandio

237 2392 437 2443 quatuor,
469 2389 510 2430 in
544 2401 674 2430 coena
709 2388 846 2430 tribus
876 2386 1074 2429 definitur
1105 2387 1275 2429 ferculis
1299 2400 1393 2429 cum
1416 2387 1554 2429 media
1576 2400 1743 2441 semper
1764 2400 1964 2430 mensura

237 2464 480 2506 cerevisiae:
543 2464 691 2505 diebus
744 2463 998 2505 esurialibus
1049 2463 1089 2503 in
1140 2463 1317 2515 prandio
1366 2463 1493 2503 etiam
1543 2462 1714 2503 additur
1769 2463 1962 2516 quintum

236 2539 464 2589 ferculum;
498 2539 539 2580 111
573 2538 748 2580 coenula
780 2550 876 2579 vero
910 2539 1080 2590 praeter
1112 2536 1236 2578 offam
1270 2540 1544 2590 apponuntur
1567 2550 1728 2587 caseus,
1762 2537 1962 2592 fruges¹)‚

238 2614 302 2655 vel
335 2614 417 2654 alia
449 2613 637 2655 bellaria.

379 2690 415 2729 2.
466 2688 717 2730 Praesident
748 2688 940 2729 Alumnis
973 2692 1060 2730 tres
1092 2701 1114 2729 e
1147 2687 1173 2729 S
1222 2687 1261 2729 J.
1325 2688 1445 2729 Unus
1478 2689 1662 2741 Regens,
1702 2702 1777 2730 seu
1808 2690 1965 2730 Rector

239 2763 372 2803 totius
406 2762 593 2817 Collegii,
625 2766 755 2816 prout
785 2763 862 2804 hoc
885 2763 1102 2812 Alumnos„
1135 2762 1383 2816 Religiosos,
1416 2765 1458 2803 et
1491 2763 1709 2804 Seculares
1741 2763 1962 2805 Studiosos

240 2837 553 2890 complectitur:
588 2837 695 2878 alter
729 2841 794 2878 est
817 2837 1073 2890 Subregens,
1106 2850 1179 2878 seu
1204 2837 1397 2878 Minister
1429 2840 1470 2878 et
1491 2838 1749 2879 Procurator
1772 2838 1963 2890 Collegii:

240 2912 392 2953 tertius
424 2912 589 2964 integre
631 2915 673 2953 et
716 2912 957 2954 immediate
999 2915 1169 2965 praeest
1200 2911 1411 2959 Alumnis,
1456 2924 1687 2965 eorumque
1718 2913 1962 2954 Praefectus

241 2985 406 3027 dicitur.
460 2986 542 3028 Pro
569 2986 647 3027 hoc
670 3000 718 3027 ex
742 2987 988 3027 fundatione
1010 2986 1231 3027 Pontificia
1264 2999 1338 3038 per
1371 2986 1478 3027 diem
1513 2987 1685 3028 veniunt
1718 2989 1769 3028 24
1794 2987 1962 3039 crucig„

384 3131 410 3173 ¹)
437 3130 458 3162 i.
486 3140 515 3164 e.
543 3130 681 3163 fructus
707 3128 883 3162 arborum.
