2164 3535
214 193 297 234 566
657 190 884 235 Anordnung
908 189 972 226 des
999 191 1051 236 3j.
1079 192 1209 237 philos.
1238 192 1379 228 Kursus
1409 196 1508 230 1858.

215 335 305 375 111111
346 331 514 375 differat
553 332 787 387 sententia,
830 344 915 385 qua
955 332 1160 385 Theologi
1204 336 1366 376 veteres
1411 337 1667 387 potestatem
1708 348 1950 389 supremam

216 408 412 462 primitus
444 408 486 450 in
519 408 824 450 communitate
858 421 950 451 esse
983 409 1255 463 statuebant,
1301 423 1324 451 a
1357 409 1569 461 doctrina,
1615 423 1700 464 qua
1732 410 1858 453 hodie
1889 423 1952 466 ea,

217 496 327 537 quae
358 483 621 538 supi-ematia
653 483 787 536 plebis
831 484 1091 539 appellatur,
1134 484 1304 526 suaderi
1338 485 1456 528 solet.
1520 486 1584 528 De
1616 486 1822 528 mutanda
1856 486 1955 529 civi·-

217 559 319 601 tatis
352 558 677 613 constitutione,
723 558 794 600 ubi
827 571 876 600 ex
918 559 1135 613 principiis
1168 560 1293 601 modo
1326 561 1476 615 positis
1509 561 1756 617 deducitur,
1798 563 1955 616 injuste

217 648 343 689 agere
378 637 427 677 19
460 647 546 687 eos,
578 635 651 688 qui
683 648 835 677 novam
869 636 1083 689 regiminis
1117 636 1296 679 formam
1330 637 1539 679 alterutra
1571 641 1693 690 parte
1726 638 1859 679 invita
1894 638 1954 679 in-

219 710 444 753 troducere
477 713 664 761 tentant;
707 712 758 754 29
793 723 864 754 eos
897 724 1086 765 quoque,
1129 713 1201 765 qui
1235 713 1550 755 communitatis
1584 713 1752 755 nomine
1785 716 1827 754 et
1859 725 1956 755 auc-

220 786 395 829 toritate
436 786 677 840 subJectum
709 799 934 840 supremae
966 788 1190 841 potestatis
1224 792 1390 831 mutare
1434 792 1724 842 praesumunt.
1789 789 1852 831 De
1885 801 1956 842 po-

219 864 377 904 testate
407 862 521 916 leges
553 861 735 913 ferendi,
767 862 837 904 ubi
871 863 1073 905 nonnulla
1106 864 1233 905 etiam
1267 864 1350 906 alia
1383 864 1433 906 de
1465 865 1557 917 lege
1589 864 1699 907 civili
1732 863 1830 906 addi
1862 876 1957 918 pos-

220 941 332 980 sunt.
382 938 444 980 De
467 940 680 991 potestate
703 939 937 992 exequendi
962 942 1004 981 et
1027 939 1353 983 administrandi
1389 940 1692 993 rempublicam
1719 939 1954 994 (breviter).

220 1014 283 1057 De
315 1016 530 1069 potestate
562 1013 777 1069 puniendi,
811 1014 882 1055 ubi
911 1015 982 1068 jus
1015 1014 1144 1068 gladii
1178 1015 1490 1057 defendendum
1523 1016 1616 1058 erit.

362 1092 429 1132 11.
476 1089 540 1132 De
566 1090 663 1144 ι11116
707 1090 920 1143 gentium,
966 1090 1017 1133 de
1049 1091 1213 1132 mutuis
1246 1091 1434 1144 gentium
1478 1091 1739 1139 foederibusz
1784 1091 1958 1145 dejure

222 1165 318 1209 belli
352 1168 395 1208 et
425 1165 554 1219 pacis.

366 1243 429 1284 12.
478 1241 557 1283 Hic
589 1240 687 1283 addi
710 1245 852 1295 potest
884 1242 1099 1295 tractatio,
1132 1242 1172 1283 in
1204 1254 1288 1295 qua
1320 1242 1586 1292 ostendatur,
1621 1242 1735 1297 quid,
1770 1241 1957 1284 admissa

225 1316 441 1360 Ecclesiae
473 1316 741 1359 institutione
774 1316 935 1366 divina,
970 1317 1021 1360 de
1055 1319 1145 1372 ejus
1179 1318 1385 1360 relatione
1419 1318 1470 1360 ad
1504 1321 1761 1372 potestatem
1795 1318 1957 1360 civilem

224 1405 274 1435 ex
305 1392 520 1447 principiis
548 1392 658 1445 juris
691 1393 899 1435 naturalis
935 1393 1215 1447 judicandum
1249 1394 1314 1435 sit.
1379 1394 1622 1436 Asserenda
1654 1394 1785 1447 igitur
1816 1394 1959 1436 Eccle-

225 1468 313 1511 siae
352 1470 558 1522 tanquam
592 1468 817 1511 Societatis
858 1470 1070 1523 perfectae
1102 1470 1227 1523 plena
1258 1470 1299 1512 in
1342 1470 1468 1513 rebus
1502 1470 1588 1512 suis
1630 1469 1960 1524 independentia

226 1558 251 1588 a
281 1548 495 1599 potestate
527 1544 656 1588 civili:
697 1545 823 1599 hujus
857 1550 998 1588 autem
1033 1545 1235 1599 obligatio
1268 1558 1350 1587 non
1384 1546 1519 1588 solum
1562 1544 1785 1588 obediendi
1817 1544 1960 1587 Eccle-

226 1621 314 1663 siae
336 1620 377 1662 in
410 1620 474 1672 iis,
507 1633 617 1674 quae
649 1620 702 1662 ad
735 1621 810 1663 Dei
844 1622 1005 1664 cultum
1040 1622 1269 1676 pertinent,
1303 1621 1390 1677 sed,
1424 1621 1563 1674 quoad
1587 1620 1677 1663 fieri
1710 1623 1865 1676 potest,
1899 1620 1959 1662 rei

227 1708 397 1749 quoque
429 1695 562 1738 civilis
596 1695 1008 1739 administrationem
1051 1697 1361 1750 attemperandi
1395 1696 1608 1739 Ecclesiae
1640 1696 1882 1739 necessitati
1915 1699 1958 1737 et

228 1771 523 1814 emolumento.
578 1772 641 1814 De
673 1775 887 1826 potestate
920 1775 1063 1814 autem
1087 1773 1301 1815 Ecclesiae
1329 1773 1370 1814 in
1404 1773 1495 1826 ipsa
1528 1786 1658 1826 regna
1691 1771 1958 1826 temporalia,

228 1847 438 1902 principes
461 1851 504 1890 et
534 1848 813 1902 magistratus
846 1861 926 1890 non
952 1852 1124 1901 agatur;
1158 1848 1232 1891 sed
1259 1849 1422 1903 positis,
1456 1862 1565 1902 quae
1587 1861 1719 1903 supra
1740 1848 1960 1890 enuntiata

228 1927 342 1979 sunt,
375 1923 604 1977 principiis,
637 1926 885 1977 quaeratur,
918 1923 1061 1966 debita
1090 1927 1231 1965 tamen
1265 1937 1358 1966 cum
1392 1923 1682 1966 moderatione
1714 1928 1756 1966 et
1778 1922 1959 1977 pruden-

229 2000 303 2053 tia,
335 1998 386 2041 de
416 1999 629 2042 nonnullis
657 1999 826 2053 juribus
860 1999 923 2041 vel
955 2000 1078 2042 factis
1110 1999 1454 2053 particularibus,
1489 2003 1536 2041 ut
1558 1999 1609 2042 de
1640 2000 1837 2042 libertate
1871 1999 1958 2041 cul-

230 2078 314 2127 tus,
348 2087 457 2128 quae
488 2074 673 2128 quidem,
706 2075 784 2117 etsi
818 2075 943 2117 certis
975 2075 1180 2118 limitibus
1213 2075 1532 2130 circumscripta
1566 2075 1617 2118 ob
1649 2079 1887 2128 temporum
1920 2079 1962 2117 et

231 2150 420 2193 locorum
463 2150 746 2192 conditionem
790 2150 962 2192 tolerari
1007 2150 1235 2204 aliquando
1278 2150 1431 2205 possit,
1475 2164 1550 2204 per
1581 2163 1626 2192 se
1658 2155 1797 2194 tamen
1832 2151 1960 2206 impia

232 2229 273 2267 et
305 2225 464 2280 inJusta
496 2225 674 2268 dicenda
705 2229 788 2271 est:
832 2225 883 2268 de
915 2226 1007 2279 jure
1041 2225 1254 2268 Ecclesiae
1286 2226 1530 2280 possidendi
1562 2230 1604 2269 et
1636 2227 1961 2269 administrandi

231 2301 341 2343 bona
383 2301 651 2355 temporalia;
696 2301 747 2343 de
789 2301 950 2355 legibus
993 2301 1184 2343 civilibus
1226 2306 1374 2343 contra
1416 2302 1591 2344 crimina
1633 2302 1673 2344 in
1716 2303 1960 2355 religionem

232 2377 474 2428 commissa;
508 2377 559 2420 de
590 2378 755 2432 placeto
792 2378 920 2432 regio.

373 2679 445 2721 XI.
495 2679 583 2722 Has
631 2680 763 2733 igitur
810 2681 1013 2723 materias
1061 2682 1261 2723 Lectores
1309 2680 1442 2722 nostri
1489 2680 1548 2721 ita
1590 2682 1871 2732 pertractent,
1915 2680 1962 2719 nt

235 2754 393 2797 nullam
429 2755 598 2808 quidem
632 2756 1004 2811 praetermittant,
1047 2769 1173 2810 quam
1219 2760 1417 2797 accurate
1458 2758 1499 2797 et
1541 2754 1673 2797 solide
1706 2767 1787 2796 11011
1821 2754 1960 2807 expla-

235 2833 348 2885 nent,
381 2830 540 2872 diutius
571 2832 712 2872 tamen
747 2830 786 2872 in
819 2831 869 2872 iis
902 2834 1140 2881 morentur,
1174 2844 1283 2884 quae
1316 2843 1391 2884 pro
1426 2835 1663 2883 temporum
1698 2832 1740 2871 et
1771 2829 1958 2870 locorum

235 2905 475 2948 conditione
508 2905 561 2947 ad
591 2904 715 2947 finem
749 2906 870 2948 nobis
913 2907 1178 2960 propositum
1222 2918 1323 2960 prae
1368 2905 1545 2947 caeteris
1588 2907 1853 2958 opportunae
1895 2917 1960 2946 co-

236 2984 509 3033 gnoscuntur.
559 2980 718 3031 Quodsi
751 2981 803 3022 ab
838 2984 1025 3034 auctore,
1059 2981 1131 3035 qui
1163 2981 1284 3023 nobis
1317 2980 1652 3034 approbantibus
1685 2979 1958 3033 praelegitur,

236 3055 440 3097 nonnulla
471 3055 689 3098 doctrinae
721 3056 860 3109 capita
892 3069 1023 3110 supra
1064 3057 1282 3111 proposita
1326 3056 1389 3097 vel
1432 3055 1675 3097 nullatenus
1718 3055 1780 3097 vel
1824 3054 1960 3097 obiter

238 3130 529 3186 attinguntur,
569 3131 742 3186 Lector,
784 3143 893 3184 quae
925 3130 1098 3181 desunt,
1147 3131 1343 3173 dictando
1377 3130 1557 3184 adjiciat.
1623 3129 1701 3181 Qui
1753 3129 1831 3172 etsi
1876 3142 1957 3171 non
