2164 3535
451 206 701 242 Gemeinsame
727 207 1064 252 Convietsordnung
1088 207 1151 243 der
1176 212 1302 243 1531011.
1329 207 1480 243 Provinz
1511 211 1606 245 1654.
1808 215 1884 255 261

169 346 392 401 habeatur,
425 347 647 390 curabunt.
710 348 868 398 Quodsi
902 347 1002 401 quid
1050 348 1232 390 alienum
1266 347 1319 389 ab
1351 348 1570 391 honestate
1613 351 1888 403 contingeret,

166 434 311 463 severe
354 422 634 473 castigabunt.
711 423 942 475 Diligenter
984 423 1158 476 proinde
1200 423 1463 476 custodiant,
1517 425 1611 477 quis
1662 437 1755 467 eum
1805 440 1888 479 quo

167 496 278 538 domi
312 496 498 550 forisque
533 500 747 548 versetur3
781 498 990 540 cavebunt
1021 502 1243 552 praeterea
1281 500 1563 542 inordinatam
1596 512 1769 542 suorum
1803 514 1888 543 om-

167 572 284 613 nium
316 572 678 614 conversationem
713 573 823 614 inter
853 586 897 614 se
929 576 971 614 et
1002 586 1095 614 eum
1128 573 1232 626 alijs.

303 648 340 687 9.
385 646 608 687 (jurabunt
640 659 715 699 per
746 659 791 688 se
823 649 865 688 et
896 660 971 700 per
1002 648 1268 700 Repetitores
1301 649 1379 690 sibi
1413 649 1671 702 assignatos,
1715 654 1761 692 ut
1793 664 1886 693 eon-

163 722 286 761 sueta
317 720 515 762 exercitia
547 720 821 775 scholastica,
862 734 937 774 per
968 721 1303 774 disputationes,
1339 725 1611 776 repetitiones
1645 725 1812 779 aliaque
1844 727 1883 768 id

164 806 296 846 genus
350 798 702 850 promoveantur,
755 798 797 836 et
848 800 1147 837 removeantur
1203 797 1503 850 impedimenta
1545 803 1548 850 Ι
1593 800 1881 844 111311011011110.

162 868 344 911 Proinde
377 882 457 911 non
491 869 709 923 patientur
741 882 981 922 quenquam
1026 882 1118 912 sese
1150 870 1203 911 ab
1245 872 1295 924 iis
1338 871 1562 915 absentare
1596 876 1658 916 vel
1700 879 1885 918 tractare

162 944 332 997 negotia
370 956 463 986 eum
506 945 711 995 externis;
759 945 973 986 silentium
1017 958 1113 987 vero
1154 949 1197 987 et
1245 947 1492 989 modestiam
1541 962 1588 989 00
1637 952 1884 1002 praesertim

161 1020 350 1072 tempore
382 1019 598 1062 observari
631 1020 797 1062 facient.

303 1095 366 1136 10.
416 1094 589 1136 Dabunt
621 1107 813 1149 operam,
855 1100 902 1137 ut
933 1096 1088 1147 singuli
1122 1097 1370 1138 munditiem
1404 1103 1593 1152 servent,
1626 1104 1711 1141 tam
1745 1103 1882 1154 quoad

159 1182 204 1211 se
235 1168 348 1222 ipsos
381 1182 532 1222 resque
565 1182 663 1211 suas
697 1183 823 1223 quam
857 1170 995 1224 quoad
1032 1172 1270 1213 universam
1306 1172 1497 1223 domum;
1531 1175 1759 1228 praecipua
1789 1189 1884 1218 vero

159 1244 472 1296 aegrotantium
503 1245 584 1286 erit
616 1258 738 1296 eura,
781 1244 1048 1287 infirmitates
1083 1246 1372 1289 moderatione
1417 1261 1556 1290 rerum
1597 1253 1639 1291 et
1672 1251 1883 1293 aetionum

158 1319 474 1361 antevertendo.

300 1396 362 1437 11.
414 1395 459 1436 In
494 1408 662 1446 mensa,
707 1396 807 1437 (lum
841 1395 958 1437 cibus
992 1397 1198 1451 sumitur,
1241 1397 1363 1439 lectio
1405 1399 1678 1453 instituatur,
1720 1402 1759 1443 in
1800 1416 1885 1455 qua

158 1472 286 1523 eaput
318 1469 472 1512 Sacrae
495 1468 741 1523 Seripturae
774 1471 1094 1523 praemittatur,
1140 1476 1344 1525 sequetur
1376 1473 1577 1517 historiae
1610 1476 1787 1519 alieuius
1820 1478 1880 1520 vel

158 1544 211 1598 pij
247 1544 340 1586 libri
375 1557 422 1587 ae
455 1545 588 1587 facilis
622 1545 765 1599 lectio,
799 1558 926 1598 quam
960 1546 1310 1599 Martyrologium
1347 1548 1426 1590 3111)
1459 1550 1684 1602 prandium
1718 1553 1883 1594 011110111-

156 1619 238 1662 det.
290 1620 446 1662 Diebus
481 1633 577 1662 vero
613 1621 839 1663 Dominicis
873 1624 915 1663 et
947 1621 1079 1676 festis,
1112 1623 1145 1663 si
1180 1623 1250 1676 qui
1286 1623 1324 1664 111
1358 1625 1629 1667 concionibus
1662 1628 1881 1669 exercendi

159 1694 328 1748 fuerint,
362 1695 683 1737 exercebuntur.
752 1696 882 1738 Extra
916 1696 992 1738 hos
1027 1697 1120 1750 alijs
1153 1697 1302 1740 (liebus
1336 1699 1586 1753 assignatis,
1627 1701 1725 1743 dum
1759 1715 1883 1755 pran-

157 1769 304 1825 detur,
336 1770 589 1812 scholastica
621 1771 846 1824 quaepiam
879 1772 1125 1814 exercitatio
1169 1773 1443 1828 instituatur,
1482 1776 1619 1828 qualis
1660 1779 1725 1818 est
1767 1790 1883 1831 repe-

156 1848 245 1886 tere
277 1845 496 1901 lectiones,
531 1846 860 1899 Praeceptorum
894 1860 1010 1890 more
1043 1848 1299 1903 declamare,
1334 1850 1555 1903 disputare
1587 1851 1714 1905 idque
1748 1865 1880 1904 genus

154 1919 250 1975 alia,
283 1920 401 1963 iuxta
432 1920 545 1974 quod
578 1921 618 1963 in
651 1921 814 1974 legibus
850 1921 1031 1964 habetur
1063 1924 1368 1966 communibus.
1399 1928 1404 1977 ι

300 2005 362 2043 12.
412 2003 711 2044 Recreationes
745 2006 970 2045 consuetas
1003 2016 1027 2045 a
1067 2005 1244 2057 prandio
1277 2009 1319 2046 et
1361 2020 1385 2047 a
1419 2019 1548 2048 eoena
1581 2011 1624 2048 et
1656 2008 1882 2050 hebdoma—

161 2077 302 2120 darias
335 2077 525 2119 modeste
556 2080 598 2119 et
628 2077 803 2119 honeste
827 2090 942 2119 111010
966 2082 1208 2120 nostrorum
1233 2086 1451 2136 peragent,
1487 2082 1546 2124 vel
1571 2082 1694 2124 simul
1719 2096 1878 2137 omnes,

155 2152 387 2194 seeundum
421 2165 499 2194 sua
531 2154 672 2194 tamen
696 2152 871 2194 Musaea
901 2153 1101 2207 seiuncti,
1136 2155 1197 2195 vel
1232 2155 1271 2196 in
1305 2159 1447 2208 partes
1481 2156 1718 2209 distributi,
1752 2162 1880 2212 prout

152 2227 269 2270 loeus
303 2228 367 2269 vel
400 2227 622 2282 disciplina
652 2229 798 2270 ferent.
851 2228 957 2270 Ludi
993 2241 1105 2284 vero,
1138 2230 1208 2283 qui
1243 2244 1337 2272 eum
1371 2232 1545 2273 notabili
1580 2235 1695 2274 taetu
1731 2237 1877 2275 mutuo

151 2306 252 2345 sunt
283 2304 509 2355 coniuncti,
542 2307 590 2344 ut
622 2303 888 2357 luctationes‚
920 2305 1054 2346 saltus
1087 2305 1127 2346 in
1162 2306 1341 2347 aliorum
1373 2307 1583 2358 humeros,
1617 2308 1875 2358 gestationes

151 2379 194 2419 et
225 2377 395 2433 similes,
429 2378 544 2419 nullo
576 2377 699 2419 modo
732 2378 1046 2431 permittentur.

292 2453 354 2494 13.
405 2453 638 2505 Diligenter
683 2452 969 2494 observabunt
1014 2466 1123 2506 quae
1171 2458 1270 2495 sunt
1317 2455 1428 2497 eirea
1476 2456 1604 2498 libros
1647 2457 1873 2500 Rationum

149 2518 360 2583 ordinata,
394 2532 440 2569 ut
471 2540 543 2570 eos
576 2528 752 2580 singulis
782 2528 931 2570 saltem
966 2528 1251 2571 trimestribus
1280 2531 1459 2585 11001011,
1493 2532 1741 2574 Ρ1ον11101011
1776 2546 1873 2574 vero

148 2603 188 2644 in
223 2603 462 2645 visitatione
495 2603 732 2645 exhibeant.
782 2604 864 2657 Ipsi
898 2604 1025 2646 etiam
1059 2605 1111 2646 ab
1135 2605 1373 2648 Oeconomo
1406 2608 1583 2659 singulis
1610 2609 1668 2649 vel
1695 2609 1870 2651 alternis

148 2677 296 2720 diebus
330 2678 514 2720 rationes
559 2678 646 2720 dati
690 2681 733 2720 et
774 2680 932 2732 accepti
977 2680 1143 2731 exigent
1185 2681 1558 2736 conabunturque,
1601 2684 1740 2736 quoad
1783 2684 1868 2725 tieri

146 2753 324 2806 poterit,
370 2753 665 2796 distinctorum
702 2754 1006 2796 Alumnatuum
1040 2759 1082 2796 et
1122 2756 1418 2799 fundationum
1466 2758 1687 2800 distinctas
1720 2772 1745 2800 a
1776 2759 1870 2800 reli-

146 2828 240 2882 quis
273 2828 571 2871 Convictorum
606 2830 790 2872 rationes
829 2844 995 2884 semper
1036 2830 1257 2885 exhihere,
1299 2835 1347 2873 ut
1388 2836 1617 2886 appareat,
1659 2833 1784 2886 quid,
1827 2834 1867 2874 in

145 2915 250 2956 quos
283 2906 327 2945 et
357 2907 564 2957 quantum
598 2919 840 2959 expensum.

287 2980 349 3019 14.
399 2979 600 3035 Opifices,
634 2984 680 3022 ut
711 2985 812 3023 sunt
842 2982 976 3033 lotor,
1009 2985 1154 3037 sutor,
1187 2986 1333 3024 tonsor
1365 2987 1440 3025 eet.
1476 2983 1692 3033 omnibus,
1726 2984 1863 3036 quoad

145 3052 234 3095 fieri
265 3055 429 3107 potest,
471 3055 557 3096 tam
591 3055 911 3099 Convictoribus
954 3069 1081 3110 quam
1113 3059 1156 3099 et
1187 3057 1402 3112 Alumnis,
1441 3063 1445 3107 1
1482 3059 1566 3100 sint
1598 3070 1865 3107 eommunes;

143 3140 235 3170 cum
269 3128 422 3181 quibus
455 3129 514 3171 ita
548 3132 844 3182 conveniatur,
887 3136 932 3173 ut
976 3144 1057 3172 non
1100 3132 1155 3174 sit
1196 3144 1302 3185 opus
1344 3144 1484 3174 rerum
1528 3133 1860 3174 necessariarum
