2164 3535
195 172 278 213 248
724 169 906 213 Speisung
931 179 1049 202 armer
1075 167 1277 202 Studenten
1305 171 1404 204 1635.

334 312 373 352 4.
422 309 465 352 Si
498 309 688 363 legitima
720 310 771 351 de
804 322 933 352 causa
965 309 1118 362 aliquis
1151 321 1247 351 cum
1270 308 1440 350 licentia
1462 321 1638 350 suorum
1660 310 1928 362 superiorum

197 384 361 438 aliquot
392 384 540 427 diebus
574 384 686 426 absit
717 397 741 425 a
772 383 917 426 schola
949 397 983 425 v.
1009 396 1046 436 g.
1081 383 1218 425 tribus
1250 386 1326 424 aut
1357 384 1563 436 quattuor
1594 396 1766 426 monere
1797 397 1847 426 ea
1878 384 1929 427 de

197 473 244 502 re
282 459 408 502 debet
438 460 609 501 Patrem
648 459 720 512 qui
759 462 931 513 praeest
962 459 1015 500 ad
1048 461 1237 514 portam⁷
1280 458 1466 512 alioquin
1499 459 1660 501 subibit
1691 460 1827 502 aleam
1860 472 1931 502 ex-

199 536 397 578 clusionis
439 535 491 576 ab
529 534 607 577 hoc
650 534 849 578 beneficio
861 568 872 590 ,
911 535 946 577 si
986 538 1128 576 autem
1161 534 1221 576 ita
1259 534 1315 576 sit
1346 534 1484 576 brevis
1517 538 1560 576 et
1592 535 1813 587 repentina
1857 534 1932 576 ab—

198 611 355 665 sentia,
398 613 446 652 ut
487 622 569 651 non
602 609 724 652 facile
755 623 851 652 eum
883 610 1018 663 possit
1049 609 1250 652 accedere
1283 612 1456 652 excuset
1486 622 1532 652 se
1562 609 1635 651 ubi
1668 609 1844 651 redierit
1876 609 1930 651 ad

199 684 488 738 accipiendum
530 684 682 726 cibum.
753 684 944 727 Caveant
985 688 1128 726 autem
1169 683 1389 726 mendacia
1430 686 1521 726 tum
1562 684 1603 726 in
1643 684 1721 727 hoc
1761 688 1852 726 tum
1890 684 1933 725 in

200 760 307 815 alijs,
331 760 432 813 quia
453 772 585 800 unum
608 760 673 801 vel
696 760 879 802 alterum
901 760 982 802 erit
1003 759 1214 802 sufficiens
1238 759 1292 802 ad
1314 772 1384 802 eos
1407 759 1704 802 excludendos.
1755 758 1933 810 Quando

201 835 423 889 acquirent
462 834 723 878 conditiones
763 836 828 878 vel
870 836 952 878 alio
994 836 1259 891 migrabunt,
1301 835 1445 878 studia
1484 835 1674 888 legitima
1717 835 1769 877 de
1807 847 1936 877 causa

201 911 444 954 deserentes
477 915 554 954 etc.
599 911 779 954 adibunt
820 912 980 954 dictum
1022 912 1194 954 Patrem
1235 912 1299 953 vel
1341 912 1469 954 etiam
1509 912 1649 965 ipsum
1691 912 1741 953 R.
1764 911 1935 953 Patrem

202 986 498 1039 Praepositum
537 989 580 1028 et
617 986 777 1039 gratias
819 991 946 1040 agent
984 1000 1059 1040 pro
1093 989 1267 1040 accepto
1299 986 1522 1041 beneficio,
1566 999 1695 1040 seque
1728 999 1935 1029 memores

202 1061 343 1115 quoad
385 1060 566 1102 vixerint
605 1061 773 1104 futuros
815 1062 1150 1116 pollicebuntur3
1202 1062 1306 1104 nihil
1348 1066 1490 1104 autem
1532 1062 1713 1104 istorum
1762 1061 1936 1115 aggredi

203 1136 407 1179 deberent
438 1136 519 1178 nisi
551 1138 743 1180 consulto
776 1138 895 1191 prius
927 1138 1066 1180 Patre.

344 1225 381 1265 6.
427 1224 616 1266 Caveant
647 1237 698 1266 ne
732 1224 974 1266 discurrant
1005 1237 1081 1278 per
1113 1237 1234 1267 areas
1258 1225 1419 1267 Domus
1452 1228 1495 1266 et
1526 1224 1726 1280 ambitus,
1759 1226 1939 1266 caveant

203 1301 330 1343 etiam
363 1313 388 1342 a
418 1299 662 1342 levitatibus
695 1303 737 1342 et
769 1300 1025 1342 clamoribus
1058 1299 1160 1342 dent
1190 1304 1334 1342 autem
1367 1313 1538 1353 operam
1573 1300 1625 1353 (si
1658 1300 1785 1352 longa
1824 1303 1939 1341 esset

202 1375 411 1418 trahenda
450 1387 569 1417 mora
610 1375 870 1428 expectando
913 1375 1071 1426 cibum)
1114 1375 1355 1429 repetitioni
1394 1375 1459 1417 vel
1497 1375 1781 1417 conferentiae
1820 1373 1939 1416 audi-

204 1454 346 1493 tarum
378 1450 420 1492 in
453 1450 598 1493 schola
628 1451 878 1493 lectionum:
912 1451 992 1493 nisi
1025 1454 1166 1493 tamen
1199 1451 1374 1492 nimium
1408 1453 1521 1493 esset
1548 1450 1696 1505 frigus,
1730 1450 1794 1492 vel
1820 1449 1939 1503 quid-

206 1539 333 1580 quam
367 1525 482 1567 aliud
515 1525 828 1568 adversaretur.
891 1525 1058 1568 Debent
1096 1530 1238 1568 autem
1289 1539 1434 1568 omnes
1482 1525 1631 1569 adesse
1677 1525 1731 1567 ad
1779 1525 1938 1566 dictum

206 1602 346 1644 cibum
385 1601 675 1654 accipiendum
716 1601 768 1643 ad
800 1601 927 1644 finem
958 1602 1082 1655 primi
1115 1601 1367 1655 quadrantis
1400 1606 1496 1656 post
1528 1601 1734 1644 decimam
1767 1599 1940 1642 matuti-

206 1689 304 1719 nam
336 1676 524 1729 alioquin
557 1676 591 1717 si
625 1676 726 1718 nihil
760 1677 970 1730 accipiant
1001 1676 1079 1719 sibi
1111 1677 1333 1731 imputent,

347 1763 391 1806 C.
440 1762 586 1805 Circa
625 1763 1005 1816 susceptionem
1048 1762 1225 1806 horum
1264 1776 1543 1818 pauperum
1583 1762 1940 1806 studiosorum

207 1839 311 1882 haec
344 1841 576 1882 occurrunt
605 1838 647 1880 in
680 1839 917 1892 praesenti:

348 1929 384 1968 1.
434 1925 477 1968 Si
520 1926 673 1979 aliquis
716 1926 772 1968 sit
811 1926 853 1968 in
896 1926 1047 1969 altiore
1085 1927 1239 1975 classe,
1283 1930 1326 1968 et
1367 1929 1488 1979 petat
1529 1925 1745 1967 humiliter
1777 1923 1831 1966 ad
1862 1923 1942 1965 hoc

209 2001 376 2043 admitti
415 2001 683 2057 beneficium,
727 2002 906 2044 caeteris
938 2001 1112 2055 paribus
1145 2001 1449 2054 praeferendus
1488 2005 1553 2043 est
1595 2001 1651 2055 ei,
1691 2000 1763 2053 qui
1804 1999 1942 2042 adhuc

209 2080 406 2119 versatur
436 2077 477 2118 in
510 2076 710 2119 inferiori.

350 2165 385 2204 2.
437 2162 479 2204 Si
513 2163 595 2204 duo
629 2163 715 2205 sint
745 2163 787 2205 in
820 2163 967 2205 eadem
1000 2162 1146 2205 schola
1177 2163 1249 2216 qui
1288 2166 1462 2217 petunt,
1504 2162 1672 2204 videtur
1704 2160 1942 2215 praeferen-

212 2238 291 2280 dus
323 2239 358 2280 is
391 2239 461 2292 qui
493 2238 807 2280 honestioribus
840 2238 1090 2292 parentibus
1123 2243 1249 2281 natus
1282 2242 1358 2288 est,
1394 2242 1436 2279 et
1464 2237 1682 2280 honestius
1721 2237 1942 2289 educatus,

212 2314 311 2367 quia
342 2314 464 2356 valde
496 2314 766 2356 erubesceret
799 2302 986 2357 ostiatim
1019 2314 1269 2356 mendicare.

353 2401 390 2441 3.
440 2401 521 2451 Qui
560 2401 767 2454 cogitaret
809 2403 969 2443 statum
1003 2401 1355 2453 ecclesiasticum,
1398 2399 1719 2453 anteponendus
1753 2405 1944 2453 (semper

213 2476 365 2517 ceteris
408 2476 606 2529 paribus)
647 2479 761 2518 esset
799 2479 860 2530 ei,
901 2477 972 2530 qui
1013 2489 1109 2518 eum
1141 2489 1222 2518 non
1257 2476 1486 2529 cogitaret,
1526 2479 1568 2517 et
1600 2475 1672 2528 qui
1704 2476 1941 2528 ingressum

212 2550 457 2603 Religionis,
491 2550 671 2593 caeteris
704 2550 912 2593 omnibus.

352 2640 390 2679 4.
439 2637 531 2679 Etsi
572 2637 712 2690 magni
752 2637 968 2679 faciendae
1008 2637 1094 2679 sint
1131 2641 1375 2679 nostrorum
1415 2636 1821 2691 commendationes,
1871 2636 1942 2678 ubi

214 2712 314 2753 licet
354 2712 412 2753 eis
462 2711 692 2764 gratificari
739 2712 880 2754 nullus
930 2716 1070 2754 tamen
1119 2712 1280 2765 absque
1327 2711 1516 2763 legitima
1563 2724 1714 2761 causa,
1766 2711 1819 2752 ab
1865 2711 1943 2752 hoc

215 2786 416 2828 beneficio
467 2787 595 2828 semel
640 2790 863 2840 susceptus
917 2787 969 2828 ob
1022 2800 1093 2828 eas
1140 2788 1205 2828 est
1251 2786 1549 2828 excludendus.
1629 2785 1942 2827 Advertendum

216 2863 303 2914 est,
345 2874 397 2903 ne
429 2862 591 2903 Ianitor
634 2862 797 2914 aliquos
842 2861 1042 2903 admittat
1080 2861 1241 2915 absque
1272 2862 1410 2903 Patris
1445 2861 1576 2912 scitu,
1623 2864 1666 2902 et
1696 2864 1844 2913 postea
1876 2872 1943 2901 ex-

218 2936 329 2978 cludi
362 2936 565 2991 debeant‚
598 2948 692 2978 cum
726 2936 974 2989 offensione,
1008 2940 1099 2978 tum
1131 2936 1350 2989 Ianitoris,
1382 2939 1472 2977 tum
1507 2935 1801 2977 admissorum.
1865 2935 1944 2976 Est

218 3012 415 3053 Ianitoris
448 3024 618 3053 monere
650 3012 835 3067 Patrem,
867 3013 901 3054 si
935 3012 1086 3065 aliquis
1120 3015 1240 3054 vacet
1271 3012 1400 3053 locus.

358 3100 395 3138 5.
444 3098 621 3139 Iuvandi
654 3103 753 3140 sunt
785 3099 964 3140 subinde
996 3099 1139 3151 aliqua
1171 3098 1330 3153 charta,
1362 3098 1584 3151 pecuniola
1615 3097 1667 3139 ad
1692 3096 1941 3138 soluendum
