2164 3535
281 213 364 253 572
728 209 953 253 Anordnung
979 209 1041 245 des
1066 209 1120 253 3j.
1147 210 1277 255 philos.
1304 210 1442 246 Kurses
1473 213 1569 247 1858,

281 363 352 393 ens
385 351 464 393 sub
498 352 666 394 ratione
699 352 834 394 omnis
868 351 1263 404 cognoscibilitatis3
1309 355 1352 394 et
1390 351 1484 394 ideo
1526 353 1596 395 ille
1627 354 1748 396 actus
1779 353 2011 406 sujectivus

282 439 425 469 omnes
458 427 562 468 alios
595 430 717 469 actus
750 427 1007 481 subjectivos
1041 427 1275 470 eminenter
1308 428 1515 483 continet,
1547 431 1597 470 ut
1628 429 1755 470 etiam
1787 430 1907 470 actus
1940 427 2010 470 ob-

273 502 456 555 jectivus
489 502 622 554 (Deus
655 505 860 555 tanquam
894 515 967 545 ens
1001 502 1255 555 universale)
1289 503 1430 545 omnia
1451 503 1535 545 alia
1566 503 1681 546 entia
1703 503 1936 546 eminenter
1967 507 2010 545 et

278 577 480 631 implicite
515 578 713 619 continet.

420 666 485 706 64.
534 664 640 707 Cum
672 665 946 718 intelligimus
979 666 1277 708 necessitatem
1300 665 1632 720 metaphysicam
1666 670 1708 708 et
1738 666 2012 709 intrinsecam

278 740 603 794 possibilitatem
641 753 813 795 rerum,
847 740 1059 794 objectum
1092 741 1205 783 reale
1237 741 1362 794 hujus
1396 745 1623 795 conceptus
1657 745 1722 784 est
1762 742 1852 796 ipse
1883 741 2012 797 Deus,

278 816 470 869 quamvis
505 816 546 858 in
583 816 756 859 confuso
790 818 958 858 tantum
992 816 1172 859 necdum
1204 817 1398 871 explicite
1430 817 1623 870 cognitus
1656 821 1705 859 ut
1737 818 1865 860 Deus.

418 904 486 945 65.
537 904 651 945 Deus
684 905 732 945 ut
755 916 883 957 agens
916 903 968 945 ad
992 907 1116 946 extra
1147 904 1403 956 immediate,
1437 904 1474 945 h.
1501 917 1534 946 e.
1570 904 1611 946 in
1643 905 1735 958 ipsa
1767 906 2012 958 operatione

278 991 369 1029 sua,
403 991 426 1020 a
458 979 578 1021 nobis
612 979 797 1021 naturali
829 979 1033 1021 facultate
1065 980 1345 1033 cognoscitur.

418 1068 484 1110 66.
534 1067 737 1109 Doctrina
778 1066 1160 1123 Scholasticorum,
1209 1079 1294 1120 qua
1341 1066 1458 1108 ideas
1497 1081 1573 1121 per
1612 1069 1945 1112 abstractionem
1985 1082 2010 1111 a

277 1141 545 1184 sensibilibus
577 1143 677 1184 oriri
710 1146 920 1197 statuunt,
954 1142 1198 1185 nullatenus
1223 1146 1298 1184 aut
1330 1145 1445 1184 certe
1467 1155 1618 1196 parum
1644 1144 1784 1187 differt
1816 1158 1841 1187 a
1873 1147 2011 1199 syste-

276 1220 389 1260 mate
422 1218 718 1273 recentiorum,
752 1219 824 1272 qui
858 1218 1075 1261 Sensistae
1106 1218 1318 1260 dicuntur.

417 1308 482 1347 67.
534 1307 646 1348 Deus
679 1307 720 1349 in
753 1307 1064 1361 simplicissima
1104 1319 1183 1350 sua
1226 1309 1404 1351 entitate
1449 1309 1637 1351 continet
1677 1308 1870 1360 realiter,
1916 1308 2012 1351 licet

277 1382 437 1436 absque
468 1381 617 1434 forma,
650 1383 764 1424 entia
796 1383 934 1424 omnia
968 1383 1169 1425 distincta
1200 1387 1243 1426 et
1275 1383 1456 1440 diversa,
1490 1384 1680 1438 adeoque
1712 1384 1896 1427 essentia
1922 1396 2009 1426 om—

278 1458 408 1510 nium,
442 1470 735 1511 quaecumque
768 1462 881 1509 sunt,
916 1462 1087 1501 nonest
1108 1459 1281 1501 realiter
1311 1459 1479 1501 diversa
1500 1459 1552 1501 ab
1584 1460 1676 1513 ipsa
1698 1460 1776 1502 Dei
1810 1459 2007 1504 essentia.

278 1537 320 1575 et.
352 1533 448 1575 inde
473 1537 551 1589 est,
584 1533 697 1587 quod
721 1547 794 1576 ens
818 1534 1067 1588 simpliciter
1088 1539 1130 1577 et
1153 1548 1225 1578 ens
1248 1534 1415 1577 finitum
1438 1548 1520 1577 non
1543 1536 1705 1578 faciunt
1727 1536 2006 1588 numerum1).

418 1622 483 1663 68.
533 1621 639 1663 Esse
671 1621 859 1663 (livinum
902 1625 944 1663 et
985 1635 1076 1664 esse
1118 1626 1411 1664 creaturarum
1452 1635 1605 1676 genere
1647 1622 1925 1678 conveniunt,
1969 1624 2011 1664 et

276 1697 367 1739 sola
398 1697 536 1750 specie
569 1696 780 1739 differunt.

420 1773 485 1814 69.
541 1772 696 1815 Creare
738 1774 803 1815 est
848 1776 1021 1815 actuare
1062 1773 1298 1816 formaliter
1343 1774 1570 1817 essentiam
1609 1774 1667 1816 rei
1706 1774 1747 1815 in
1789 1774 1877 1816 Deo
1919 1786 2010 1816 rea-

275 1848 373 1890 liter
405 1851 667 1893 contentam:
699 1861 772 1890 seu
807 1849 916 1891 actio
951 1849 1120 1891 creandi
1153 1852 1218 1892 est
1250 1853 1370 1892 actus
1404 1850 1495 1903 Dei,
1528 1862 1610 1904 quo
1644 1850 1758 1892 Deus
1792 1848 2003 1892 actuando

276 1924 461 1978 seipsum
494 1928 542 1965 ut
574 1936 646 1966 cns
679 1925 865 1967 eminens
898 1925 1100 1979 hominis,
1142 1939 1177 1966 v.
1211 1937 1248 1977 g.
1283 1926 1495 1968 hominem
1526 1925 1769 1976 formalem,
1811 1937 1835 1967 a
1867 1925 2005 1978 seipso

277 2000 512 2042 formaliter
546 1999 780 2055 distinguit,
814 2004 942 2053 negat
974 2003 1016 2041 et
1048 2000 1244 2055 excludit,
1278 2013 1326 2042 ac
1358 2005 1478 2043 extra
1511 2013 1555 2042 se
1578 2003 1724 2042 actuat
1756 2002 1799 2042 et
1828 2000 1948 2054 ponit
1960 1999 2004 2052 ²).

276 2075 366 2116 Hoc
398 2087 472 2116 ens
504 2075 680 2117 formale
719 2075 985 2118 substantiae
1018 2080 1186 2118 creatae
1228 2079 1420 2119 remanet.
1461 2080 1559 2130 post
1598 2076 1854 2118 creationem
1897 2088 2006 2118 com-

274 2150 530 2204 prehensum
564 2151 604 2192 in
638 2154 734 2193 ente
766 2151 975 2193 eminente
1008 2164 1082 2194 seu
1115 2151 1155 2192 in
1189 2152 1298 2207 Deo,
1332 2155 1536 2205 tanquam
1570 2164 1670 2206 pars
1702 2152 1744 2193 in
1777 2154 1891 2207 toto,
1922 2163 2005 2193 non

275 2226 446 2279 quidem
479 2226 519 2267 in
553 2230 643 2269 toto
676 2228 854 2281 formali,
887 2228 960 2271 sed
992 2229 1032 2270 in
1066 2231 1155 2270 toto
1189 2227 1366 2284 infinito,
1396 2228 1726 2283 simplicissimo,
1759 2226 1873 2280 quod
1906 2239 2005 2269 suas

275 2302 395 2355 quasi
429 2305 573 2355 partes
607 2303 767 2357 absque
800 2304 887 2345 ulla
917 2304 981 2345 sui
1015 2304 1218 2345 divisione
1251 2307 1293 2345 et
1324 2303 1603 2345 diminutione
1636 2306 1757 2345 extra
1796 2314 1840 2344 se
1871 2302 2004 2357 ponit.

416 2390 479 2430 70.
525 2390 640 2431 Deus
673 2402 717 2432 se
750 2390 960 2432 actuando
984 2394 1126 2432 utens
1150 2390 1338 2432 eminens
1360 2389 1540 2432 hominis
1573 2389 1750 2442 libet-1³),
1784 2389 2006 2432 constituit

274 2464 406 2517 ipsius
445 2465 672 2507 essentiam
717 2469 759 2507 et
805 2465 1129 2519 possibilitatem
1178 2477 1407 2518 omnesque
1453 2465 1586 2518 ipsius
1632 2465 1916 2518 proprietates
1964 2467 2006 2507 et

275 2538 514 2591 facultates,
548 2543 667 2582 actus
700 2544 740 2582 et
772 2540 931 2583 modos.

415 2617 481 2657 71.
529 2616 577 2657 In
610 2615 699 2658 Deo
731 2628 807 2658 nec
839 2619 905 2658 est
936 2616 1169 2658 necessitas
1201 2628 1277 2657 nec
1309 2615 1484 2657 libertas
1516 2615 1688 2669 proprie
1720 2615 1844 2657 dicta.

416 2704 480 2744 72.
531 2703 774 2757 Rejicienda
806 2706 870 2745 est
903 2704 1116 2746 distinctio
1150 2717 1171 2745 a
1196 2704 1419 2756 Theologis
1451 2704 1632 2757 invecta,
1666 2716 1752 2756 qua
1772 2703 1851 2746 Dei
1884 2706 2003 2746 actus

276 2777 328 2818 ad
361 2778 472 2819 intra
505 2780 781 2835 necessarios,
814 2780 868 2821 ad
902 2783 1022 2822 extra
1054 2780 1209 2823 liberos
1242 2793 1333 2822 esse
1368 2781 1585 2822 statuitur.

416 2854 480 2894 73.
530 2854 631 2895 Tam
674 2855 939 2897 necessarius
972 2857 1014 2897 et
1045 2859 1132 2897 tam
1177 2855 1282 2897 liber
1314 2859 1379 2897 est
1419 2859 1539 2897 actus
1583 2855 1832 2907 creationis,
1874 2867 2001 2908 quam

276 2928 539 2970 necessarius
572 2931 615 2970 et
646 2929 751 2971 liber
783 2933 847 2971 est
880 2933 1014 2981 actus,
1048 2943 1131 2983 quo
1166 2932 1278 2973 Deus
1312 2934 1427 2972 amat
1458 2943 1502 2973 se
1534 2931 1634 2983 ipse.

414 3091 442 3132 ¹)
473 3088 524 3124 Cf.
552 3089 754 3132 Roothaan,
782 3101 882 3134 prop.
910 3094 940 3125 3.
1156 3091 1184 3130 2)
1211 3091 1412 3129 Roothaau,
1440 3101 1538 3135 prop.
1565 3094 1596 3124 4.

413 3149 439 3192 ³)
466 3147 666 3192 Roothaan,
693 3158 793 3192 prop.
821 3154 851 3183 5.
