2164 3535
277 246 359 287 532
577 243 645 278 1)10
672 242 934 277 oberdeutsche
960 242 1112 276 Provinz
1138 243 1227 277 iiber
1253 241 1310 277 die
1338 252 1429 277 neue
1456 241 1498 276 R.
1525 246 1568 276 st.
1597 244 1694 277 1835.

647 461 875 528 Regula
924 460 1223 510 Praefecti
1273 460 1634 511 Studiorum.

414 602 530 654 Reg.
565 602 640 656 20,
674 602 747 652 21,
780 601 854 655 22,
888 601 954 642 23.
1025 600 1155 642 Varia
1197 599 1263 642 hic
1310 599 1488 642 obscure
1538 612 1738 654 expressa
1789 600 2001 643 videntur.

277 676 540 730 Supponitur
570 676 612 717 in
645 676 708 717 his
741 676 898 729 regulis
931 687 1119 730 examen,
1153 674 1203 716 de
1241 687 1324 728 (1110
1357 675 1512 717 ibidem
1545 675 1700 728 agitur,
1734 688 1826 718 esse
1849 676 1903 718 ad
1934 688 2001 718 ex-

276 751 542 805 plorandum,
575 751 747 804 quinam
780 751 864 793 sint
896 751 983 804 apti
1016 750 1068 792 ad
1101 754 1222 792 actus
1260 750 1557 804 Philosophiae
1596 751 1816 804 generales
1849 751 2004 794 haben-

277 827 367 882 dos,
397 827 659 882 diciturque,
704 839 847 868 omnes
880 825 934 867 ad
965 825 1008 867 id
1049 838 1223 868 examen
1265 825 1525 879 obligandos.
1589 826 1739 880 Itaque
1783 827 2005 881 quaeritur

276 906 318 944 et
349 903 523 957 petitur,
556 905 604 944 ut
635 902 789 944 clarius
822 901 1095 954 exprimatur.

418 981 466 1020 19
498 977 563 1019 An
595 989 754 1028 omnes,
786 977 857 1030 qui
891 976 1161 1019 destinantur
1192 976 1245 1018 ad
1277 979 1398 1019 actus
1431 977 1641 1032 publicos,
1675 978 1738 1019 vel
1772 990 1824 1020 an
1859 990 2004 1021 omnes

277 1053 445 1094 omnino
477 1052 719 1107 Philosophi
754 1052 851 1094 huic
883 1052 1062 1094 examini
1094 1051 1343 1105 subjiciendi
1376 1053 1473 1094 sint.
1530 1052 1685 1095 Omnes
1718 1053 1888 1106 quidem
1920 1067 2006 1096 om-

275 1129 388 1183 nino,
420 1128 548 1171 etiam
580 1128 747 1184 Nostri,
779 1128 1011 1182 subjicendi
1045 1141 1127 1170 non
1160 1127 1380 1180 videntur,
1417 1128 1495 1169 nisi
1528 1127 1570 1169 id
1602 1141 1775 1171 examen
1808 1129 1863 1171 sit
1895 1129 2004 1171 idem

277 1216 370 1245 cum
403 1217 466 1257 eo,
499 1217 548 1246 ex
580 1217 663 1258 quo
696 1204 748 1246 de
780 1216 956 1246 ascensu
990 1203 1042 1245 ad
1074 1202 1345 1256 Theologiam
1381 1202 1601 1245 deciditur.

414 1280 565 1333 Itaque
597 1281 649 1322 29
682 1280 916 1333 quaeritur,
950 1292 1002 1320 an
1034 1278 1137 1320 illud
1170 1291 1344 1321 examen
1378 1279 1434 1320 sit
1465 1278 1575 1321 idem
1610 1291 1705 1321 cum
1738 1292 1806 1333 eo,
1847 1280 1888 1321 in
1921 1292 2003 1334 (1110

271 1356 477 1409 judicium
509 1355 561 1398 de
592 1355 829 1408 capacitate
852 1354 905 1396 ad
928 1354 1197 1408 Theologiam
1229 1355 1378 1409 fertur,
1413 1355 1477 1397 vel
1501 1367 1553 1396 an
1586 1357 1757 1408 praeter
1778 1355 1856 1397 hoc
1888 1355 2004 1397 aliud

277 1444 353 1485 pro
386 1431 553 1473 Nostris
586 1443 634 1473 eo
669 1429 750 1472 fine
787 1429 1096 1472 instituendum
1139 1430 1219 1484 sit,
1262 1430 1296 1472 si
1339 1442 1488 1483 reapse
1530 1429 1794 1485 declaretur,
1835 1434 1883 1472 ut
1915 1431 2004 1484 jam

279 1506 376 1548 olim
408 1506 636 1560 Responsis
670 1505 864 1548 General.
910 1504 1171 1547 declaratum
1213 1516 1305 1546 esse
1345 1504 1536 1559 videtur,
1581 1504 1658 1546 1100
1700 1517 1874 1547 examen
1914 1517 2005 1548 esse

278 1581 388 1624 idem
422 1594 516 1624 cum
548 1594 616 1635 eo,
656 1593 705 1622 ex
737 1592 819 1633 quo
853 1580 1109 1621 Nostrorum
1153 1580 1365 1633 capacitas
1398 1592 1473 1633 pro
1509 1591 1688 1621 ascensu
1720 1580 2006 1633 dignoscenda

278 1660 356 1713 est,
390 1656 769 1707 animadvertatur,
803 1668 1009 1709 apparere
1031 1655 1407 1697 contradictionem
1431 1655 1541 1697 inter
1575 1667 1658 1708 reg.
1684 1656 1749 1697 20.
1794 1655 1930 1698 Praef.
1964 1659 2006 1698 et

277 1732 467 1775 Provinc.
495 1733 558 1773 19.
593 1732 712 1785 §142
746 1731 846 1784 quia
876 1730 943 1773 hic
966 1732 1005 1783 5,
1038 1731 1094 1773 ibi
1117 1732 1161 1782 43
1194 1730 1261 1773 hic
1293 1743 1317 1773 a
1338 1731 1531 1782 Rectore,
1568 1730 1624 1772 ibi
1658 1743 1681 1772 a
1705 1731 1902 1774 Generali
1935 1731 2004 1774 de—

278 1807 472 1861 signandi
495 1807 804 1850 examinatores
828 1806 1040 1848 dicuntur.
1087 1806 1204 1857 Quae
1226 1806 1267 1847 in
1291 1806 1404 1848 omni
1427 1818 1527 1848 casu
1551 1805 1719 1848 clariori
1736 1807 2005 1861 expressione

278 1882 540 1925 concilianda
570 1882 779 1924 videntur.

416 1960 468 2001 39
515 1958 621 2001 Cum
661 1958 703 2000 in
744 1957 938 2012 pluribus
977 1957 1209 2000 Provinciis
1249 1970 1394 2000 omnes
1438 1958 1617 2013 alumni,
1659 1958 1788 2000 etiam
1827 1958 2002 2011 externi,

278 2034 341 2076 vel
374 2035 415 2076 in
447 2033 528 2076 fine
561 2034 657 2075 anni
691 2034 755 2076 vel
787 2033 946 2087 pluries
986 2046 1061 2087 per
1101 2045 1258 2075 annum
1300 2033 1542 2086 obligentur
1583 2033 1637 2074 ad
1676 2033 1870 2075 examina
1910 2033 2004 2075 viva

276 2122 376 2151 voce
408 2110 472 2151 vel
504 2109 660 2163 scripto
693 2109 936 2164 subeunda,
968 2121 1149 2162 quorum
1183 2112 1359 2151 eventus
1392 2109 1519 2150 etiam
1554 2108 1855 2162 proclamatur,
1889 2121 2002 2150 cum-

277 2197 359 2237 que
390 2184 424 2226 is
456 2197 546 2226 mos
579 2185 634 2227 sit
666 2184 719 2226 ad
752 2183 986 2237 urgendam
1033 2183 1294 2237 diligentiam
1338 2184 1516 2226 maxime
1555 2182 1789 2237 proficuus,
1830 2184 2002 2240 petitur,

277 2262 324 2300 ut
355 2259 505 2301 saltem
539 2260 579 2300 in
614 2272 698 2312 reg.
724 2261 789 2301 22.
826 2259 1018 2302 clausula
1051 2258 1247 2314 addatur,
1282 2271 1364 2312 quo
1387 2259 1664 2313 permittatur
1684 2271 1774 2301 mos
1808 2259 2000 2301 alumnos

276 2334 329 2375 ad
362 2346 534 2376 examen
568 2334 784 2387 publicum
816 2335 974 2388 scripto
1008 2334 1071 2376 vel
1104 2334 1199 2376 viva
1231 2346 1331 2376 voce
1363 2334 1588 2387 obligandi.

432 2669 694 2735 Regulae
741 2670 1103 2719 Communes
1146 2670 1489 2719 Professor.
1530 2669 1843 2735 Superior.

412 2807 526 2859 Reg.
564 2808 627 2848 13.
690 2808 869 2850 Videtur
901 2808 1221 2860 declarandum,
1261 2821 1313 2850 an
1348 2807 1618 2862 repetitiones
1650 2807 1746 2850 illae
1778 2808 1863 2850 sint
1895 2811 1999 2850 tem-

275 2894 376 2935 pore
407 2881 589 2936 scholae,
622 2882 686 2924 vel
718 2883 760 2925 in
791 2884 959 2926 circulis
990 2883 1218 2926 faciendae.

412 2957 533 3009 Reg.
568 2959 604 2998 7.
639 2956 776 2999 Prof.
811 2958 989 3000 Theol.
1024 2960 1047 3013 §
1083 2962 1116 3001 1.
1151 2962 1193 3001 et
1224 2960 1262 2999 2.
1315 2957 1567 3000 Distributio
1601 2958 1877 3000 materiarum
1910 2970 1993 3000 non

274 3030 396 3072 valde
428 3031 577 3085 placet.
642 3032 810 3074 Etenim
845 3035 894 3075 19
936 3033 1190 3086 quibusdam
1237 3033 1356 3075 annis
1399 3032 1527 3074 nimia
1568 3033 1747 3075 materia
1788 3032 1998 3075 attributa

274 3109 356 3154 est3
403 3107 454 3147 29
494 3105 728 3149 Professori
778 3108 1064 3160 pomeridiano
1116 3109 1318 3151 materiae
1370 3108 1513 3162 plures
1561 3108 1831 3164 tribuuntur,
1887 3120 1995 3161 quae

275 3179 414 3232 quoad
445 3180 674 3234 praecipua
710 3183 797 3235 jam
830 3182 870 3223 in
905 3183 1134 3236 Theologia
1167 3183 1314 3224 morali
1348 3183 1410 3225 vel
1437 3184 1534 3236 jure
1567 3182 1764 3225 canonico
1811 3186 1995 3225 tractan-
