2164 3535
223 186 306 227 488
517 183 666 218 Bericht
692 183 756 218 der
783 181 1211 218 Studien-Kommissare
1239 193 1302 216 zur
1328 181 1370 216 R.
1398 186 1440 216 st.
1467 193 1534 217 von
1563 185 1650 219 1832

224 323 340 365 nulla
372 322 484 365 facta
517 324 732 366 mentione
763 323 915 366 unicae
939 323 1003 366 vel
1038 323 1215 376 duplicis
1248 324 1440 377 quotidie
1472 324 1676 379 lectionis,
1708 327 1837 378 prout
1867 338 1904 367 n.
1931 327 1955 367 9

224 399 295 453 §2
326 399 558 442 indicatum
593 399 705 454 [est]

363 486 414 528 N.
438 486 510 530 84.
562 486 730 528 Inserta
761 487 828 529 hic
861 490 927 529 est
959 488 1107 541 regula
1139 501 1248 541 quae
1280 488 1499 542 septima
1531 488 1699 543 dicitur,
1734 501 1808 542 per
1829 499 1957 540 quam

226 561 546 604 obsecundatur
577 562 872 615 providentiae
905 563 1058 616 Congr.
1083 563 1198 605 XXI.
1234 563 1343 606 decr.
1368 566 1418 605 16
1452 563 1764 617 praecipientis,
1798 564 1845 604 ut
1875 565 1961 604 tra-

227 636 354 678 datur
397 636 576 691 nostris,
619 637 691 690 qui
723 637 891 679 biennio
931 642 1099 680 tantum
1133 638 1387 691 Theologiae
1420 638 1615 691 student,
1660 638 1960 693 compendiosa

225 711 377 754 notitia
409 712 668 765 dogmatum.

365 788 424 829 Ac
459 790 508 829 l‘?
542 787 712 841 quidem
745 789 838 830 ausi
871 801 1018 831 sumus
1051 789 1272 831 materiam
1306 789 1440 843 ipsam
1475 789 1665 845 definire,
1697 790 1809 833 circa
1832 802 1960 843 quam

226 863 386 905 versari
410 863 614 906 deberent
645 864 867 906 lectiones:
901 877 996 906 cum
1019 864 1129 906 enim
1160 864 1254 906 ideo
1278 865 1478 907 tradatur
1509 866 1663 908 notitia
1695 865 1959 919 dogmatum,

226 942 274 981 ut
316 940 357 981 in
399 939 658 992 quotidianis
704 940 851 982 usibus
895 944 937 982 et
980 940 1103 993 quasi
1151 940 1467 982 velitationibus
1510 953 1629 983 arma
1672 941 1822 983 iisdem
1864 940 1962 983 sub-

227 1014 544 1071 ministrentur,
578 1015 859 1069 opportunius
894 1016 1030 1058 visum
1062 1018 1128 1058 est
1158 1017 1436 1058 materiarum
1470 1016 1756 1059 definitionem
1787 1017 1961 1059 Provin-

228 1090 403 1133 cialibus
428 1092 691 1145 permittere,
724 1092 796 1146 qui
829 1091 979 1133 melius
1003 1095 1173 1141 norunt,
1208 1092 1309 1145 quid
1333 1092 1420 1134 suis
1456 1092 1696 1142 regionibus
1721 1092 1958 1135 conveniat.

368 1174 419 1215 29
454 1173 502 1215 In
545 1173 782 1216 tractandis
824 1173 1067 1227 hujusmodi
1110 1174 1300 1215 materiis
1334 1186 1450 1216 more
1483 1174 1605 1227 quasi
1648 1173 1835 1227 pedestri
1867 1187 1963 1228 pro-

229 1248 463 1291 cedendum
497 1261 589 1291 esse
622 1249 817 1297 diximus,
850 1252 898 1290 ut
920 1248 1072 1290 horum
1105 1248 1457 1291 scholasticorum
1492 1249 1762 1292 mediocritas
1794 1249 1961 1292 facilius

229 1323 481 1378 professoris
514 1324 715 1366 lectiones
748 1324 902 1378 capiat,
935 1326 1028 1365 tum
1050 1336 1115 1375 ne,
1149 1324 1183 1365 si
1213 1327 1423 1378 apparatu
1456 1324 1684 1367 scientifico
1718 1325 1962 1367 evolveren-

228 1402 299 1442 tur
331 1400 549 1455 materiae,
582 1399 838 1453 quibusdam
871 1399 1127 1452 quandoque
1159 1399 1334 1441 ambitio
1358 1400 1557 1442 altiorum
1590 1400 1830 1443 studiorum
1864 1401 1961 1443 sub-

230 1479 408 1530 reperet.

372 1552 423 1593 39
459 1550 656 1604 Singulas
680 1551 831 1593 diebus
864 1551 1042 1604 singulis
1075 1551 1276 1593 lectiones
1309 1551 1593 1605 assignamus,
1625 1552 1725 1606 quia
1746 1555 1962 1608 putamus,

230 1627 341 1669 hunc
383 1627 609 1669 lectionum
653 1639 877 1668 numerum
909 1627 970 1668 ita
1009 1625 1203 1669 sufficere
1246 1627 1496 1682 eruditioni,
1537 1630 1586 1669 ut
1624 1630 1764 1671 tamen
1804 1628 1963 1670 medio-

231 1703 358 1745 critas
392 1715 474 1744 non
508 1702 718 1745 obruatur
749 1702 930 1744 fastidio.

512 2015 551 2064 R
569 2017 778 2082 egulae
824 2015 1190 2064 Professoris
1242 2017 1682 2084 Philosophiae.

373 2155 421 2196 N.
447 2155 518 2198 85.
591 2155 718 2197 Nulla
766 2155 876 2197 circa
923 2155 998 2197 has
1047 2156 1215 2209 regulas
1263 2156 1528 2199 observanda
1574 2156 1799 2206 habemus,
1853 2169 1961 2209 cum,

233 2242 342 2282 quae
382 2230 435 2271 ad
482 2230 708 2272 triennium
749 2230 813 2272 vel
861 2230 1075 2272 biennium
1123 2234 1338 2285 spectant,
1386 2244 1580 2285 quaeque
1623 2232 1675 2273 ad
1724 2231 1961 2273 doctrinam

234 2305 473 2347 Aristotelis
495 2306 722 2359 pertinent,
756 2311 845 2348 tum
868 2307 907 2348 in
942 2307 1217 2361 praefatione,
1251 2312 1340 2349 tum
1374 2308 1427 2349 ad
1451 2321 1487 2350 n.
1517 2309 1566 2350 13
1601 2307 1958 2350 adnotaverimus.

394 2604 656 2672 Regulae
703 2606 1000 2656 Praefecti
1047 2609 1393 2656 scholarum
1438 2608 1801 2656 inferiorum.

375 2744 424 2785 N.
458 2745 532 2789 86.
603 2746 674 2787 Ad
723 2760 809 2800 reg
841 2747 878 2786 3.
953 2747 1199 2789 Immutatio
1242 2747 1335 2789 ideo
1378 2747 1510 2797 facta,
1558 2746 1658 2799 quia
1705 2745 1960 2798 quandoque

237 2819 434 2862 decenter
455 2824 497 2861 et
528 2833 656 2874 prosa
688 2821 829 2874 aliqua
861 2821 973 2874 affigi
1007 2826 1166 2875 potest:
1202 2837 1236 2863 v.
1262 2835 1299 2875 g.
1335 2837 1358 2864 a
1393 2822 1607 2876 discipulis
1632 2821 1959 2869 Grammaticae,

236 2895 318 2937 imo
351 2895 478 2937 etiam
510 2895 760 2938 Rhetoricae
793 2910 868 2939 ceu
902 2897 1137 2939 Orationes.

376 2976 424 3017 N.
450 2976 517 3019 87.
588 2977 658 3019 Ad
699 2990 794 3030 reg.
822 2979 844 3015 8
888 2979 976 3032 §A
1045 2981 1094 3019 19
1128 2979 1378 3020 Imnlutatio
1419 2979 1529 3019 facta
1574 2991 1622 3018 ex
1664 2990 1748 3030 reg.
1785 2978 1836 3019 23
1880 2978 1903 3032 ξ
1939 2980 1954 3019 1

237 3051 360 3092 Prov.
407 3075 456 3079 —-
499 3052 550 3093 29
585 3052 856 3105 Expungitur
903 3052 1051 3094 divisio
1092 3053 1405 3095 Grammaticae
1449 3052 1534 3099 hic,
1583 3052 1681 3104 quia
1723 3051 1877 3093 clarius
1919 3055 1960 3093 et

240 3126 379 3178 aptius
413 3126 511 3179 poni
543 3130 684 3180 potest
717 3127 756 3167 in
791 3127 965 3179 singulis
998 3127 1150 3169 scholis
1184 3128 1498 3180 grammaticae.
