2164 3535
262 233 346 274 484
525 231 735 266 Beibericht
761 231 825 266 der
851 231 1284 267 Studien-Kommissare
1311 244 1375 268 zur
1400 233 1442 269 R.
1471 238 1512 269 st.
1540 244 1607 269 von
1638 238 1734 271 1832.

366 523 629 590 Regulae
677 523 1044 573 Professoris
1091 524 1492 574 scholasticae
1537 526 1898 593 theologiae.

397 663 447 704 N.
473 664 534 707 7l.
596 663 664 705 Ad
697 663 917 705 titulum.
982 663 1138 706 Omnes
1170 665 1498 718 expungendum
1531 678 1732 708 censuere
1765 667 1808 706 τὺ
1852 665 1997 708 scho-

259 738 501 793 lasticae,
548 741 595 780 19
630 739 731 792 quia
772 738 1046 794 invidiosum,
1087 738 1121 780 si
1163 739 1379 792 theologia
1411 740 1612 794 primario
1646 741 1902 784 scholastica
1935 741 1995 783 di-

259 818 393 856 catur.
458 816 510 861 29
546 814 653 866 Quia
686 827 751 856 res
784 815 1005 856 retinetur.
1068 816 1121 857 39
1156 815 1263 866 Quia
1294 819 1473 869 praeter
1496 816 1754 870 theologiam
1777 816 1996 860 scholasti-

261 903 352 933 cam
395 894 438 933 et
478 889 715 943 theologiae
757 890 963 943 positivae
1005 890 1113 932 ratio
1155 890 1352 933 habenda
1401 895 1466 934 est
1512 892 1670 934 nostris
1718 892 1995 946 temporibus.

259 968 312 1008 49
354 966 546 1020 Denique
600 966 722 1021 quia,
779 966 1137 1019 quemadmodum
1199 966 1382 1008 habetur
1428 966 1652 1009 Professor
1699 967 1996 1021 Philosophiae

259 1041 586 1098 simpliciter,
628 1042 707 1084 etsi
748 1041 856 1083 alius
897 1041 973 1097 sit,
1015 1042 1087 1095 qui
1127 1042 1349 1084 Professor
1382 1042 1749 1096 Philosophiae
1788 1042 1997 1085 moralis

259 1117 439 1170 dicatur,
473 1119 533 1160 ita
564 1121 608 1159 et
638 1118 679 1160 in
711 1117 925 1171 theologia
955 1116 1045 1160 fieri
1078 1120 1232 1171 potest.

398 1207 446 1248 N.
472 1207 539 1250 72.
591 1205 666 1247 Ad
698 1218 796 1258 reg.
823 1207 860 1247 2.
920 1208 968 1248 19
1005 1205 1256 1247 Dubitatum
1291 1206 1385 1257 fuit,
1424 1209 1566 1247 utrum
1599 1206 1646 1247 τὸ
1679 1205 1998 1248 scholastica

259 1281 484 1324 delendum
523 1285 635 1324 esset
678 1283 854 1335 propter
892 1281 1078 1323 rationes
1112 1280 1284 1335 allatas;
1329 1281 1402 1323 sed
1438 1280 1706 1323 retinendum
1738 1282 1994 1337 censuimus,

258 1358 359 1411 quia
398 1357 463 1400 hic
504 1357 673 1399 videtur
714 1357 781 1409 agi
821 1356 871 1398 de
915 1356 1144 1409 Theologia
1186 1356 1462 1413 scholastica7
1507 1360 1719 1411 quatenus
1769 1358 1998 1411 opponitur

258 1434 479 1487 positivae,
512 1434 553 1475 in
587 1445 671 1486 qua
703 1432 823 1486 sequi
856 1432 1058 1474 debemus
1093 1432 1191 1485 »qui
1225 1445 1296 1475 eas
1321 1432 1547 1475 facultates
1573 1433 1707 1486 magis
1730 1446 1779 1475 ex
1802 1434 1992 1486 professo

256 1512 599 1563 tractaverunt«,
642 1521 727 1561 reg.
754 1510 802 1559 3,
846 1508 945 1549 dum
988 1508 1027 1549 in
1063 1507 1291 1561 Theologia
1333 1509 1502 1562 proprie
1545 1508 1800 1551 scholastica
1840 1510 1994 1552 sectari

258 1584 460 1627 debemus
504 1584 542 1626 S.
578 1584 795 1626 Thomam.
867 1586 918 1626 29
962 1583 1299 1637 Expungendum
1343 1584 1520 1638 cupiunt
1562 1586 1607 1625 τὸ
1656 1589 1860 1627 omnino
1906 1585 1991 1627 PP.

257 1660 461 1714 Deputati
494 1660 691 1713 Anghae,
726 1659 910 1713 Galliae,
944 1659 1109 1701 Siciliae
1143 1663 1185 1701 et
1217 1659 1488 1714 Germaniae,
1521 1661 1635 1713 quia,
1667 1664 1878 1714 expuncto
1913 1660 1992 1702 hoc

257 1736 477 1791 vocabulo,
512 1737 659 1789 regula
692 1736 841 1778 melius
875 1736 1096 1789 procedat;
1138 1748 1232 1777 cuni
1266 1735 1375 1778 enim
1411 1736 1504 1777 dein
1539 1735 1727 1789 dicatur,
1761 1749 1837 1778 nos
1869 1748 1994 1790 posse

258 1811 562 1864 quandoque
605 1811 802 1853 recedere
842 1824 866 1853 a
906 1811 1099 1853 doctrina
1139 1810 1178 1852 S.
1214 1811 1421 1861 Thomae,
1476 1811 1667 1854 videmur
1709 1824 1791 1853 non
1838 1811 1991 1853 debere

259 1888 454 1929 omnino
497 1887 628 1940 sequi.
703 1887 862 1928 Contra
900 1886 985 1928 PP.
1022 1887 1226 1939 Deputati
1266 1886 1496 1940 Hispaniae
1539 1890 1581 1928 et
1622 1887 1772 1928 Italiae
1817 1887 1988 1939 (absens

258 1967 351 2006 erat
382 1976 430 2006 eo
465 1963 531 2005 die
564 1963 607 2004 P.
640 1963 883 2016 Deputatus
916 1961 1120 2013 Galiciae)
1154 1961 1423 2004 retinendum
1455 1966 1677 2015 putarunt,
1709 1963 1810 2016 quia
1843 1962 1990 2015 regula

260 2040 381 2092 quasi
414 2042 700 2094 evanesceret,
733 2051 827 2080 cuin
861 2050 1010 2080 sensus
1043 2041 1169 2090 esset,
1202 2037 1263 2079 ita
1294 2050 1370 2079 nos
1404 2037 1525 2091 sequi
1558 2037 1735 2089 debere.
1768 2041 1817 2079 ut
1850 2040 1990 2080 tamen

259 2115 384 2157 liceat
418 2115 638 2158 recedere:
672 2114 753 2156 imo
787 2114 886 2167 quia
922 2115 967 2153 τι)
1001 2114 1202 2155 omnino
1236 2113 1383 2155 referri
1416 2116 1558 2167 potest
1591 2113 1644 2155 ad
1676 2114 1867 2168 nostri,
1907 2126 1990 2155 non

258 2203 357 2233 vero
391 2190 444 2232 ad
476 2190 609 2244 sequi.

398 2267 448 2308 N.
473 2268 541 2311 73.
601 2266 671 2308 Ad
702 2278 799 2319 reg.
824 2266 862 2307 3.
927 2265 1174 2308 hnmutatio
1218 2266 1331 2308 facta
1370 2270 1455 2319 est,
1498 2266 1620 2319 quia.
1662 2277 1754 2307 cum
1799 2265 1991 2319 piissima

261 2343 399 2397 opinio
450 2342 638 2384 fidelium
690 2341 740 2383 de
791 2341 1065 2382 immaculata
1117 2341 1388 2395 conceptione
1436 2341 1483 2382 B.
1518 2341 1679 2383 Mariae
1729 2339 1854 2382 hodie
1901 2344 1988 2382 tam

258 2418 497 2461 illustribus
531 2430 793 2460 summorum
826 2416 1077 2459 Pontificum
1109 2416 1303 2460 Decretis
1337 2420 1488 2459 ornata
1519 2417 1588 2471 sit,
1620 2419 1669 2458 ut
1700 2415 1789 2458 sine
1822 2415 1989 2458 temeri-

260 2495 361 2537 tatis
405 2498 507 2537 nota
552 2493 764 2536 contraria
806 2492 945 2546 opinio
985 2491 1153 2534 admitti
1192 2505 1274 2534 non
1317 2495 1484 2547 posset,
1528 2491 1709 2546 supponi
1747 2503 1830 2532 non
1863 2490 1990 2533 debet

259 2571 362 2613 haec
394 2570 533 2624 opinio
567 2582 659 2612 esse
691 2567 919 2622 aliquando
952 2567 1227 2610 immutanda.

397 2646 447 2687 N.
472 2646 539 2689 74.
599 2644 671 2686 Ad
703 2655 802 2696 reg.
828 2646 865 2684 5.
928 2643 1222 2697 Expungenda
1253 2646 1408 2697 putant
1446 2642 1548 2684 haec
1581 2642 1710 2684 verba
1742 2641 1822 2683 PP.
1848 2642 1989 2695 Depu—

259 2721 339 2763 tati
361 2720 551 2775 Angliae‚
586 2719 762 2773 Galliae,
796 2718 962 2761 Siciliae
995 2720 1037 2760 et
1059 2718 1221 2771 Italiae,
1254 2721 1403 2772 utpote
1436 2730 1545 2771 quae
1568 2717 1653 2760 sint
1674 2717 1855 2771 inutilia,
1888 2729 1983 2759 cum

261 2796 300 2838 S.
336 2795 518 2837 Thomas
560 2795 599 2836 in
642 2794 794 2837 scholis
837 2807 919 2836 non
962 2793 1140 2846 legatur.
1215 2792 1377 2835 Eadem
1419 2792 1639 2834 retinenda
1687 2794 1859 2834 censent
1899 2791 1984 2833 PP.

260 2871 464 2925 Deputati
486 2870 717 2924 Hispaniae
749 2873 792 2912 et
813 2869 1067 2912 Germaniae
1100 2868 1270 2922 (absens
1303 2872 1396 2911 erat
1428 2868 1472 2909 Ρ.
1498 2867 1740 2920 Deputatus
1764 2866 1983 2923 Galiciae),

260 2950 308 2988 ut
340 2947 395 2988 sit
426 2946 569 3000 aliqua
595 2946 898 2998 consequentia
929 2957 1023 2987 cum
1057 2956 1142 2997 reg.
1168 2946 1205 2985 2.

398 3028 447 3070 Ν.
472 3029 540 3072 75.
601 3027 671 3069 Ad
710 3039 807 3079 reg.
844 3029 880 3068 7.
944 3026 1085 3068 Primo
1127 3026 1168 3067 in
1212 3025 1414 3067 divisione
1463 3027 1726 3067 tractatuum
1767 3035 1844 3077 pro
1885 3035 1987 3076 qua-

261 3104 449 3145 driennio
481 3103 641 3145 nullam
672 3102 847 3145 fecimus
880 3102 1135 3144 mentionem
1158 3101 1209 3143 de
1233 3113 1408 3142 numero
1431 3100 1739 3155 Professorum,
1770 3100 1860 3140 tum
1887 3098 1986 3152 quia

260 3179 471 3221 ordinarie
504 3178 586 3219 duo
620 3190 712 3221 esse
745 3177 900 3221 debent
929 3191 977 3220 ex
1000 3190 1085 3231 reg.
1106 3178 1129 3218 9
1164 3176 1187 3230 ξ
1213 3178 1228 3217 1
1268 3175 1406 3231 Prov.,
1441 3178 1532 3218 tum
1555 3174 1655 3229 quia
1680 3172 1985 3228 qualiscunque
