2164 3535
633 223 935 258 Oberrheinische
961 222 1265 257 Klassenbt'icher.
1759 222 1811 263 43

234 364 452 420 Appendix
486 365 523 406 3.
586 364 760 406 Aetates
792 363 1028 414 hominum,
1063 364 1087 404 5
1119 374 1291 415 sensus,
1323 363 1347 402 4
1379 361 1529 414 plagae
1561 360 1705 402 mundi
1736 363 1813 402 etc.

96 440 396 484 Calendarium
427 439 682 493 Romanum,
715 452 754 492 p.
779 439 1017 481 286—289.
1078 495 1081 499 1

237 528 275 568 2.
307 526 431 568 Pars
465 524 697 567 Secunda
729 525 1023 577 (gymnastica)
1054 537 1092 578 p.
1117 526 1355 566 291—496.

239 611 454 665 Epistolae
485 611 669 654 selectae
699 624 738 664 p.
765 611 1003 653 291—369.

234 699 332 742 Loci
364 698 615 741 illustriores
647 711 696 740 ex
732 697 944 753 Cicerone,
978 697 1138 753 Curtio,
1171 698 1275 747 aliis,
1308 711 1347 751 p.
1368 697 1607 739 370—426.

239 786 436 829 Carmina
475 785 658 839 elegiaca
700 785 856 827 selecta
897 797 945 827 ex
978 784 1124 826 Ovidio
1167 785 1261 836 (mit
1303 784 1494 837 vorherg.
1529 783 1705 825 Theorie
1745 782 1820 824 der

100 862 276 915 Elegie),
308 874 347 915 p.
371 861 610 902 427—473.
674 859 855 901 Heroica
886 859 1041 901 selecta
1073 872 1121 901 ex
1154 859 1317 913 Ovidio,
1351 872 1387 911 p.
1412 860 1650 900 473-496.

238 949 275 989 3.
310 947 336 989 J
346 946 488 989 acobi
528 946 760 989 Gretseri
798 946 838 989 S.
872 947 910 989 J.
945 947 1048 989 Inst.
1081 947 1271 999 Linguae
1311 945 1498 988 Graecae
1537 946 1640 987 Pars
1678 944 1821 986 Tertia

104 1024 155 1066 de
176 1023 327 1065 Verbis
349 1022 567 1065 Anomalis
590 1025 632 1064 et
654 1022 842 1078 Syntaxi,
875 1036 912 1075 p.
941 1023 1098 1071 1—683
1133 1021 1243 1063 dann
1266 1021 1645 1074 Progymnasmata
1666 1020 1821 1062 selecta

102 1111 151 1140 ex
173 1097 378 1140 Hieroclis
400 1097 670 1139 Alexandrini
698 1097 858 1140 facetiis
888 1102 931 1139 et
959 1098 1175 1150 castigatis
1198 1097 1352 1150 Aesopi
1373 1095 1541 1151 fabulis,
1574 1109 1612 1149 p.
1638 1095 1818 1137 68—80.

237 1187 275 1226 4.
311 1185 465 1228 Canisii
498 1184 665 1228 Catech.
699 1185 868 1228 Mannh.
906 1187 1030 1240 1752,
1062 1185 1251 1240 Pierron,
1283 1197 1351 1238 pp.
1377 1184 1442 1225 24.

217 1522 270 1565 D.
330 1523 644 1577 Wirzburger
686 1520 1156 1574 (Oberrheinisches)
1201 1518 1480 1564 Schulhuch
1523 1519 1603 1562 fiir
1645 1519 1724 1562 die

620 1596 1115 1640 Humanitatsklasse.
1179 1595 1299 1637 1735.

241 1700 630 1743 *Institutiones
666 1702 671 1751 1
703 1700 1053 1742 Humanitatis
1087 1702 1093 1752 1
1128 1699 1321 1741 Graeco
1360 1698 1576 1740 Latinae
1609 1700 1614 1748 1
1648 1698 1711 1739 De
1752 1696 1825 1749 iisl

104 1775 220 1826 Quae
260 1778 350 1816 tum
392 1775 445 1816 ad
483 1775 736 1817 Tirocinium
776 1774 1066 1829 Eloquenjtiae
1108 1775 1149 1816 in
1197 1773 1547 1825 Narrationibus,
1587 1772 1744 1826 Chriis,
1785 1774 1827 1813 et

102 1850 363 1905 Elocultione
404 1849 619 1901 Oratoria,
663 1854 752 1892 tum
793 1850 845 1891 ad
884 1851 1032 1892 Poesin
1065 1850 1289 1892 Heroicam
1317 1852 1321 1901 1
1350 1852 1392 1891 et
1423 1848 1825 1902 Epigrammaticam

104 1926 328 1979 pertinent.
358 1928 363 1977 1
392 1925 497 1967 Cum
531 1925 853 1968 Constructione
887 1925 1098 1968 Orationis
1132 1925 1320 1968 Graecae
1348 1928 1352 1976 1
1380 1925 1428 1966 In
1461 1924 1709 1966 Faciliorem
1741 1923 1827 1964 Me-

103 2000 278 2043 thodum
307 2004 312 2053 1
339 2001 396 2042 Et
418 2000 618 2043 Ordinem
648 2001 873 2057 Redactae,
901 2003 906 2052 1
934 2000 1041 2042 Hinc
1072 2000 1175 2042 Inde
1210 2002 1369 2042 Auctae
1397 2002 1401 2051 1
1430 1999 1655 2052 Variisque
1686 1999 1826 2040 Anno-

104 2075 336 2118 tationibus
372 2079 376 2128 1
411 2076 671 2131 Illustratae,
699 2078 703 2127 1
733 2075 838 2118 Cum
880 2075 1225 2118 Institutionibus
1268 2063 1479 2117 Historico
1515 2099 1564 2104 -—
1599 2073 1826 2116 Chronolo-

105 2151 205 2204 gicis
234 2154 238 2202 1
266 2151 347 2192 Pro
369 2151 461 2193 Usu
493 2156 536 2194 et
563 2151 773 2194 Exercitio
796 2152 1070 2195 Academicae
1092 2152 1329 2194 Iuventutis
1356 2150 1359 2206 1
1388 2152 1427 2193 in
1452 2151 1633 2193 Poetica.
1659 2149 1662 2205 1
1694 2149 1798 2192 IHS
1820 2149 1823 2204 1

105 2225 208 2268 Cum
240 2226 379 2268 Privil.
404 2226 446 2269 C.
465 2227 706 2280 Regiaeque
730 2227 891 2269 Cathol.
917 2227 1013 2281 Maj.
1039 2228 1106 2269 Et.
1131 2228 1227 2269 Fac.
1254 2226 1353 2280 Sup.
1375 2225 1653 2277 Wirceburgi,
1677 2225 1826 2278 Sump-

105 2300 217 2343 tibus
250 2301 396 2343 Almae
427 2301 549 2343 Univ.
584 2301 737 2354 Juliae,
772 2302 892 2344 Anno
924 2302 1253 2353 MDCCXXXV,
1286 2302 1412 2355 Typis
1444 2301 1499 2343 M.
1532 2301 1685 2342 Anton.
1716 2300 1828 2351 Eng-

105 2388 245 2427 mann,
277 2376 400 2419 Univ.
434 2377 632 2431 Typogr.,
665 2378 724 2419 80.
762 2402 811 2407 —
846 2378 932 2419 Das
966 2377 1207 2419 Schulbuch
1239 2376 1423 2418 enthalt:

244 2465 279 2504 1.
319 2462 374 2504 Μ.
406 2463 451 2504 Τ.
482 2463 692 2506 Ciceronis
726 2463 777 2505 de
809 2463 886 2505 Off.
920 2463 989 2507 lib.
1017 2466 1051 2504 1.
1086 2466 1140 2516 (p.
1170 2464 1373 2515 1—118);
1417 2462 1533 2504 Orat.
1567 2474 1642 2515 pro
1673 2461 1827 2503 Archia

105 2539 160 2591 (p.
188 2539 449 2589 119—142);
478 2551 554 2591 pro
576 2538 620 2579 P.
649 2538 843 2588 Quinctio
876 2540 975 2591 (neu
997 2538 1206 2591 paginiert
1232 2537 1409 2589 1—56);
1441 2549 1517 2591 pro
1539 2536 1631 2588 lege
1652 2535 1826 2578 Manilia

106 2614 160 2666 (p.
186 2613 425 2665 57—107);
458 2613 498 2654 in
533 2612 757 2655 Catilinam
792 2615 810 2654 1
848 2615 890 2655 et
922 2614 945 2654 2
979 2615 1034 2666 (p.
1062 2612 1315 2663 108—1587).

243 2700 280 2742 2.
314 2699 603 2741 Emmanuelis
631 2702 636 2751 1
664 2699 807 2742 Alvari
836 2703 840 2751 1
868 2713 901 2742 e.
936 2699 976 2741 S.
1002 2700 1039 2742 J.
1071 2702 1075 2751 1
1103 2699 1231 2742 Liber
1262 2699 1413 2742 Sextus
1442 2702 1446 2751 1
1475 2699 1526 2741 de
1557 2698 1825 2753 Syllabarum

106 2773 375 2816 Dimensione
403 2777 407 2827 1
435 2775 476 2816 in
509 2778 601 2817 octo
634 2775 825 2829 partibus
850 2775 1062 2817 Orationis
1086 2775 1263 2828 Ligatae
1290 2778 1295 2827 1
1323 2775 1404 2816 Pro
1427 2775 1519 2817 Usu
1551 2777 1593 2816 et
1616 2774 1826 2816 Exercitio

106 2848 380 2891 Academicae
423 2850 661 2892 Iuventutis
690 2850 732 2891 in
755 2850 887 2892 Poesi.
939 2850 1044 2892 Cum
1065 2850 1195 2891 Privil
1218 2882 1226 2890 .
1253 2883 1260 2890 .
1286 2882 1294 2890 .
1320 2849 1488 2892 Wirceb
1512 2881 1519 2889 .
1545 2881 1553 2890 .
1579 2882 1586 2889 .
1615 2857 1657 2893 ut
1677 2868 1824 2904 supra..

107 2936 175 2976 pp.
202 2925 267 2965 78.

245 3000 282 3041 3.
315 2999 360 3040 P.
390 3002 394 3050 1
429 2999 595 3053 Virgilii
627 3003 632 3052 1
666 2999 771 3041 Mar.
802 3003 806 3051 1
836 2999 1043 3042 Aeneidos
1071 3002 1074 3052 1
1104 3000 1149 3041 L.
1180 3000 1226 3055 3,
1259 3001 1283 3041 5
1317 3003 1360 3041 et
1391 3001 1428 3041 6.
1497 3000 1578 3042 Pro
1617 3013 1697 3042 usu
1731 3034 1738 3043 .
1773 3031 1780 3039 .

109 3086 178 3128 pp.
204 3075 296 3115 199.

245 3151 283 3192 4.
317 3149 370 3192 Μ.
406 3150 562 3192 Valerii
596 3153 600 3203 1
635 3150 842 3192 Martialis
878 3153 882 3202 1
917 3149 1237 3207 Epigrammata
1264 3153 1268 3204 1
1297 3150 1528 3193 Selectiora
1554 3152 1558 3203 1
1587 3149 1826 3194 Secundum
