2164 3535
250 206 332 248 322
599 205 766 239 Statuten
793 204 855 238 des
882 204 1018 238 Kolner
1045 204 1388 239 Clericalseminars.
1439 206 1507 240 Um
1536 208 1634 242 1615.

249 345 431 388 mediam
463 345 611 387 horam
644 345 818 386 meridie
845 347 1052 386 concentu
1075 345 1250 397 musico,
1286 346 1450 398 vesperi
1473 346 1631 388 chorali
1655 360 1700 389 se
1723 348 1980 390 exercebunt

251 434 312 475 ac,
345 433 440 462 cum
474 420 785 474 aliquantulum
818 419 1086 473 profecerint„
1121 421 1287 473 quoties
1321 422 1484 463 occasio
1508 426 1586 473 est,
1618 423 1658 464 in
1684 423 1811 464 choro
1834 424 1982 477 templi

251 495 474 538 Societatis
507 500 672 549 canent,
705 500 753 536 ut
783 494 1059 548 perficiantur
1091 498 1134 536 et
1155 495 1400 548 assuefiant,
1436 496 1681 550 disciplinae
1703 501 1845 540 tamen
1869 510 1978 539 com-

251 571 389 612 munis
431 583 559 612 causa
600 571 653 612 ad
692 571 774 612 alia
815 571 908 612 loca
947 573 1166 611 cantatum
1199 583 1279 612 non
1315 571 1449 613 ibunt.
1514 572 1674 614 Eodem
1709 573 1981 615 recreationis

250 650 440 700 tempore
474 646 682 688 cavebunt
716 646 971 689 clamoribus
1003 647 1243 698 inconditis,
1279 648 1466 689 moribus
1499 649 1638 690 minus
1663 648 1909 691 decentibus
1941 651 1984 690 et

252 721 549 764 Ecclesiastico
583 721 766 775 indignis
800 722 883 775 uti,
916 724 959 764 et
990 722 1112 777 rixis,
1146 723 1261 764 lucta
1292 727 1366 765 aut
1398 726 1515 765 tactu
1548 726 1697 766 mutuo
1732 724 1981 777 Superiores

250 797 314 838 vel
348 809 392 838 se
424 798 571 838 mutuo
606 796 828 839 offendere.

388 883 523 925 XVII.
572 883 656 925 Ubi
689 883 832 936 aliqua
864 883 917 924 ob
949 895 1096 925 eorum
1129 887 1272 925 errata
1303 882 1432 925 fuerit
1459 884 1509 937 ijs
1533 884 1722 937 irrogata
1743 898 1892 938 poena,
1926 898 1978 927 ne

249 958 334 1000 sint
364 959 405 1000 in
438 958 658 1000 subeundo
693 957 882 1000 difficiles
915 962 958 1000 et
988 958 1129 1011 potius
1161 971 1299 1000 mores
1333 970 1433 1000 suos
1459 959 1695 1011 corrigendi
1719 960 1980 1002 desiderium

249 1045 351 1086 prae
383 1046 428 1075 se
459 1032 610 1075 ferant.

387 1120 543 1163 XVIII.
593 1121 798 1171 Alumnis,
831 1121 985 1174 quibus
1017 1124 1115 1174 post
1147 1120 1344 1162 absoluta
1375 1120 1518 1162 studia
1551 1121 1601 1162 de
1623 1122 1825 1175 parochia
1847 1123 1980 1165 semel

249 1195 465 1248 provisum
508 1199 593 1249 est,
635 1208 716 1238 non
760 1196 884 1238 liceat
926 1197 1015 1238 sine
1056 1196 1229 1249 speciali
1268 1196 1390 1237 venia
1430 1195 1708 1250 Superiorum
1749 1197 1802 1239 ad
1847 1197 1979 1239 Semi-

248 1271 413 1312 narium
447 1271 595 1313 redire.

394 1358 506 1401 XIX.
542 1359 721 1400 Demum
744 1359 778 1399 si
802 1358 1031 1411 aliquando
1055 1359 1107 1400 ad
1137 1360 1353 1402 meliorem
1376 1360 1592 1402 fortunam
1615 1360 1869 1416 pervenerit,
1899 1374 1981 1414 quo

249 1447 327 1487 par
359 1437 423 1476 est
454 1434 564 1486 grati
598 1434 724 1475 animi
757 1433 909 1476 affectu
943 1435 983 1475 in
1008 1435 1094 1475 vita
1118 1434 1398 1477 Seminarium
1422 1440 1738 1489 prosequantur
1760 1439 1803 1477 et
1832 1436 1983 1477 ultima

249 1509 456 1550 bonorum
489 1508 763 1562 dispositione
794 1509 1014 1551 habebunt
1047 1510 1126 1551 sibi
1157 1511 1364 1564 imprimis
1399 1511 1753 1553 commendatum.

888 1915 1014 1959 Ordo
1047 1916 1340 1960 domesticus
1383 1971 1386 1974 y

631 1996 947 2049 (Seminarii
987 1996 1164 2038 cleric.
1208 1996 1588 2049 Coloniensis.)

390 2110 528 2153 Medio
571 2111 743 2164 quintae
785 2111 955 2153 excitati
995 2115 1173 2163 surgent
1210 2111 1322 2152 intra
1354 2111 1536 2164 primum
1569 2112 1875 2164 quadrantem,
1920 2124 1983 2154 se-

252 2185 388 2227 cundo
422 2185 660 2239 quadrante
694 2186 846 2228 lectum
881 2186 1078 2228 decenter
1109 2191 1362 2240 component
1394 2191 1436 2229 et
1468 2201 1512 2230 se
1543 2187 1761 2230 lavabunt.

390 2272 507 2314 Hora
539 2273 689 2325 quinta
720 2273 914 2316 orabunt.

390 2359 501 2401 Dato
546 2360 599 2401 ad
636 2361 900 2413 „ientaculum
943 2362 1062 2414 signo
1095 2366 1215 2404 extra
1249 2363 1336 2405 dies
1369 2375 1514 2404 sacros
1547 2366 1590 2403 et
1616 2361 1874 2415 Jejuniorum
1908 2361 1979 2414 qui

252 2434 400 2476 volunt
444 2435 665 2489 accedent,
708 2436 980 2489 prandebunt
1017 2437 1255 2490 quadrante
1297 2442 1394 2491 post
1427 2438 1630 2479 decimam
1664 2440 1706 2477 et
1738 2437 1978 2478 coenabunt

253 2509 490 2561 quadrante
522 2515 619 2563 post
651 2514 826 2552 sextam.

391 2597 425 2637 A
457 2597 633 2649 prandio
667 2611 801 2651 usque
833 2599 885 2640 ad
919 2582 1224 2655 duodessimam7
1257 2602 1298 2641 et
1331 2612 1353 2640 a
1386 2612 1516 2641 coena
1549 2611 1683 2652 usque
1706 2598 1759 2639 ad
1783 2601 1975 2639 octavam

251 2670 428 2713 honeste
460 2684 505 2714 se
536 2673 791 2714 recreabunt
823 2676 864 2715 et
896 2677 1059 2715 canent.

392 2759 455 2799 Ab
496 2760 686 2801 oratione
725 2761 936 2802 matutina
967 2773 1102 2813 usque
1135 2761 1186 2802 ad
1213 2761 1477 2813 ‚ientaculum
1512 2772 1558 2800 ac
1592 2758 1842 2800 Scholarum
1875 2762 1977 2800 tem-

252 2846 346 2887 pus,
379 2836 421 2875 et
453 2846 476 2874 a
506 2833 669 2876 Scholis
702 2847 837 2888 usque
870 2835 922 2876 ad
956 2848 1124 2877 mensae
1156 2840 1338 2889 tempus,
1369 2836 1468 2876 item
1503 2847 1527 2875 a
1560 2833 1809 2875 duodecima
1841 2846 1976 2887 usque

253 2908 305 2949 ad
337 2911 504 2961 tempus
528 2908 718 2961 Scholae,
752 2923 775 2950 a
808 2910 970 2951 Scholis
993 2914 1088 2963 post
1111 2910 1356 2951 exercitium
1379 2910 1537 2950 factum
1562 2920 1697 2960 usqne
1720 2908 1773 2948 ad
1803 2921 1974 2950 coenam

252 2983 405 3035 studiis
448 2983 670 3025 vacabuntv
746 2985 862 3026 Hora
911 2988 1060 3026 octava
1104 2985 1293 3026 Litanias
1345 2984 1529 3025 omnium
1574 2983 1827 3024 Sanctorum
1874 2983 1975 3024 reci-

251 3058 417 3109 tabunt,
450 3059 584 3111 primo
617 3058 853 3111 quadrante
876 3060 1177 3101 examinabunt
1198 3059 1511 3112 conscientiam,
1544 3058 1680 3099 medio
1704 3070 1839 3099 nonae
1861 3058 1973 3099 cubi-

251 3135 341 3173 tum
375 3133 563 3174 modeste
596 3133 825 3174 concedent
