2164 3535
603 230 892 266 Oberdeutscher
915 230 966 264 Le
972 229 1190 273 ktionsplan.
1243 229 1345 264 1736.
1777 231 1829 272 35

416 512 459 557 3.
516 508 687 556 Libri
726 507 1048 573 Supremae
1088 507 1537 556 Grammaticae.

252 624 484 677 Praecepta
526 626 726 677 suggeret
766 623 810 665 P.
845 623 1096 666 Emmanuel
1136 624 1317 666 Alvarus
1350 623 1739 666 Grammaticarum
1771 622 1837 664 In-

118 699 387 741 stitutionum
420 698 526 739 libro
550 698 591 739 II
624 698 863 740 continente
886 698 1088 752 Syntaxin
1122 699 1364 741 universam
1387 712 1481 741 cum
1504 700 1710 753 Figurata
1733 697 1838 740 Con-

114 773 366 827 structione,
408 776 451 814 et
480 773 587 814 libro
619 772 703 827 III,
746 773 819 825 qui
850 775 914 814 est
945 773 996 814 de
1027 773 1285 827 syllabarum
1320 774 1588 817 dimensione.
1639 774 1757 828 (Reg.
1783 773 1835 815 23

114 848 235 890 Prov.
270 849 370 901 Reg.
396 849 420 890 8
453 848 588 890 Praef.
624 847 734 889 stud.
768 848 839 889 inf.
873 849 943 902 §2
976 848 1076 901 Reg.
1104 851 1123 890 1
1160 849 1282 902 Supr.
1317 849 1479 902 Gram.)

252 924 315 965 Ex
347 922 608 964 Authoribus
647 922 812 964 solutae
851 922 1053 964 orationis
1095 922 1293 976 explicari
1324 927 1527 976 poterunt
1557 923 1835 976 gravissimae

114 1011 307 1052 quaeque
339 998 551 1040 Ciceronis
592 997 645 1039 ad
677 997 950 1053 Familiares,
984 997 1036 1038 ad
1069 997 1280 1050 Atticum,
1321 998 1373 1040 ad
1417 997 1619 1048 Quintum
1659 999 1835 1041 fratrem

113 1074 337 1127 epistolae,
369 1085 526 1115 necnon
569 1072 678 1114 liber
720 1072 770 1113 de
801 1072 1020 1124 Amicitia,
1053 1072 1104 1114 de
1136 1071 1382 1129 Senectute,
1416 1073 1640 1115 Paradoxa
1678 1079 1720 1116 et
1751 1074 1833 1115 alia

112 1149 366 1202 hujusmodi.
429 1149 547 1201 (Reg.
577 1151 595 1189 1
632 1147 756 1201 Supr.
792 1148 954 1199 Gram.)
1008 1148 1169 1198 Quibus
1202 1152 1343 1190 tamen
1376 1149 1603 1202 praelectio
1636 1149 1838 1203 Progym-

112 1228 353 1267 nasmatum
393 1237 443 1266 ex
483 1223 590 1265 libro
628 1223 670 1265 II
712 1224 787 1265 vel.
813 1224 876 1265 III
920 1223 964 1265 P.
999 1224 1148 1266 Jacobi
1189 1223 1368 1265 Pontani
1406 1224 1714 1277 interponenda
1756 1227 1837 1266 est.

113 1300 194 1355 (Ex
227 1300 325 1343 Ord.
358 1300 480 1342 Prov.
515 1301 585 1353 §8
617 1312 730 1341 num.
756 1301 780 1341 8
813 1303 855 1341 et
888 1299 977 1342 Cat.
1011 1302 1124 1352 ann.)

255 1375 541 1429 Componendi
574 1375 770 1417 carminis
799 1376 1026 1428 praecepta
1051 1374 1210 1428 juverit
1237 1375 1426 1416 mutuari
1448 1387 1496 1416 ex
1519 1375 1623 1417 Arte
1644 1375 1834 1431 Metrica,

113 1450 199 1492 sive
239 1463 288 1492 ex
322 1451 422 1492 Arte
465 1450 779 1492 condendorum
820 1450 1035 1503 eleganter
1073 1451 1337 1505 versuum¹),
1372 1462 1480 1503 quae
1518 1450 1739 1503 tyronibus
1781 1450 1833 1492 ad

112 1525 261 1567 Poesin
312 1526 494 1579 primum
536 1525 812 1568 informandis
853 1526 1069 1579 praeclaro
1112 1525 1274 1579 pridem
1318 1525 1489 1568 consilio
1531 1525 1643 1567 edita
1682 1529 1747 1568 est
1792 1527 1833 1567 in

114 1601 247 1642 lucem
335 1600 527 1653 (Observ.
568 1600 621 1642 ad
665 1600 799 1642 Catal.
837 1601 907 1642 lib.
947 1614 1061 1642 num.
1092 1601 1182 1653 VI.)
1255 1601 1317 1643 Ex
1359 1602 1494 1654 poetis
1536 1613 1634 1643 vero
1678 1601 1835 1643 assumi

113 1679 293 1729 possunt
331 1676 512 1718 selectae
554 1676 722 1729 aliquae
761 1688 808 1717 ac
840 1680 1047 1729 purgatae
1080 1676 1217 1718 Ovidii
1255 1679 1346 1718 tum
1378 1677 1574 1732 Elegiae,
1613 1679 1704 1718 tum
1736 1676 1835 1730 Epi-

113 1751 268 1801 stolae;
303 1751 511 1803 quaedam
552 1751 652 1793 item
697 1751 875 1807 selecta,
908 1753 949 1793 et
988 1754 1171 1805 purgata
1212 1765 1261 1793 ex
1294 1751 1484 1804 Catullo,
1516 1751 1704 1806 Tibullo,
1736 1752 1837 1794 Pro-

113 1826 248 1879 pertio
291 1830 334 1867 et
365 1825 529 1879 Virgilii
562 1826 751 1880 Eclogis,
785 1826 850 1868 vel
888 1826 1015 1868 etiam
1054 1826 1149 1868 libri
1191 1827 1380 1880 ejusdem
1414 1827 1576 1880 Virgilii
1609 1826 1833 1883 faciliores,

113 1906 162 1943 ut
208 1905 387 1955 quartus
439 1900 767 1955 Georgicorum,
809 1901 981 1954 quintus
1029 1904 1072 1943 et
1117 1901 1320 1955 septimus
1363 1901 1583 1944 Aeneidos.
1657 1903 1776 1956 (Reg.
1813 1905 1830 1944 1

115 1977 237 2031 Supr.
263 1976 424 2029 Gram.)
477 1977 583 2019 Usui
615 1980 740 2019 erunt
772 1978 814 2018 et
844 1977 984 2019 Lusus
1012 1976 1236 2029 Allegorici
1258 1976 1304 2018 P.
1327 1976 1441 2018 Petri
1464 1977 1577 2019 Justi
1601 1976 1835 2030 Sautelii2).

115 2052 308 2105 (Observ.
344 2051 397 2093 ad
429 2051 562 2093 Catal.
597 2051 665 2093 lib.
699 2064 812 2093 num.
846 2051 937 2101 VI.)
1236 2057 1240 2060 ·

252 2128 300 2169 In
334 2127 507 2170 Graecis
540 2127 638 2170 huic
670 2126 846 2169 Scholae
878 2127 1174 2169 attribuuntur
1206 2131 1298 2170 octo
1331 2131 1475 2181 partes
1508 2128 1726 2183 orationis,
1759 2141 1832 2170 seu

118 2215 395 2256 quaecunque
416 2203 768 2245 Rudimentorum
790 2203 958 2245 nomine
979 2204 1259 2259 continentur,
1294 2203 1498 2259 dialectis,
1531 2203 1834 2246 difficilioribus

115 2279 427 2332 exceptionibus
470 2281 511 2321 et
543 2278 843 2332 appendicibus
876 2279 1072 2332 exceptis.
1132 2280 1250 2332 (Reg.
1280 2282 1294 2320 1
1336 2279 1458 2333 Supr.
1491 2278 1653 2331 Gram.)
1712 2279 1833 2321 Unde

115 2353 387 2407 explicandus
421 2353 527 2396 liber
554 2355 586 2395 Ι.
635 2355 956 2396 Institutionum
987 2354 1031 2395 P.
1064 2354 1211 2396 Jacobi
1246 2354 1435 2396 Gretseri
1466 2357 1581 2396 totus
1613 2367 1747 2407 usque
1779 2355 1834 2396 ad

116 2427 331 2482 Syntaxin.
402 2429 570 2480 (Ordin.
613 2429 714 2483 Sup.
752 2429 794 2470 in
837 2429 969 2471 Catal.
1004 2432 1126 2482 ann.)
1194 2429 1257 2470 Ex
1298 2429 1560 2489 Authoribus
1601 2430 1838 2483 probantur

116 2503 295 2545 maxime
317 2502 358 2545 S.
384 2503 725 2559 Chrysostomus,
748 2505 956 2559 Aesopus,
980 2505 1195 2557 Agapetus
1219 2507 1260 2546 et
1282 2504 1433 2559 borum
1456 2505 1624 2547 similes.
1670 2506 1788 2559 (Reg.
1815 2509 1832 2548 1

117 2578 242 2633 Supr.
277 2578 438 2632 Gram.)

255 2655 458 2698 Doctrina
489 2667 610 2698 sacra
639 2655 833 2698 tradetur
864 2668 911 2697 ex
945 2654 1208 2698 Catechismo
1241 2668 1371 2709 parvo
1404 2656 1506 2698 Ven.
1539 2657 1584 2698 P.
1615 2656 1730 2699 Petri
1764 2658 1840 2700 Ca—

118 2731 226 2784 nisii,
259 2732 378 2785 cujus
412 2731 552 2773 omnia
575 2731 713 2784 capita
736 2745 811 2785 per
833 2732 929 2772 anni
953 2731 1176 2774 decursum
1207 2732 1548 2786 explicabuntur:
1581 2734 1834 2789 accedetqne

259 2870 285 2912 1)
313 2870 383 2904 Ars
421 2870 572 2904 metrica
610 2869 684 2904 sive
717 2879 775 2904 ars
808 2867 1074 2903 condendorum
1113 2868 1297 2913 eleganter
1335 2881 1501 2905 versuum
1534 2881 1602 2905 von
1635 2869 1673 2905 P.
1700 2870 1838 2907 Lorenz

118 2925 289 2961 Cellieres
317 2927 350 2961 S.
366 2927 400 2961 J.
429 2928 531 2962 Saint
558 2927 817 2971 Didier-Velay
845 2929 942 2971 1630,
973 2929 1072 2971 1645,
1103 2928 1190 2962 1726
1206 2928 1252 2972 (P)
1279 2928 1385 2963 Erste
1404 2929 1574 2972 Ausgabe
1604 2931 1702 2974 1666,
1732 2929 1839 2965 letzte

118 2984 354 3028 Argentorati
383 2986 480 3020 1771.

258 3053 285 3097 2)
312 3053 420 3088 Peter
448 3053 573 3088 Sautel
600 3055 633 3088 S.
660 3054 693 3088 J.
721 3055 890 3097 (Valence
919 3058 1022 3100 1613,
1055 3057 1078 3100 †
1107 3058 1207 3100 1662)
1232 3056 1350 3091 Lusus
1382 3058 1513 3101 poetici
1548 3057 1731 3100 allegorici
1766 3056 1840 3092 sive

119 3110 267 3155 Elegiae
306 3111 530 3146 oblectandis
568 3113 696 3147 animis
736 3118 772 3148 et
802 3113 960 3148 moribus
995 3113 1229 3149 informandis
1262 3115 1514 3150 accomodatae
1547 3114 1715 3158 Lugduni
1754 3118 1839 3150 1656

122 3171 195 3205 120.
222 3181 279 3214 pp.
300 3170 354 3215 71,
379 3169 585 3204 zahlreiche
613 3169 791 3213 Auflagen
818 3171 873 3205 bis
901 3171 936 3204 in
962 3182 1071 3207 unser
1095 3171 1223 3206 Jahrb.

1565 3234 1609 3267 31(-
