2164 3535
234 203 317 243 244
641 200 820 235 Gretser’s
847 200 1042 234 Mecoenas
1070 199 1316 234 studiosorum
1344 210 1555 244 pauperum.

372 339 588 391 Secundo,
631 352 724 381 cum
766 339 889 380 multi
931 352 981 381 ex
1020 339 1262 381 huiusmodi
1302 339 1641 381 adolescentibus
1683 338 1965 391 expectationi

172 418 175 420 ’
233 414 520 468 satisfaciant,
553 426 707 456 causae
746 413 849 455 nihil
892 417 977 465 est,
1021 427 1095 456 cur
1126 414 1268 467 potius
1303 414 1459 468 malae,
1503 427 1631 467 quam
1663 414 1799 455 bonae
1830 412 1965 465 frugis

232 491 400 532 futuros
433 489 702 539 arbitremur,
736 489 987 542 praesertim
1021 502 1114 531 cum
1148 489 1377 541 aequitatis
1410 490 1559 542 regula
1580 501 1656 530 nos
1679 488 1820 542 potius
1845 488 1964 543 bene,

234 577 360 618 quam
403 564 512 605 male
556 576 730 617 sperare
772 564 929 606 iubeat.
994 564 1050 605 Et
1090 564 1162 617 qui
1204 567 1291 605 tam
1324 564 1509 617 pauidus
1542 568 1626 617 est,
1669 567 1714 605 vt
1745 563 1965 604 sinistrum

234 642 432 682 euentum
476 643 696 689 vereatur,
739 639 773 680 is
818 639 1129 693 eleemosynam
1172 651 1294 680 suani
1336 652 1417 680 non
1458 640 1526 680 vni
1559 638 1764 692 applicet,
1807 637 1881 679 sed
1914 637 1968 678 ad

233 714 524 756 fundationem
563 713 826 765 contribuat,
869 727 919 756 ex
961 727 1046 767 qua
1085 714 1228 767 plures
1262 715 1316 756 ali
1351 714 1671 763 consueuerint,
1714 716 1762 754 ut
1792 713 1827 754 si
1861 724 1966 753 vnus

235 789 300 830 vel
339 789 448 830 alter
485 801 602 841 spem
641 788 782 842 fallat,
824 789 952 839 alius,
996 789 1060 830 vel
1093 789 1162 843 alij
1197 802 1314 843 spem
1353 789 1521 842 egregie
1553 788 1813 842 sustineant,
1854 786 1967 839 quod

234 876 402 918 semper
432 864 659 919 contingit,
703 864 771 905 vbi
804 865 948 917 plures
981 877 1028 906 ex
1062 865 1241 917 pecunia
1272 864 1312 906 in
1348 876 1569 906 commune
1602 863 1756 904 collata
1788 861 1970 903 educan-

234 942 319 989 tur,
352 941 397 981 vt
428 939 554 992 paulo
588 942 685 992 post
716 939 852 981 fusius
886 951 1155 992 exponemus.

375 1013 458 1056 Sed
497 1018 596 1056 sunt
629 1014 701 1067 qui
733 1018 886 1068 putent
917 1014 1052 1056 satius
1085 1026 1177 1055 esse
1209 1014 1497 1066 eleemosynas
1530 1013 1698 1066 templis
1730 1012 1970 1054 instauran-

237 1089 301 1131 dis
341 1089 606 1142 ornandisq‚:
650 1089 852 1131 tribuere.
915 1090 972 1130 At
1012 1089 1079 1130 isti
1118 1101 1201 1130 non
1235 1088 1490 1140 aduertunt,
1532 1100 1745 1130 summum
1778 1090 1820 1129 et
1850 1100 1970 1140 prae-

236 1164 517 1206 clarissimum
561 1164 707 1218 templi
756 1169 1053 1205 ornamentum
1101 1177 1193 1206 esse
1235 1163 1498 1205 sacerdotem
1542 1163 1658 1216 pium
1699 1166 1741 1204 et
1782 1162 1968 1213 doctum,

237 1239 349 1292 quod
391 1242 689 1281 ornamentum
728 1252 804 1292 per
842 1239 1154 1293 eleemosynam
1196 1239 1323 1281 istam
1362 1238 1530 1291 templis
1581 1237 1786 1280 conciliat.
1859 1236 1969 1287 Quid

237 1313 348 1354 enim
390 1314 595 1366 templum
638 1314 771 1366 magis
815 1313 1007 1361 decorat,
1056 1313 1317 1366 iinaginesne
1365 1317 1441 1354 aut
1481 1316 1652 1354 statuae
1701 1316 1776 1354 aut
1823 1325 1970 1355 sacrae

238 1392 396 1438 vestes,
440 1401 491 1430 an
534 1388 731 1431 sacerdos
776 1389 968 1431 doctrina
1010 1393 1053 1430 et
1094 1389 1252 1442 pietate
1291 1389 1575 1442 conspicuus?
1643 1387 1761 1439 Quae
1802 1388 1966 1441 lampas

237 1463 370 1516 magis
412 1464 452 1504 in
493 1463 651 1517 templo
693 1464 826 1515 lucet,
868 1477 996 1517 quam
1039 1464 1237 1506 sacerdos
1280 1477 1377 1506 vere
1410 1463 1638 1506 sacerdos?
1701 1463 1818 1514 Quae
1851 1467 1970 1506 sarta

237 1542 363 1593 tecta,
396 1539 468 1591 qui
501 1538 665 1594 calices,
699 1552 808 1592 quae
840 1539 1003 1592 sedilia,
1036 1540 1108 1593 qui
1141 1540 1269 1581 annui
1302 1543 1537 1593 prouentus
1571 1552 1666 1581 cum
1698 1539 1776 1581 hoc
1803 1552 1970 1593 compa-

238 1614 324 1655 rari
364 1613 574 1667 possunt?
637 1614 750 1664 Quos
783 1627 883 1666 ergo
916 1627 1036 1656 amor
1069 1615 1326 1668 templorum
1359 1614 1720 1665 exornandorum,
1762 1627 1970 1656 renouan-

239 1688 404 1738 dorum,
437 1689 503 1730 vel
535 1689 664 1730 etiam
696 1689 1090 1742 locupletandorum
1123 1692 1260 1736 tenet2
1294 1690 1319 1743 ij
1355 1694 1445 1731 tum
1478 1689 1659 1731 maxime
1690 1689 1970 1739 exornabunt,

238 1764 508 1806 renouabunt
539 1767 581 1806 et
602 1764 924 1817 locupletabunt
946 1765 1118 1820 templa,
1151 1765 1185 1807 si
1218 1765 1368 1807 iisdem
1392 1766 1583 1818 egregios
1606 1764 1849 1807 sacerdotes
1874 1764 1972 1806 sub-

238 1839 422 1881 mittant.
486 1838 603 1889 Quae
643 1840 752 1881 enim
795 1839 967 1881 divitiae
1009 1841 1143 1893 magis
1189 1840 1329 1882 ditant
1375 1841 1553 1894 templa,
1598 1853 1725 1893 quam
1773 1839 1970 1881 sacerdos

239 1914 353 1967 pius,
395 1914 604 1969 prudens,
636 1914 826 1965 humilis,
859 1915 1038 1968 pudicus
1072 1920 1114 1957 et
1147 1915 1326 1958 doctus?
1388 1916 1498 1957 Vere
1531 1915 1748 1957 Salomon:
1792 1914 1971 1957 Pretiosi

239 1989 416 2042 spiritus
449 1989 512 2031 vir
543 1989 748 2032 eruditus.

380 2063 497 2106 Idem
530 2077 779 2118 responsum
811 2065 867 2106 sit
898 2065 962 2120 iJ's,
995 2066 1066 2118 qui
1101 2066 1368 2108 arbitrantur
1399 2067 1534 2109 satius
1566 2078 1658 2108 esse
1680 2066 1968 2119 eleemosynas

240 2139 552 2192 Religiosorum
584 2140 807 2194 domicilijs
840 2141 1044 2194 conferre,
1078 2145 1121 2182 vt
1153 2144 1449 2184 sustententur
1480 2146 1524 2184 et
1556 2142 1823 2184 decorentur:
1874 2153 1972 2183 nani

242 2227 267 2256 a
297 2215 514 2267 proposito
548 2227 624 2256 suo
657 2227 739 2256 non
773 2214 1003 2266 aberrabit,
1037 2216 1134 2257 licet
1164 2215 1228 2258 his
1263 2216 1604 2259 adolescentibus
1628 2217 1806 2269 benigne
1828 2217 1960 2259 faciat

243 2289 366 2330 Multi
405 2289 515 2331 enim
555 2302 603 2331 ex
640 2290 722 2332 illis
761 2290 814 2332 ad
853 2291 991 2332 varios
1024 2291 1333 2343 Religiosorum
1378 2292 1595 2333 hominum
1628 2291 1807 2333 Ordines
1840 2296 1974 2333 trans-

244 2368 360 2417 eunt,
392 2376 527 2416 eosq.;
561 2364 755 2406 doctrina
787 2368 829 2407 et
862 2365 972 2407 vitae
1004 2366 1219 2419 probitate
1251 2379 1333 2407 non
1367 2379 1519 2419 parum
1545 2368 1712 2421 ornant,
1745 2370 1787 2409 et
1809 2369 1974 2409 susten-

243 2442 356 2489 tant;
390 2439 509 2481 cuius
541 2451 633 2493 ope,
666 2440 746 2481 nisi
778 2444 853 2482 tua
885 2441 957 2493 qui
991 2453 1114 2494 opem
1147 2440 1316 2483 tulisti?

382 2515 507 2556 Dicat
538 2515 654 2567 quis:
708 2515 850 2557 Etiam
888 2516 1026 2571 pium,
1070 2516 1285 2558 laudabile
1323 2521 1363 2558 et
1407 2517 1594 2558 salutare
1633 2528 1725 2559 esse
1756 2516 1973 2558 liberalem

245 2601 416 2631 manum
449 2589 502 2631 ad
533 2589 814 2641 xenodochia,
855 2591 1117 2645 nosocomia,
1157 2592 1527 2644 gerontotrophia,
1571 2595 1614 2634 et
1653 2592 1736 2633 alia
1768 2591 1809 2632 id
1841 2604 1974 2644 genus

246 2664 498 2705 miserorum
551 2664 762 2706 domicilia
817 2665 1004 2707 dotanda
1058 2666 1302 2714 extendere;
1358 2667 1459 2708 item
1506 2666 1558 2708 ad
1606 2666 1788 2718 virgines
1834 2666 1974 2707 tenuis

245 2737 442 2780 fortunae
474 2739 514 2779 in
548 2739 831 2795 matrimonio,
865 2740 964 2782 dote
997 2740 1243 2794 constituta,
1277 2740 1542 2782 collocandas

384 2818 655 2873 RespondeO,
687 2821 896 2861 neminem
929 2820 1044 2872 pium
1079 2833 1189 2875 esse,
1232 2820 1305 2873 qui
1336 2820 1438 2862 haec
1470 2825 1512 2862 et
1543 2821 1695 2862 similia
1728 2825 1853 2873 neget
1883 2833 1975 2863 esse

247 2892 327 2946 pia.
393 2891 475 2934 Sed
516 2895 658 2935 tamen
701 2894 753 2936 ob
795 2895 981 2936 fructum
1025 2895 1148 2948 longe
1190 2895 1418 2937 maximum
1459 2896 1676 2938 doctrinae
1714 2899 1756 2938 et
1787 2896 1974 2949 pietatis,

248 2967 320 3019 qui
361 2980 408 3008 ex
451 2967 549 3015 hoc,
590 2967 641 3009 de
680 2981 763 3020 quo
797 2969 980 3022 agimus,
1020 2970 1216 3011 instituto
1250 2975 1394 3012 manat
1425 2983 1520 3012 cum
1553 2971 1606 3012 ad
1639 2971 1751 3023 ipsos
1784 2971 1974 3025 iuuenes,

247 3044 339 3083 tum
371 3055 446 3095 per
478 3042 610 3095 ipsos,
654 3046 857 3095 tanquam
889 3057 965 3096 per
996 3043 1284 3097 administros,
1328 3045 1381 3086 ad
1415 3045 1699 3087 Christianam
1732 3045 1975 3097 Rempubli-

249 3128 360 3171 cam,
401 3116 582 3158 vicissim
615 3115 832 3158 fatendum
865 3121 949 3172 est,
992 3118 1162 3159 maioris
1197 3118 1333 3159 meriti
1366 3123 1409 3160 et
1440 3120 1710 3161 emolumenti
1743 3131 1855 3176 esse,
1898 3118 1974 3160 hos
