2164 3535
222 223 306 263 494
482 217 692 254 Beibericht
718 216 781 251 der
808 214 1238 250 Studien-Kommissare
1266 225 1330 248 zur
1356 214 1398 249 R.
1424 218 1466 249 st.
1493 224 1561 248 von
1590 215 1689 249 1832.

223 378 396 435 cipulis,
441 377 512 432 qui
545 376 709 430 vident,
753 374 964 429 quomodo
997 374 1137 416 facere
1179 372 1446 425 debuissent,
1489 372 1728 426 Magistris,
1769 371 1842 425 qui
1874 371 1953 425 ipsi

223 454 369 497 stilum
403 465 528 496 suum
561 451 796 494 efformant.

363 540 413 581 N.
438 539 518 582 107
550 537 626 580 bis.
680 537 751 579 Ad
784 550 882 590 reg.
910 538 978 578 23.
1011 548 1242 579 accomm.
1297 535 1465 578 Omissa
1487 539 1552 578 est
1583 536 1775 579 clausula
1808 536 1955 579 »dum

225 617 424 670 scripta
456 614 736 669 corrigit«,
768 614 869 667 quia
902 612 1072 666 saepius
1105 612 1310 655 correctio
1343 614 1407 654 est
1438 611 1620 665 publica.

363 703 413 745 N.
439 702 538 746 108.
601 701 670 743 Ad
711 713 809 754 reg.
833 703 899 742 24.
943 712 1114 742 accom
1129 713 1180 741 m.
1250 699 1495 753 Injungitur
1526 699 1709 753 Scriptio
1750 712 1835 741 una
1875 699 1956 741 sal-

226 785 310 822 tem
358 778 535 831 singulis
582 776 919 819 hebdomadibus
963 775 1003 817 in
1047 774 1200 817 Schola
1244 774 1456 828 facienda,
1504 778 1594 816 tum
1645 779 1694 816 ut
1735 773 1956 817 Professor

226 857 427 897 accurate
461 853 588 909 sciat,
621 852 722 906 quid
756 852 936 905 quisque
970 850 1274 903 discipulorum
1306 850 1445 891 facere
1478 850 1613 903 possit
1644 850 1825 903 propriis
1859 849 1954 891 viri:

226 930 327 985 bus,
372 932 462 970 tum
496 928 596 981 quia
628 927 667 969 in
708 926 964 980 quibusdam
998 925 1230 967 Provinciis
1263 938 1313 966 ex
1356 926 1584 967 contractis
1618 925 1728 968 notis
1771 925 1956 967 omnium

226 1005 378 1047 harum
420 1003 700 1057 scriptionum
733 1001 1010 1056 dijudicatur.
1054 1001 1220 1043 cuinam
1254 1000 1583 1044 adscribendum
1625 1002 1681 1044 sit
1719 1001 1954 1055 praemium

227 1079 580 1123 Excellentiae
612 1091 686 1121 seu
721 1078 1031 1131 Progressus
1064 1077 1196 1119 totius
1231 1079 1341 1118 anni.

365 1167 415 1209 N.
440 1167 525 1210 108
557 1166 633 1208 bis.
695 1165 767 1207 Ad
799 1177 897 1218 reg.
924 1167 990 1206 27.
1055 1164 1372 1217 Expunguntur
1404 1164 1507 1206 haec
1540 1164 1691 1218 verba,
1734 1163 1835 1217 quia
1867 1176 1960 1205 cen-

227 1243 411 1298 suimus,
454 1242 549 1295 plus
583 1254 675 1283 esse
715 1239 1045 1294 praelegendum
1086 1239 1323 1295 ordinario,
1365 1252 1492 1293 quam
1525 1239 1623 1281 olim
1656 1238 1802 1290 fiebat;
1846 1238 1959 1292 quod

228 1318 451 1360 utilissime
471 1316 532 1372 fit,
566 1317 599 1359 si
623 1328 699 1371 pro
723 1315 891 1357 scholae
923 1315 1058 1368 gradu
1082 1315 1191 1368 aptis
1225 1314 1593 1357 observationibus
1617 1314 1961 1356 intermisceatur

229 1393 470 1447 praelectio.

368 1468 418 1510 N.
443 1469 545 1511 109.
607 1467 678 1509 Ad
712 1479 761 1508 re
774 1479 811 1519 g.
837 1466 903 1508 28.
968 1464 1197 1507 Divisimus
1230 1464 1338 1507 hanc
1372 1465 1563 1518 regulam
1595 1466 1634 1507 in
1670 1464 1775 1506 duas
1798 1465 1871 1519 ἓξ,
1915 1468 1963 1507 ut

230 1543 387 1585 mentio
423 1543 479 1585 sit
511 1550 562 1584 de
595 1545 769 1584 auctore
800 1540 1028 1583 vernaculo
1061 1540 1102 1582 in
1135 1540 1289 1582 scholis
1321 1540 1617 1594 praelegendo.

370 1629 420 1671 N.
446 1630 537 1673 110.
589 1629 659 1670 Ad
694 1640 790 1681 reg.
818 1629 884 1669 29.
938 1627 1215 1669 Immmutata
1235 1628 1396 1681 regula,
1430 1632 1520 1669 tum
1544 1630 1592 1670 ut
1624 1628 1782 1670 vitetur
1805 1628 1963 1670 mentio

234 1704 538 1759 Cypriani¹)‚
571 1707 663 1745 tum
694 1707 743 1745 ut
773 1704 984 1746 habeatur
1016 1703 1125 1745 ratio
1157 1703 1460 1756 grammaticae
1492 1703 1756 1745 vernaculae.

373 1792 422 1835 N.
447 1793 524 1836 lll.
576 1792 647 1834 Ad
681 1804 778 1845 reg.
805 1793 870 1833 32.
926 1791 1158 1833 Immutata
1191 1803 1275 1843 reg.
1310 1792 1485 1844 propter
1516 1790 1747 1843 specimina
1777 1789 1960 1844 publica.

374 1867 422 1911 N.
449 1869 533 1912 112.
581 1868 652 1909 Ad
675 1879 772 1920 reg.
793 1867 859 1908 40.
910 1866 1155 1908 Immutatio
1188 1870 1363 1919 propter
1396 1868 1600 1907 annotata
1629 1865 1680 1907 ad
1705 1878 1742 1906 n.
1764 1866 1817 1907 93
1836 1868 1876 1907 et
1896 1866 1963 1907 94.

550 2204 812 2269 Regulae
863 2202 1065 2252 Profes
1081 2203 1231 2251 soris
1280 2202 1652 2251 Rhetoricae.

376 2343 426 2384 N.
451 2343 537 2386 113.
598 2342 669 2384 Ad.
711 2355 811 2396 reg.
839 2345 873 2385 1.
912 2368 960 2373 —
1010 2346 1058 2385 19
1092 2341 1201 2392 Quin
1235 2341 1466 2383 tollendam
1506 2343 1705 2394 putemus
1745 2339 1967 2381 lectionem

238 2418 425 2471 ipsorum
466 2417 671 2459 librorum
705 2418 941 2467 Ciceronis.
983 2430 1065 2459 non
1099 2429 1319 2459 censemus
1352 2420 1508 2471 tamen,
1540 2416 1631 2469 ejus
1671 2414 1965 2457 necessitatem

240 2505 332 2535 esse
364 2492 675 2546 imponendam,
708 2505 802 2535 cum
832 2494 917 2535 sint
949 2493 1018 2535 alii
1050 2493 1160 2547 libri,
1194 2492 1266 2545 qui
1298 2492 1461 2533 meliori
1494 2490 1692 2533 methodo
1715 2490 1966 2532 Rhetoricae

240 2571 467 2623 praecepta
508 2568 700 2619 tradant.
744 2581 876 2621 quare
909 2569 1107 2623 dicimus,
1151 2568 1394 2610 Ciceronem
1436 2570 1513 2608 etc.
1548 2579 1640 2609 esse
1682 2565 1967 2608 adhibendum

241 2643 294 2684 ad
333 2644 681 2697 praelectionem,
722 2655 803 2685 non
838 2656 936 2685 vero
968 2644 1107 2697 ipsum
1139 2646 1302 2684 textum
1333 2655 1425 2684 esse
1467 2640 1702 2694 legendum.
1765 2641 1964 2682 Attamen

240 2718 285 2760 P.
312 2719 555 2771 Deputatus
586 2718 738 2760 Italiae
770 2722 917 2773 putat,
958 2718 1183 2772 legendum
1217 2730 1310 2760 esse
1341 2717 1482 2771 ipsum
1514 2716 1758 2759 Ciceronem
1795 2719 1971 2768 propter

242 2793 491 2846 dignitatem
524 2792 762 2835 cathedrae.
826 2795 879 2836 29
912 2793 1191 2836 Immutatum
1224 2796 1289 2835 est
1320 2793 1431 2835 circa
1462 2804 1661 2845 graecum
1693 2794 1867 2845 propter
1899 2803 1963 2832 ra-

241 2869 377 2912 tiones
409 2868 562 2911 allatas
594 2881 633 2910 n.
659 2870 752 2911 104.

381 2944 429 2987 N.
456 2943 541 2988 114.
588 2944 916 3001 Postulatur‚
948 2947 997 2986 ut
1020 2946 1289 2998 expungatur
1310 2943 1424 2997 quod
1447 2942 1498 2985 de
1530 2954 1723 2985 summa
1744 2941 1971 2995 Logicae

245 3019 287 3061 in
332 3019 480 3072 regula
520 3018 738 3062 scribitur:
776 3022 824 3062 19
857 3019 957 3073 quia
998 3032 1080 3061 non
1114 3019 1282 3061 videtur
1321 3018 1575 3073 periculum,
1618 3021 1666 3059 ut
1708 3029 1895 3071 unquam
1927 3017 1969 3058 in

385 3170 413 3213 ¹)
440 3168 565 3213 Cypr.
593 3168 751 3203 Soarii.
