2164 3535
717 199 991 243 Heranbildung
1016 198 1079 234 der
1103 199 1243 234 Lehrer
1272 203 1368 236 1619.
1826 205 1905 246 183

182 338 255 391 qui
286 338 368 380 iam
402 339 443 380 in
475 339 584 392 stylo
617 341 660 381 et
692 339 733 381 in
766 339 1005 382 eruditione
1037 339 1217 381 multum
1250 340 1542 394 profecerunt,
1585 340 1638 382 ab
1676 341 1770 383 aliis
1803 354 1902 383 vero

183 425 281 454 raro
314 416 356 455 et
387 427 524 467 parce.

323 491 385 530 19.
434 489 531 531 Pari
562 489 727 531 ratione
759 489 983 532 inducendi
1019 490 1223 543 Discipuli
1254 489 1400 531 statim
1439 488 1558 530 initio
1601 489 1640 530 in
1674 490 1903 544 scriptione

184 563 323 604 soluta
354 564 406 605 ad
439 576 571 616 genus
605 564 768 606 dicendi
800 564 1019 617 familiare,
1050 565 1238 618 planum,
1270 565 1403 608 fluens
1427 569 1469 607 et
1490 565 1685 618 politum,
1719 566 1904 607 classicis

180 637 262 679 illis
295 638 480 691 antiquis
514 639 652 680 cultae
684 639 929 681 Latinitatis
962 640 1213 681 authoribus
1238 640 1443 694 Ciceroni,
1477 640 1663 692 Caesari,
1696 640 1906 695 Terentio,

181 712 312 762 Livio,
347 713 492 754 Curtio
526 713 755 757 usitatum:
789 717 831 755 et
863 714 1137 756 abstrahendi
1170 715 1295 756 simul
1330 728 1354 756 a
1385 715 1495 768 stylo
1528 715 1598 756 illo
1629 714 1760 769 vario,
1794 715 1906 756 inae-

180 786 360 841 quabili,
394 800 442 829 ex
476 787 728 829 Oratoribus
761 791 804 830 et
835 788 974 830 Poetis
1008 789 1298 841 miscellaneo,
1340 790 1463 832 nimis
1504 790 1693 845 conciso,
1737 790 1906 832 allusio-

181 861 327 912 nibus,
368 863 648 915 metaphoris,
691 862 831 904 verbis
863 863 1050 918 novatis,
1095 863 1315 917 obsoletis,
1358 866 1400 905 et
1430 867 1479 905 ut
1510 865 1738 918 plurimum
1772 865 1907 906 multa

180 935 375 979 barbarie
407 936 574 979 referto.

316 1013 382 1053 20.
427 1012 475 1054 In
508 1012 619 1054 omni
652 1012 880 1066 scriptione
913 1012 1167 1065 requirenda
1200 1016 1316 1055 certa
1338 1025 1486 1054 norma
1508 1017 1551 1055 et
1572 1015 1732 1066 regula.
1781 1015 1904 1057 Unde

178 1099 253 1139 pro
277 1086 552 1129 Orationibus
586 1087 683 1129 illae
714 1101 750 1128 v.
775 1100 834 1140 gr.
871 1099 951 1128 non
986 1087 1209 1139 habentur,
1243 1100 1353 1141 quae
1384 1088 1548 1129 solutae
1580 1088 1742 1140 legibus
1766 1089 1902 1131 nullas

178 1161 391 1203 Orationis
413 1166 558 1215 partes
582 1162 778 1204 distincte
802 1162 1012 1213 exhibent,
1045 1166 1087 1203 et
1120 1162 1172 1204 ab
1195 1162 1372 1204 artificio
1406 1162 1591 1204 oratorio
1615 1169 1761 1216 aperte
1793 1177 1903 1206 rece—

177 1236 297 1285 dunt,
328 1237 433 1278 nulli
466 1241 580 1279 certo
614 1242 865 1290 argumento
898 1237 961 1279 vel
994 1237 1200 1279 materiae
1231 1237 1475 1289 adstrictae,
1508 1250 1640 1290 vagae
1672 1252 1747 1291 per
1781 1251 1902 1281 omne

177 1323 309 1363 genus
342 1324 497 1367 rerum,
530 1312 638 1366 stylo
671 1313 815 1354 itidem
848 1325 968 1366 vago,
1005 1313 1133 1368 vario,
1166 1312 1291 1365 plane
1324 1312 1511 1365 exotico,
1544 1314 1757 1355 confertae
1790 1314 1900 1355 omni

177 1386 422 1437 verborum,
470 1387 708 1440 phrasium,
756 1387 1084 1436 sententiarum,
1128 1386 1554 1442 apophthegmatum,
1596 1388 1900 1441 antiquitatum

177 1461 398 1511 varietate,
434 1462 581 1503 maiori
615 1462 758 1504 labore
792 1475 919 1515 quam
951 1462 1117 1516 ingenio
1152 1466 1193 1504 et
1219 1462 1379 1515 judicio
1413 1467 1722 1515 congestarum.

313 1543 379 1583 21.
434 1543 492 1585 Ut
538 1543 740 1585 memoria
786 1543 996 1596 frequenti
1045 1543 1242 1585 exercitio
1289 1546 1541 1593 exacuatur,
1595 1543 1899 1597 solideturque,

175 1617 399 1669 exigantur
430 1630 455 1658 a
486 1618 713 1671 Discipulis
745 1631 826 1660 non
861 1622 1027 1660 tantuin
1060 1618 1304 1660 memoriter
1334 1631 1468 1672 pensa
1501 1618 1761 1671 quotidiana,
1798 1619 1901 1660 Ora-

177 1692 324 1741 tiones,
358 1692 555 1734 Carmina
588 1695 629 1734 et
661 1693 756 1743 alia,
790 1706 898 1746 quae
932 1693 1098 1746 publice
1121 1693 1437 1746 pronuntianda
1459 1697 1571 1743 sunt,
1604 1693 1898 1735 verumetiam

174 1767 214 1807 in
248 1766 623 1821 praelectionibus,
657 1767 918 1809 examinibus
952 1767 1099 1809 audita
1130 1767 1375 1821 proverbia,
1408 1767 1590 1820 fabulae,
1623 1768 1899 1821 antiquitates

174 1854 387 1890 romanae,
421 1841 636 1884 Historiae
659 1842 814 1883 latinae
839 1846 881 1883 et
903 1854 1093 1894 graecae,
1116 1846 1343 1895 praecepta
1367 1842 1670 1897 Epistolarum,
1692 1842 1896 1897 Poetices,

173 1917 439 1972 Rhetorices,
481 1918 703 1965 historiae,
748 1917 1127 1970 apophthegmata,
1166 1917 1348 1970 Adagia,
1389 1916 1606 1971 Symbola,
1645 1916 1897 1969 aenigmata,

173 1976 355 2042 oracula,
391 1993 504 2035 dicta
536 1993 804 2046 Sapientuni,
838 1996 1142 2045 strategemata
1174 1992 1344 2047 bellica,
1377 1991 1489 2034 facta
1520 1992 1704 2034 illustria
1735 2004 1785 2033 ex
1817 1992 1898 2033 Va-

172 2067 274 2109 lerio
315 2068 497 2110 Maximo
540 2073 582 2111 et
624 2069 735 2118 aliis,
784 2068 1021 2121 Descriptio
1063 2068 1164 2110 item
1207 2067 1414 2122 oratoria,
1462 2067 1646 2122 poetica,
1694 2066 1898 2108 historica

172 2144 385 2185 variarum
419 2157 580 2195 reruni,
621 2148 669 2185 ut
699 2144 927 2197 montium,
971 2143 1073 2191 diei,
1115 2143 1271 2198 noctis,
1314 2155 1485 2197 specus,
1516 2141 1720 2193 fluminis,
1754 2141 1896 2197 fontis,

172 2219 372 2269 marium,
406 2219 543 2270 urbis,
576 2231 763 2272 pugnae,
797 2218 966 2269 (lomus,
1005 2218 1306 2273 navigationis,
1339 2217 1453 2259 venti
1485 2219 1562 2259 cet.
1597 2216 1790 2258 recitatio
1823 2216 1897 2257 ali-

172 2294 291 2347 cujus
332 2294 410 2335 loci
450 2294 718 2346 elegantioris
751 2307 799 2335 ex
833 2294 1053 2345 Cicerone,
1086 2294 1284 2348 Virgilio,
1316 2292 1515 2343 Horatio,
1555 2291 1771 2334 conversio
1804 2304 1896 2333 sen-

174 2369 332 2410 tentiae
354 2381 531 2421 graecae
553 2369 594 2410 in
617 2369 791 2410 latinam
814 2381 897 2410 uno
920 2382 956 2410 v.
980 2368 1173 2421 pluribus
1197 2367 1345 2422 modis,
1378 2368 1419 2409 in
1443 2367 1617 2409 eandem
1640 2366 1894 2408 sententiam

171 2443 314 2497 plures
347 2444 537 2497 phrases,
570 2457 643 2486 seu
677 2444 817 2485 soluta
848 2444 1039 2485 oratione
1070 2456 1144 2485 seu
1177 2443 1317 2495 ligata.

181 2572 187 2577 q
311 2521 376 2560 22.
426 2520 474 2561 In
507 2520 670 2572 graecis
702 2519 855 2560 litteris
889 2519 1057 2560 omnino
1091 2521 1279 2567 curetur,
1312 2521 1359 2559 ut
1381 2515 1586 2569 Discipuli
1619 2528 1713 2557 cum
1746 2516 1893 2569 primis

172 2593 329 2635 latinae
371 2594 672 2646 grammaticae
713 2594 950 2641 elementis,
993 2605 1169 2646 graecae
1211 2593 1340 2634 etiam
1380 2592 1586 2634 elementa
1623 2594 1666 2632 et
1697 2591 1921 2644 deinceps·

173 2668 360 2721 singulas
383 2668 696 2710 Grammaticae
729 2673 871 2722 partes
906 2668 1138 2710 secundum
1170 2668 1326 2710 classes
1358 2667 1488 2709 latine
1521 2670 1618 2719 apte
1641 2666 1893 2708 distributas

172 2744 415 2794 addiscant3
457 2744 626 2797 juvabit
668 2747 809 2786 autem
850 2743 903 2785 ad
945 2742 1211 2786 excitandum
1250 2742 1458 2784 fervorem
1490 2740 1620 2783 studii
1652 2740 1814 2793 graeci,
1858 2740 1892 2782 si

174 2822 368 2860 auctores
420 2818 784 2871 praescribantur,
831 2818 903 2871 qui
950 2819 1137 2859 tractant
1178 2820 1474 2870 argumentum
1508 2815 1744 2869 jucundum
1783 2815 1893 2868 stylo

171 2893 304 2947 facili,
337 2895 384 2934 ut
415 2896 516 2934 sunt
546 2893 708 2935 Tabula
741 2893 928 2945 Cebetis,
961 2904 1008 2934 ac
1040 2893 1346 2945 strategemata
1376 2891 1556 2945 Polieni,
1589 2890 1764 2932 Luciani
1796 2889 1894 2931 Dia-

171 2969 276 3025 logi,
316 2968 676 3021 apophthegmata
706 2968 942 3021 Plutarchi,
981 2967 1105 3009 Vitae
1136 2970 1406 3020 comparatae
1439 2965 1651 3020 Caesaris,
1691 2964 1892 3017 Pompeji,

173 3043 410 3094 Ciceronis,
451 3043 655 3096 epistolae
696 3043 876 3086 selectae
917 3055 965 3085 ex
1009 3042 1177 3096 optimis
1219 3041 1482 3085 authoribus.
1546 3039 1752 3083 Utilitatis
1791 3039 1890 3080 item

172 3119 401 3173 plurimum
453 3117 616 3160 adferet
656 3119 778 3161 lectio
821 3118 1058 3160 libellorum
1099 3117 1345 3171 specialium
1387 3116 1806 3168 latino-graecorum
1844 3118 1893 3155 ut
