2164 3535
708 230 932 275 Allgemeine
958 229 1096 273 Regeln
1122 228 1186 263 der
1210 226 1417 262 Prafekten.
1840 230 1918 271 381

206 375 248 414 et
280 385 304 414 a
335 372 555 414 Praefecto
587 372 803 413 convictus
835 370 1040 424 pendent,
1083 373 1125 411 et
1156 369 1256 410 dum
1288 368 1341 410 ab
1375 366 1735 418 adolescentibus,
1778 370 1825 407 ut
1858 366 1927 407 de-

205 447 326 497 bent,
369 447 626 488 docilitatem
659 450 701 488 et
733 445 1015 487 obedientiam
1047 445 1294 498 requirunt,
1336 443 1414 496 ipsi
1447 454 1615 496 quoque
1648 441 1707 483 eis
1740 441 1927 494 exemplo

206 523 291 564 sint
322 522 567 564 obedientia
597 525 797 575 prompta
827 524 869 563 et
900 523 1057 562 exacta.

344 600 380 638 9.
431 599 669 649 Antequam
708 596 809 649 quid
847 595 1021 637 iubeant
1058 595 1123 636 vel
1162 594 1350 636 severius
1382 594 1569 646 aliquem
1603 591 1927 645 reprehendant,

204 671 351 714 sedulo
382 671 501 725 prius
531 671 818 722 considerent,
850 683 932 723 quo
965 670 1118 723 spiritu
1150 670 1444 722 impellantur,
1489 681 1587 709 num
1621 666 1817 720 expediat
1850 666 1928 708 hoc

204 750 416 788 momento
458 746 533 787 tali
574 745 697 787 modo
738 745 883 787 iubere
925 744 989 785 vel
1030 744 1339 797 reprehendere
1380 747 1423 786 et
1461 756 1561 784 num
1603 742 1725 796 pueri
1755 742 1815 784 ita
1845 742 1931 783 sint

206 822 413 877 dispositi,
444 825 494 862 ut
524 820 649 862 iussis
683 819 1017 872 obtemperaturi
1049 819 1145 860 sint.
1209 818 1330 868 Quod
1362 818 1396 860 si
1428 817 1658 860 iubendum
1690 820 1832 858 tamen
1865 817 1930 858 vel

204 896 599 950 reprehendendum
640 893 902 948 censuerint,
946 893 989 934 id
1020 896 1199 947 paterna
1231 893 1371 946 potius
1405 894 1658 934 auctoritate
1691 896 1733 934 et
1764 891 1928 946 affectu,

204 984 331 1026 quam
365 971 589 1013 dictatoria
621 969 804 1023 quadam
835 969 1041 1021 dignitate
1073 972 1114 1009 et
1145 967 1372 1010 severitate
1404 968 1663 1012 faciendum:
1697 966 1929 1019 generatim

204 1046 490 1089 considerent:
527 1045 655 1098 »quid
685 1045 855 1087 valeant
885 1043 1064 1098 humeri,
1096 1043 1199 1096 quid
1220 1044 1330 1084 ferre
1352 1046 1592 1084 recusent«.
1644 1042 1929 1095 Maximopere

203 1122 391 1164 devitent
422 1121 630 1177 altercari,
663 1133 793 1174 quum
824 1119 918 1172 quis
950 1119 1209 1172 pertinacem
1243 1130 1288 1160 se
1320 1117 1508 1159 ostendit
1540 1117 1604 1158 vel
1634 1117 1743 1158 idem
1767 1118 1928 1159 iussum

204 1197 268 1239 bis
299 1198 479 1239 tertiove
511 1196 752 1239 distinctius
784 1195 821 1237 ei
853 1197 1045 1249 repetere
1077 1193 1142 1235 vel
1174 1206 1262 1235 rem
1295 1192 1349 1235 ad
1381 1197 1569 1235 extrema
1601 1205 1776 1247 urgere,
1809 1193 1845 1234 si
1877 1192 1930 1233 ad

202 1272 385 1326 primum
416 1272 665 1314 mandatum
697 1270 868 1313 obedire
900 1270 1121 1312 detrectet.

343 1348 407 1389 10.
455 1348 567 1389 Raro
614 1346 783 1400 expedit
830 1345 977 1387 eodem
1025 1357 1107 1398 quo
1162 1343 1350 1386 defectus
1400 1344 1680 1386 committitur
1726 1346 1930 1397 tempore,

202 1423 352 1476 punire
383 1423 449 1464 vel
479 1422 711 1477 increpare,
742 1426 833 1463 tum
865 1421 965 1474 quia
998 1432 1115 1462 mens
1145 1419 1334 1461 nonnihil
1357 1418 1610 1461 exacerbata
1630 1418 1752 1460 facile
1776 1418 1931 1461 discre-

204 1497 330 1539 tionis
363 1497 516 1540 limites
549 1497 614 1539 vel
646 1510 692 1539 re
724 1497 789 1539 vel
820 1496 959 1538 verbis
992 1494 1175 1548 excedit,
1214 1499 1305 1536 tum
1337 1495 1437 1547 quia.
1470 1494 1716 1547 delinquens
1748 1494 1931 1547 plerum-

203 1586 285 1626 que
315 1573 425 1615 male
456 1572 688 1626 dispositus
720 1571 882 1613 nullum
915 1571 1063 1613 exinde
1094 1571 1280 1612 fructum
1303 1570 1492 1624 percipit.
1545 1568 1710 1611 Sufficit
1732 1581 1925 1610 coercere

203 1661 299 1690 eum
331 1661 356 1690 a
386 1648 725 1700 transgressione
755 1660 831 1701 per
863 1647 1043 1700 signum,
1077 1645 1330 1687 remittendo
1364 1657 1544 1699 poenam
1576 1645 1640 1686 vel
1675 1644 1931 1697 obiurgatio-

202 1736 298 1765 nem
329 1723 383 1764 ad
415 1723 529 1765 aliud
560 1726 739 1776 tempus.
801 1722 950 1764 Animo
982 1721 1234 1775 praesertim
1266 1720 1515 1762 exacerbato
1548 1732 1764 1772 nunquam
1795 1732 1929 1773 poena

202 1798 428 1852 infligenda
474 1798 538 1840 vel
584 1797 835 1840 intentanda
880 1800 957 1839 est.
1035 1797 1104 1839 Nil
1150 1797 1261 1838 enim
1307 1796 1441 1848 magis
1488 1808 1718 1849 puerorum
1767 1794 1928 1836 animos

204 1875 376 1928 avertit,
418 1873 673 1924 inflammat,
728 1872 1001 1926 Superiorum
1045 1884 1221 1914 suorum
1264 1874 1551 1924 contemptum
1593 1870 1651 1913 eis
1694 1871 1927 1923 ingenerat,

201 1962 330 2003 quam
372 1962 504 2003 quum
548 1962 597 1991 ex
639 1949 836 2002 passione
869 1949 933 1991 vel
965 1947 1117 1990 affectu
1149 1948 1287 1989 minus
1320 1946 1540 1988 moderato
1574 1958 1645 1988 eos
1678 1946 1828 1999 punire
1861 1946 1925 1987 vel

203 2024 511 2078 reprehendere
543 2027 734 2067 cernunt.

343 2099 586 2142 Generatim
619 2100 704 2141 sint
734 2100 775 2141 in
807 2098 1019 2153 puniendo
1051 2099 1168 2152 parci
1200 2102 1242 2140 et
1273 2097 1398 2149 tardi,
1430 2110 1481 2139 ne
1514 2097 1694 2150 puniant
1724 2096 1803 2138 nisi
1835 2100 1923 2138 ten-

202 2175 304 2217 tatis
343 2175 461 2228 prius
502 2175 709 2217 inutiliter
748 2175 897 2217 ceteris
939 2174 1096 2216 mediis.
1160 2173 1408 2216 Graviorem
1448 2185 1545 2214 vero
1579 2173 1643 2214 vel
1674 2172 1924 2213 inusitatam

202 2250 505 2303 poenitentiam
537 2263 588 2292 ne
620 2250 843 2303 iniungant
872 2250 1004 2292 inscio
1037 2250 1080 2291 P.
1114 2249 1349 2291 Praefecto.

346 2335 410 2374 11.
460 2331 550 2382 Quo
583 2331 720 2373 rarior
751 2334 816 2373 est
847 2330 1076 2372 admonitio
1109 2334 1152 2372 et
1180 2330 1436 2383 obiurgatio,
1469 2341 1517 2370 eo
1539 2328 1674 2370 maior
1695 2328 1925 2381 percipitur

203 2407 388 2459 fructus,
435 2408 469 2449 si
512 2406 739 2460 aliquando
783 2405 1020 2448 adhibetur.
1084 2405 1190 2447 Hinc
1231 2405 1303 2446 ubi
1344 2405 1433 2446 sine
1476 2404 1726 2456 cuiusquam
1769 2402 1924 2445 damno

203 2481 293 2525 fieri
323 2485 477 2538 potest,
509 2482 679 2536 expedit
711 2494 838 2536 saepe
871 2481 1138 2523 dissimulare
1169 2480 1312 2533 plures
1345 2480 1473 2521 etiam
1507 2479 1709 2533 defectus,
1741 2482 1790 2520 ut
1817 2491 1926 2521 com-

203 2557 328 2599 modo
370 2561 560 2610 tempore
598 2557 759 2599 iuvenis
799 2561 974 2610 paterne
1006 2559 1047 2598 et
1079 2555 1267 2598 suaviter
1299 2554 1591 2597 admoneatur.
1656 2553 1843 2596 Caveant
1873 2567 1925 2595 ne

205 2633 277 2675 ulli
314 2633 456 2674 dicant
486 2633 551 2674 vel
584 2632 822 2687 ostendant,
855 2644 950 2673 eum
979 2630 1182 2672 excidisse
1205 2629 1356 2685 gratia,
1387 2642 1468 2670 non
1492 2629 1706 2671 aestimari
1730 2629 1923 2682 amplius,

204 2709 358 2750 malam
401 2708 452 2750 de
492 2707 583 2761 ipso
624 2707 770 2749 haberi
813 2707 1049 2760 opinionem
1081 2710 1180 2757 etc,
1226 2706 1304 2748 hoc
1346 2706 1456 2747 enim
1488 2704 1559 2746 ubi
1591 2704 1776 2747 advertit
1806 2717 1924 2758 puer,

203 2784 325 2826 facile
356 2784 524 2838 penitus
557 2795 650 2825 sese
680 2782 842 2837 abiicit,
884 2781 1080 2824 fiduciam
1111 2785 1154 2823 et
1187 2782 1373 2823 animum
1407 2793 1571 2822 omnem
1604 2780 1762 2822 amittit
1792 2779 1924 2832 fitque

203 2861 400 2915 pervicax
431 2864 473 2903 et
503 2863 741 2914 protervus.

344 2937 407 2978 12.
458 2935 549 2986 Quo
581 2934 806 2989 perfectior
838 2934 1075 2976 coniunctio
1108 2947 1203 2976 cum
1236 2933 1460 2988 Superiore
1492 2936 1583 2974 tum
1615 2930 1797 2973 mediato
1832 2933 1921 2971 tum

204 3011 447 3053 immediato
478 3014 520 3053 et
545 3023 626 3064 quo
659 3010 793 3052 maior
825 3010 924 3051 unio
957 3013 999 3052 et
1031 3009 1301 3052 conformitas
1333 3009 1644 3063 praefectorum
1676 3006 1785 3047 inter
1816 3018 1860 3047 se
1883 3009 1925 3047 et

205 3099 299 3128 011111
331 3086 566 3142 magistris,
599 3098 646 3128 eo
680 3085 815 3127 maius
848 3085 998 3140 robur,
1030 3085 1201 3127 uberior
1230 3084 1414 3138 fructus,
1447 3096 1493 3126 eo
1527 3082 1681 3124 certior
1712 3080 1804 3121 finis
1836 3083 1922 3121 tam

204 3161 278 3203 alti
323 3161 544 3203 assecutio.
611 3161 776 3203 »Unitis
819 3160 1020 3202 viribusl«
1077 3161 1166 3202 Hoc
1209 3160 1417 3202 dictamen
1460 3161 1629 3200 nostrae
1662 3155 1810 3196 domus
1844 3155 1924 3197 sibi
