2164 3535
223 196 307 237 486
492 192 702 228 Beibericht
733 191 798 227 der
825 189 1255 226 Studien-Kommissiire
1281 200 1345 224 zur
1370 189 1412 224 R.
1440 194 1483 224 st.
1509 200 1577 224 von
1607 193 1704 226 1832.

921 413 1085 456 Primo
1125 412 1277 455 Αηηο.

265 532 296 575 I.
345 532 408 574 De
439 531 528 573 Deo
561 542 644 572 uno
679 533 721 572 et
754 530 878 572 trino.

244 608 296 650 II.
347 608 409 649 De
441 606 635 648 Veritate
668 605 883 659 religionis
918 605 1188 648 christianae.
1242 605 1303 647 De
1336 604 1622 646 Revelatione.
1686 604 1749 647 De
1782 604 1968 660 Angelis,

346 682 397 724 de
429 680 603 735 Opificio
635 681 724 724 Dei.

891 854 1128 897 Secundo
1165 856 1315 898 Anno.

268 973 300 1014 Ι.
348 972 412 1015 De
452 971 737 1014 Beatitudine.
813 972 874 1013 De
908 971 1085 1013 Actibus
1125 971 1333 1014 humanis.
1407 972 1470 1013 De
1512 971 1715 1013 Peccatis.
1787 972 1849 1013 De
1877 971 1970 1013 Vir-

348 1048 526 1090 tutibus.

248 1125 302 1167 11.
350 1124 415 1167 De
449 1123 650 1177 Legibus.
712 1123 775 1166 De
807 1122 968 1165 Gratia.

919 1307 1096 1350 Tertio
1141 1309 1290 1350 Anno.

271 1428 302 1470 I.
352 1427 414 1469 De
446 1425 551 1468 Fide
583 1425 672 1477 (ubi
705 1425 757 1467 de
789 1425 890 1467 locis
923 1424 1202 1477 theologicis).
1267 1424 1328 1466 De
1360 1423 1443 1477 Spe
1475 1426 1519 1465 et
1552 1422 1783 1465 Charitate.

249 1503 302 1545 ΙΙ.
352 1503 415 1545 De
446 1501 618 1544 Iustitia
650 1504 693 1543 et
725 1501 835 1542 Iure.
898 1500 961 1542 De
992 1499 1211 1553 Religione
1242 1502 1454 1553 quatenus
1488 1501 1553 1541 est
1584 1498 1731 1540 virtus.

916 1685 1104 1736 Quarto
1144 1685 1292 1728 Αηηο.

274 1804 305 1846 I.
355 1804 417 1846 De
449 1802 756 1845 Incarnatione.
821 1802 884 1844 De
918 1801 1204 1845 sacramentis
1237 1801 1278 1842 in
1311 1813 1476 1854 genere.

252 1879 305 1922 11.
354 1879 417 1921 De
449 1878 735 1921 Sacramentis
767 1877 810 1919 in
843 1876 993 1930 specie.

376 2007 583 2048 Putamus
625 2005 794 2047 omnino
837 2005 1079 2047 retinendos
1119 2017 1211 2047 esse
1255 2008 1468 2047 tractatus
1510 2003 1749 2058 theologiae
1784 2005 1970 2059 moraliS,

241 2086 289 2124 ut
321 2081 557 2134 dogmatice
590 2081 864 2135 explicentur.
930 2080 1051 2131 Quod
1083 2079 1254 2134 quidem
1286 2080 1327 2121 in
1361 2080 1411 2121 iis
1444 2079 1676 2121 Provinciis
1708 2093 1789 2121 non
1831 2080 1972 2122 obser-

240 2160 388 2212 vatur,
429 2156 499 2199 ubi
542 2155 697 2198 author
739 2156 876 2210 qualis
920 2155 1228 2208 Sardagna¹l
1273 2154 1479 2209 habetur,
1531 2167 1626 2197 cum
1665 2167 1817 2207 magno
1858 2159 1972 2198 certe

241 2232 493 2275 detrimento
526 2231 752 2274 soliditatis
784 2231 826 2272 in
860 2230 1092 2273 moralibus
1127 2229 1371 2283 disciplinis.

378 2331 427 2373 N.
447 2332 518 2376 76.
563 2330 636 2372 Ad
668 2341 764 2383 reg.
791 2331 814 2371 9
847 2330 871 2384 ἓ
894 2331 932 2370 2.
953 2354 1003 2359 -
1027 2332 1076 2372 19
1105 2330 1421 2382 Expunguntur
1438 2328 1567 2371 verba
1592 2328 1825 2382 »quoties
1849 2332 1972 2380 ete.«‚

241 2407 340 2460 quia
371 2408 630 2460 supponunt,
663 2405 704 2447 in
737 2405 891 2448 scholis
924 2405 1005 2458 legi
1039 2405 1180 2459 ipsum
1211 2406 1375 2446 textum
1410 2404 1450 2446 S.
1476 2403 1672 2446 Thomae.

378 2498 429 2540 N.
453 2499 522 2545 77.
584 2500 636 2541 29
671 2498 715 2540 Ρ.
751 2498 995 2552 Deputatus
1028 2497 1283 2540 Germaniae
1325 2497 1564 2549 maluisset,
1612 2496 1749 2539 omitti
1790 2496 1898 2539 hanc
1935 2499 1972 2552 ἕ,

382 2685 408 2727 ¹)
435 2681 634 2726 Theologia
660 2680 1088 2725 Dogmatico-Polemica‚
1115 2691 1187 2725 qua
1214 2680 1386 2715 adversus
1404 2680 1555 2715 Veteres
1574 2680 1769 2726 Novasque
1791 2681 1973 2717 Haereses

245 2753 290 2776 ex
310 2741 521 2786 Scripturis,
547 2739 718 2774 Patribus
744 2744 854 2783 atque
873 2739 1136 2775 Ecclesiastica
1161 2740 1314 2775 historia
1334 2739 1524 2775 Catholica
1543 2740 1689 2775 Veritas
1709 2744 1972 2784 propugnatur,

243 2798 442 2834 Recensuit
466 2799 506 2833 P.
534 2798 725 2834 Carolus
753 2798 1000 2844 Sardagna‚
1032 2800 1066 2834 S.
1085 2799 1119 2834 J.
1146 2799 1351 2844 Presbyter,
1377 2799 1413 2833 in
1440 2799 1652 2843 Episcopali
1677 2798 1796 2844 Lyceo
1823 2798 1868 2833 ad
1891 2798 1972 2833 Div.

243 2856 348 2892 Pauli
386 2856 608 2891 Ratisbonae
641 2856 766 2891 Theol.
800 2856 1252 2900 Dogmatico-Polemicae
1285 2857 1380 2892 Prof.
1418 2857 1502 2892 Ord.
1540 2862 1575 2892 et
1607 2857 1733 2891 Exam.
1770 2856 1971 2901 Synodalis.

245 2914 479 2959 Ratisbonae,
504 2914 707 2958 sumptibus
734 2915 783 2949 Io.
810 2915 987 2960 Leopoldi
1013 2915 1204 2960 Montagii‚
1234 2917 1427 2960 1770-71,
1452 2918 1474 2950 8
1501 2915 1567 2951 νοΙ.
1596 2935 1634 2939 -
1663 2914 1703 2949 P.
1723 2914 1972 2959 Sardagna,

246 2975 323 3018 geb.
356 2986 400 3009 zu
427 2974 554 3009 Trient
582 2974 686 3017 1731,
720 2978 793 3008 trat
830 2974 917 3009 1746
950 2974 985 3008 in
1021 2973 1090 3009 den
1117 2974 1255 3018 Orden3
1291 2974 1349 3008 ein
1374 2973 1468 3008 Jahr
1501 2973 1586 3016 lang
1620 2982 1692 3007 war
1719 2983 1758 3007 er
1784 2972 1973 3008 Professor

245 3031 309 3066 der
333 3030 704 3075 Kirchengeschichte
737 3042 781 3065 zu
807 3031 986 3075 Freiburg
1012 3031 1033 3066 i.
1062 3031 1122 3076 B.,
1156 3032 1241 3067 acht
1264 3031 1378 3066 Jahre
1413 3031 1476 3065 der
1503 3031 1701 3075 Dogmatik
1732 3042 1776 3065 zu
1812 3031 1971 3076 Regens-

246 3089 348 3133 burg,
374 3089 432 3124 bei
457 3089 521 3123 der
546 3088 856 3132 Unterdruckung
883 3089 945 3124 des
973 3089 1113 3124 Ordens
1132 3089 1321 3125 Professor
1346 3090 1410 3124 der
1428 3089 1593 3134 Exegese
1622 3089 1658 3123 in
1677 3088 1830 3124 Luzern.
1886 3090 1972 3125 1773

251 3146 378 3180 kehrte
405 3157 444 3181 er
469 3146 562 3180 nach
587 3145 826 3191 Regensburg
851 3147 987 3182 zuruck
1014 3148 1085 3183 und
1112 3149 1210 3183 starb
1237 3148 1398 3183 daselbst
1423 3150 1477 3183 22.
1496 3149 1640 3191 August
1669 3148 1765 3186 1775.
