2164 3535
683 218 957 262 Heranbildung
981 217 1045 252 der
1069 217 1207 252 Lehrer
1235 219 1332 252 1622.
1784 217 1862 257 221

149 375 242 404 cum
290 361 516 403 nonnullae
557 359 769 402 interdum
811 371 956 400 earum
996 361 1138 411 partes
1181 349 1341 409 aliquid
1381 353 1653 397 sublimitatis
1696 352 1866 406 habent.

148 437 324 489 Agimus
358 448 456 487 ergo
489 433 757 487 potissimum
789 433 839 474 de
861 433 1064 483 Verrinis,
1087 430 1344 484 Philippicis,
1369 429 1640 479 Catilinariis,
1664 427 1867 480 Agrariis,

150 510 408 560 Milonianis,
451 509 501 550 de
539 508 758 562 Sextiana,
799 507 1008 548 Rosciana
1048 510 1091 548 et
1129 506 1221 547 aliis
1253 504 1472 546 similibus.
1542 527 1592 532 —
1656 501 1867 554 Principio

150 597 251 637 ergo
285 584 508 637 diligenter
539 595 588 624 ex
620 582 799 624 Asconio
831 581 1037 634 Pediano,
1079 580 1272 622 Manutio
1314 581 1388 620 aut
1430 578 1509 620 alio
1548 577 1779 629 interprete
1810 576 1871 616 in-

150 657 446 711 vestigandum
467 657 547 699 erit
569 659 866 709 argumentum
889 655 1105 705 orationis,
1139 666 1265 708 quam
1296 653 1516 706 legendam
1539 650 1870 703 susceperimus:

151 732 301 774 deinde
333 745 480 787 genus,
513 735 603 772 tum
637 732 774 772 status
807 732 849 772 et
881 729 1168 772 controversia
1200 729 1461 782 quaestionis
1494 730 1537 769 et
1568 729 1729 780 cetera,
1763 737 1871 777 quae

150 820 174 849 a
205 807 445 849 rhetoribus
478 806 616 848 solent
646 805 806 858 quaeri,
840 804 891 846 de
923 804 1076 857 quibus
1109 803 1194 856 egit
1217 802 1452 856 Cyprianus
1502 825 1551 831 ——
1587 799 1748 842 Deinde
1777 812 1871 841 con—

149 881 443 936 siderabimus,
477 881 570 934 quis
604 880 659 921 sit
689 880 872 931 auditor,
904 878 1101 930 Senatus,
1135 890 1187 919 an
1221 877 1418 930 populus,
1452 871 1502 917 an
1531 875 1728 929 judices?
1780 874 1869 915 Hoc

149 956 228 998 nisi
260 956 666 1008 animadvertamus,
707 967 925 1007 nunquam
964 957 1098 995 artem
1136 956 1178 994 et
1209 952 1293 993 vim
1326 950 1529 992 orationis
1572 948 1867 1000 intelligemus,

150 1034 211 1085 ut,
244 1031 316 1084 qui
349 1031 433 1072 vim
465 1031 642 1084 alicujus
676 1030 918 1084 catapultae
951 1032 1026 1071 aut
1057 1028 1237 1070 balistae
1269 1026 1368 1069 velit
1402 1036 1668 1078 cognoscere,
1699 1035 1870 1064 necesse

150 1109 214 1147 est
247 1108 343 1147 ante
375 1105 584 1158 exploret,
617 1118 701 1158 qua
733 1108 824 1147 arte
856 1108 898 1147 et
930 1103 1140 1157 praesidio
1172 1101 1360 1143 munitus
1401 1100 1456 1141 sit
1500 1099 1636 1149 locus,
1674 1097 1714 1138 in
1747 1108 1871 1149 quem

152 1180 363 1232 dirigitur.
425 1179 475 1220 Id
507 1192 605 1232 ergo
632 1193 733 1221 ‚culn
766 1179 1104 1233 cognoverimus,
1144 1175 1483 1229 observabimus,
1524 1173 1625 1226 quid
1659 1176 1750 1214 tota
1780 1183 1872 1212 ora-

151 1254 264 1296 tione
296 1254 494 1296 adhibeat
526 1254 670 1296 Cicero
703 1254 757 1296 ad
788 1266 932 1295 eorum
965 1253 1125 1294 animos
1162 1250 1447 1294 immutandos
1479 1252 1521 1291 ct
1552 1245 1870 1301 permovendos.

152 1330 253 1371 Tres
286 1333 426 1371 autem
459 1329 674 1372 machinas
706 1329 930 1371 admovere
968 1328 1086 1370 solet.
1148 1327 1316 1368 Prima
1347 1329 1447 1366 sunt
1478 1325 1752 1376 argumenta,
1784 1320 1873 1373 qui-

153 1404 231 1446 bus
264 1404 386 1446 docet
417 1404 653 1446 auditorem
685 1405 749 1446 vel
781 1417 858 1447 sua
890 1402 1175 1445 confirmando
1208 1401 1272 1443 vel
1308 1398 1598 1441 adversarium
1630 1395 1873 1443 refutando3

152 1491 201 1520 ea
231 1492 279 1521 ex
312 1476 496 1532 quatuor
526 1479 791 1532 potissimum
830 1478 1016 1520 fontibus
1048 1480 1271 1531 petuntur:
1319 1478 1367 1517 19
1403 1487 1453 1516 ex
1484 1472 1690 1526 propriis,
1738 1472 1789 1513 '29
1824 1482 1872 1511 ex

152 1553 370 1605 assumtis,
416 1555 467 1596 39
500 1567 548 1596 ex
591 1554 896 1606 communibus,
942 1554 994 1594 49
1031 1565 1080 1594 ex
1122 1551 1285 1605 topicis.
1355 1548 1573 1602 Propria
1618 1549 1719 1589 sunt
1765 1557 1873 1598 quae

152 1628 401 1670 Aristoteles
434 1629 619 1682 appellat
649 1628 820 1681 formas,
857 1630 1041 1680 suntque
1072 1625 1380 1679 propositiones
1414 1622 1623 1677 quaedam
1646 1620 1873 1672 unicuique

153 1703 296 1756 generi
328 1704 538 1757 propriae,
572 1716 619 1745 ex
652 1703 805 1756 quibus
839 1706 1089 1756 argumenta
1120 1700 1241 1757 fiunt,
1274 1705 1322 1742 ut
1353 1701 1394 1741 in
1425 1710 1576 1752 genere
1600 1695 1872 1739 deliberativo

154 1781 254 1818 sunt
274 1777 597 1833 propositiones,
622 1778 672 1819 de
694 1778 802 1829 utili,
825 1777 976 1827 inutili,
1010 1777 1061 1819 de
1083 1777 1236 1830 quibus
1261 1776 1349 1828 agit
1376 1775 1486 1816 idem
1510 1773 1686 1815 Aristot.
1720 1783 1809 1823 cap.
1835 1770 1872 1818 5,

155 1854 192 1903 6,
227 1854 248 1893 7
288 1852 357 1894 lib.
394 1855 412 1894 1
458 1852 673 1902 rhetoric.;
716 1853 758 1893 in
799 1852 1157 1906 demonstrativo,
1199 1864 1307 1904 quae
1348 1854 1481 1903 agunt
1521 1848 1572 1889 de
1614 1847 1791 1888 honesto
1832 1847 1876 1885 et

153 1927 282 1983 turpi,
316 1927 366 1968 de
398 1927 552 1979 quibus
585 1940 673 1981 cap.
702 1930 724 1968 7
757 1927 878 1983 ibid,
912 1940 1021 1981 quae
1053 1931 1095 1969 et
1126 1928 1305 1980 possunt
1343 1925 1429 1978 peti
1461 1937 1510 1966 ex
1541 1922 1721 1965 Ethicis:
1760 1923 1874 1962 recte

155 2003 262 2044 enim
296 2002 449 2044 ibidem
483 2003 748 2045 Aristoteles:
813 2003 944 2045 »Cum
983 2002 1160 2045 laudare
1190 2001 1272 2051 vis,
1304 1999 1419 2055 vide,
1459 1998 1559 2052 quid
1591 1996 1875 2051 praeciperes3

155 2082 197 2120 et
228 2091 322 2120 cum
354 2078 596 2131 praecipere
628 2077 704 2133 viS,
737 2077 844 2131 vide,
876 2078 977 2131 quid
1010 2077 1248 2119 laudares«
1312 2076 1360 2117 In
1382 2074 1573 2129 judiciali
1605 2077 1705 2115 sunt
1726 2083 1876 2125 propo-

155 2154 328 2196 sitiones
360 2153 412 2195 de
437 2154 554 2207 justo
587 2157 631 2195 et
660 2153 832 2206 injusto,
866 2153 917 2195 de
949 2153 1101 2206 quibus
1135 2165 1223 2205 cap.
1252 2152 1304 2193 10
1336 2151 1404 2193 lib.
1438 2153 1474 2192 1.
1528 2150 1597 2191 Ex
1629 2147 1875 2191 assumtis

157 2229 311 2271 dicitur
342 2228 501 2282 aliquid
532 2228 721 2282 probari,
755 2241 849 2270 cum
881 2242 917 2269 v.
953 2240 1012 2281 gr.
1047 2228 1089 2269 in
1122 2239 1274 2280 genere
1306 2225 1579 2268 deliberativo
1612 2224 1748 2266 utitur
1779 2223 1874 2276 quis

157 2305 443 2359 propositione
491 2304 542 2346 de
588 2303 784 2358 honestO,
839 2315 947 2356 quae
993 2307 1058 2345 est
1109 2302 1282 2356 propria
1328 2301 1493 2354 generis
1541 2298 1875 2342 demonstrativi.

159 2379 451 2422 Communia
488 2387 587 2421 sunt
628 2391 756 2431 quae,
796 2377 875 2419 etsi
914 2377 956 2418 in
998 2377 1192 2419 omnibus
1232 2375 1456 2429 generibus
1498 2376 1637 2416 locum
1677 2374 1876 2429 habeant,

158 2454 292 2506 magis
331 2457 471 2496 tamen
511 2451 583 2494 uni
624 2465 752 2506 quam
792 2452 915 2494 alteri
957 2451 1339 2494 accommodantur.
1402 2449 1623 2503 Ejusmodi
1667 2450 1767 2491 sunt
1805 2447 1878 2489 tri-

158 2529 286 2582 plices
325 2528 652 2582 propositiones:
708 2530 756 2569 19
788 2527 942 2580 quibus
985 2526 1242 2581 ostenditur,
1285 2525 1446 2578 aliquid
1485 2525 1647 2566 factum
1689 2523 1753 2565 vel
1794 2535 1877 2564 non

158 2603 316 2646 factum
349 2616 460 2657 esse,
503 2606 545 2644 et
575 2602 708 2655 magis
752 2601 910 2643 cadunt
950 2601 991 2642 in
1029 2601 1293 2656 judicialem,
1341 2602 1393 2642 29
1432 2599 1584 2653 quibus
1627 2597 1878 2651 ostenditur,

160 2678 317 2732 aliquid
363 2678 452 2720 fieri
494 2691 529 2719 v.
571 2690 653 2719 non
694 2676 783 2718 fieri
830 2689 972 2729 posse,
1020 2679 1063 2718 et
1108 2676 1363 2718 conveniunt
1407 2675 1541 2727 magis
1589 2673 1877 2723 deliberativo,

161 2755 233 2796 3⁰.
268 2753 421 2807 quibus
454 2765 521 2794 res
555 2750 849 2805 amplificatur,
883 2755 926 2792 et
956 2751 1089 2803 magis
1122 2751 1376 2792 conveniunt
1408 2748 1752 2791 demonstrativo.
1816 2747 1879 2788 De

161 2828 313 2882 quibus
347 2827 539 2869 omnibus
573 2827 660 2879 agit
690 2826 866 2868 Aristot.
900 2838 990 2879 cap.
1018 2827 1067 2867 19
1099 2825 1125 2866 l.
1151 2827 1215 2867 21.
1270 2825 1334 2867 De
1366 2823 1690 2877 amplificatione
1722 2825 1878 2876 autem,

161 2907 209 2945 ut
240 2903 411 2956 propria
442 2906 507 2944 est
540 2901 883 2955 demonstrativo,
915 2900 1002 2953 agit
1034 2912 1066 2942 c.
1092 2902 1116 2941 9
1147 2900 1173 2941 1.
1202 2902 1236 2942 1.
1285 2900 1347 2942 De
1370 2899 1515 2941 eadem
1539 2896 1879 2940 communissime

162 2978 249 3031 agit
281 2977 515 3031 Cyprianus
555 2990 587 3019 c.
618 2978 671 3018 33
704 2977 729 3017 l.
761 2979 796 3017 1.
861 2975 961 3017 Loci
992 2974 1172 3027 denique
1214 2975 1371 3027 topici
1409 2977 1509 3016 sunt
1549 2973 1596 3020 ii,
1638 2972 1689 3013 de
1726 2970 1878 3024 quibus

163 3052 396 3106 Cyprianus
429 3064 450 3092 a
485 3064 516 3093 c.
545 3054 593 3092 15
626 3052 652 3092 1.
680 3054 714 3092 1.
