2164 3535
241 205 295 247 24
754 201 949 245 catalogus
975 205 1174 245 perpetuus
1200 199 1329 234 Rheni.
1381 203 1479 235 1622.

242 357 340 387 seae
371 343 611 398 explicatis,
644 342 790 385 Iliadis
822 341 1159 396 subsequantur,
1192 340 1435 394 singulique
1465 341 1508 383 in
1540 341 1734 394 utrisque
1765 341 1861 384 libri
1893 340 1975 383 sin-

245 419 354 473 gulis
388 419 508 461 annis
541 418 797 472 assignandi.

383 507 431 548 In
479 505 746 548 humanitate
793 504 1002 546 Martialis
1049 504 1358 558 epigrammata
1407 517 1482 558 per
1527 504 1795 558 septennium
1842 503 1978 547 absol-

245 585 414 636 vantur,
447 581 613 623 duobus
646 593 754 623 anno
789 579 978 633 quolibet
1010 579 1239 633 explicatis.

385 670 433 711 In
476 669 616 711 media
653 667 956 722 grammaticae
988 666 1126 710 Ovidii
1159 666 1288 709 libros
1321 666 1373 708 de
1401 667 1536 709 Ponto
1569 666 1757 719 singulos
1790 666 1980 720 ejusdem

247 745 404 788 Tristia
443 744 568 786 simili
610 743 757 786 ordine
797 742 1025 798 excipiant,
1068 742 1128 784 ita
1167 745 1330 798 tamen,
1373 745 1421 784 ut
1462 742 1503 784 in
1536 742 1601 785 his
1632 742 1739 785 liber
1769 741 1980 784 secundus

248 820 483 863 omittatur.

389 1041 438 1082 In
483 1040 558 1082 der
599 1010 741 1082 ersten
772 1038 1012 1080 Redaktion
1052 1037 1124 1079 des
1158 1036 1418 1090 »Catalogus
1450 1040 1712 1090 perpetuus«
1745 1049 1885 1078 waren
1919 1036 1986 1078 die

252 1115 527 1159 Lehrbiicher
564 1114 650 1156 und
682 1115 903 1156 Auktoren
941 1112 1148 1155 zunachst
1190 1125 1271 1153 nur
1312 1112 1388 1154 auf
1415 1112 1523 1153 drei
1555 1111 1687 1154 Jahre
1718 1113 1985 1165 festgesetzt3

251 1193 343 1234 eine
374 1190 520 1233 zweite
542 1190 783 1234 Redaktion
815 1202 909 1230 vom
933 1187 1065 1230 Jahre
1101 1188 1208 1229 1628
1241 1187 1359 1229 teilte
1392 1186 1470 1229 den
1496 1187 1711 1229 Lehrstoff
1738 1188 1814 1229 auf
1841 1187 1987 1230 sechs

253 1268 385 1310 Jahre
428 1280 518 1309 aus.
581 1267 667 1308 Der
700 1265 840 1308 Codex
884 1264 958 1306 des
991 1263 1222 1305 deutschen
1254 1262 1432 1305 Archivs
1465 1263 1540 1305 der
1572 1262 1853 1305 Gesellschaft
1883 1263 1986 1305 Jesu

254 1343 373 1386 XIII.
407 1343 453 1385 L.
489 1342 547 1395 (in
581 1341 787 1395 supplem.
821 1353 859 1394 p.
895 1341 966 1392 21)
998 1338 1174 1380 meldet:

393 1430 514 1471 Anno
555 1429 677 1470 1628.
743 1426 973 1479 Catalogus
1016 1438 1146 1480 supra
1179 1425 1241 1482 [p.
1279 1427 1328 1467 19
1343 1426 1426 1479 sq.]
1469 1425 1707 1479 descriptus
1747 1425 1989 1479 recognitus

255 1508 340 1561 est,
383 1506 560 1559 ejusque
599 1503 798 1557 periodus
840 1502 1036 1544 sexennio
1069 1501 1316 1557 terminata,
1356 1514 1439 1554 quo
1479 1500 1597 1543 finito
1641 1501 1694 1542 ad
1736 1501 1990 1555 principium

257 1582 332 1624 fiat
364 1592 604 1635 regressus,
637 1578 762 1620 modo
794 1578 970 1620 inferius
1003 1577 1153 1631 posito.
1216 1577 1299 1619 Ubi
1331 1575 1544 1618 videbitur
1574 1576 1800 1630 plerosque
1832 1575 1992 1618 Autho-

257 1671 324 1700 res
363 1659 481 1700 sexto
525 1666 634 1696 anno
673 1666 914 1707 recurrere,
956 1652 1168 1694 nonnullis
1209 1651 1414 1705 exceptis,
1458 1655 1506 1693 ut
1545 1652 1586 1692 in
1629 1651 1879 1707 Rhetorica,
1920 1651 1992 1693 ubi

259 1733 329 1775 alii
370 1731 575 1785 triennio,
620 1729 690 1771 alii
732 1728 1011 1783 quadriennio
1051 1730 1338 1770 resumuntur.
1402 1727 1570 1769 Horatii
1610 1727 1707 1769 libri
1748 1727 1992 1769 Carminum

258 1810 320 1851 ita
363 1805 579 1850 distributi
623 1809 743 1859 sunt,
784 1807 834 1845 ut
871 1804 985 1845 intra
1016 1803 1202 1845 sexennii
1235 1802 1440 1844 ambitum
1472 1802 1542 1843 lib.
1580 1805 1597 1843 1
1635 1804 1677 1844 et
1708 1804 1746 1843 4.
1781 1815 1866 1844 una
1898 1815 1993 1844 cum

264 1884 443 1938 Epodon
476 1881 618 1935 semel,
651 1881 807 1923 caeteri
840 1879 904 1922 bis
936 1881 1218 1921 revertantur.
1272 1879 1420 1931 Neque
1451 1878 1561 1920 enim
1592 1878 1733 1932 potuit
1764 1878 1888 1920 aliter
1909 1882 1994 1920 sta-

261 1960 404 2003 bilitas
437 1957 630 2001 obtineri.

401 2046 448 2087 In
480 2045 664 2087 Homero
699 2042 1028 2096 observandum,
1060 2045 1127 2093 ut,
1160 2042 1278 2084 libris
1311 2041 1527 2095 Odysseae
1559 2040 1798 2094 explicatis,
1836 2039 1994 2081 Iliados

266 2124 604 2176 subsequantur,
657 2118 732 2161 sed
776 2118 1000 2170 utriusque
1045 2117 1183 2171 operis
1235 2117 1387 2170 singuli
1427 2116 1522 2158 libri
1563 2115 1740 2169 singulis
1782 2115 1995 2168 assignen-

264 2203 335 2241 tur
367 2197 500 2240 annis.

404 2273 453 2315 In
486 2270 765 2313 Humanitate
800 2270 850 2310 14
882 2267 1092 2310 Martialis
1135 2267 1229 2309 libri
1274 2266 1492 2320 septennio
1532 2266 1833 2321 absolvuntur,
1876 2264 1995 2307 annis

267 2348 444 2402 singulis
476 2346 575 2389 bini.

408 2435 455 2476 In
488 2432 629 2475 media
660 2430 968 2473 Grammatices
998 2428 1127 2470 libros
1162 2427 1300 2470 Ovidii
1333 2426 1383 2469 de
1416 2427 1549 2468 Ponto
1582 2427 1770 2481 singulos
1794 2426 1996 2469 Tristium

269 2511 394 2553 simili
427 2509 574 2552 ordine
604 2507 830 2561 excipiunt,
862 2506 923 2547 ita
954 2508 1110 2559 tamen,
1143 2507 1190 2545 ut
1220 2504 1262 2545 in
1294 2503 1358 2545 his
1390 2503 1496 2544 liber
1524 2503 1735 2545 secundus
1758 2502 1995 2544 omittatur.

408 2595 558 2638 Infima
596 2594 742 2637 classis
775 2592 878 2634 nihil
910 2604 1097 2645 unquam
1131 2594 1292 2645 mutat,
1335 2589 1409 2632 sed
1441 2590 1531 2643 ejus
1564 2590 1770 2632 Auctores
1803 2588 1995 2631 omnibus

271 2672 392 2714 annis
423 2674 662 2714 recurrunt.
