2164 3535
566 214 635 248 Eid
663 213 727 248 der
752 212 979 258 papstlichen
1007 210 1266 246 Seminaristen
1293 210 1363 245 seit
1390 212 1488 246 1660.
1808 213 1889 253 285

168 356 414 397 Protectore
446 356 521 396 aut
552 353 682 395 Sacra
714 351 1050 404 Congregatione
1082 351 1133 392 de
1165 350 1246 392 fide
1278 349 1554 403 propaganda
1586 352 1662 390 aut
1700 347 1892 401 ejusdem

170 429 289 471 Sedis
322 429 502 481 Nuntio,
543 431 704 470 statum
736 426 1066 469 ecclesiasticum
1100 425 1352 480 amplectar,
1392 427 1434 466 et
1466 424 1518 466 ad
1557 436 1701 465 omnes
1734 435 1891 477 sacros,

170 505 296 546 etiam
331 503 675 556 Presbyteratus,
709 501 890 555 ordines,
923 513 1017 542 cum
1051 499 1349 553 Superioribus
1381 499 1517 540 visum
1549 498 1696 548 fuerit,
1728 509 1893 550 promo-

170 580 308 621 vebor.
371 578 562 630 Denique
593 576 778 629 spondeo
811 579 854 617 et
881 577 992 630 juro,
1025 575 1138 628 quod
1165 576 1288 628 jussu
1321 574 1422 616 Illm.i
1456 572 1691 616 Cardinalis
1724 572 1892 613 Protec-

170 654 288 704 toris„
322 653 386 694 vel
416 652 658 705 praedictae
692 650 1040 703 Congregationis
1074 649 1125 691 de
1156 649 1433 703 propaganda
1464 648 1564 701 fide,
1607 648 1671 690 vel
1703 647 1894 700 ejusdem

171 727 290 770 Sedis
323 727 494 776 Nuntii,
533 726 622 769 sine
654 738 772 767 mora
804 725 845 765 in
879 724 1135 777 provinciam
1167 736 1303 765 meam
1335 728 1554 775 revertar,
1595 725 1640 764 ut
1671 723 1727 764 ibi
1760 723 1800 763 in
1835 722 1894 763 di-

172 803 276 844 vinis
310 801 656 844 administrandis
690 800 877 841 laborem
911 811 1050 848 meum
1084 803 1126 840 et
1158 811 1329 851 operam
1362 811 1436 851 pro
1475 799 1614 840 salute
1656 798 1894 838 animarum

171 877 422 931 impendam.
488 875 609 926 Quod
642 875 769 916 etiam
801 873 1049 927 praestabo,
1089 873 1124 914 si
1157 885 1251 914 cum
1283 872 1526 925 praedictae
1559 873 1678 914 Sedis
1709 872 1893 921 licentia,

172 956 248 994 aut
279 955 375 1005 post
407 950 636 993 triennium
668 949 930 1002 praedictum
970 948 1058 990 sine
1091 948 1203 989 dicta
1239 947 1409 988 licentia
1440 947 1719 999 Religionem,
1759 947 1897 988 Socie-

171 1030 303 1069 tatem
346 1030 421 1068 aut
463 1025 841 1078 Congregationem
884 1023 1121 1076 regularem
1162 1022 1378 1074 ingressus
1419 1022 1537 1062 fuero
1580 1025 1622 1063 et
1662 1022 1702 1062 in
1746 1034 1897 1062 earum

172 1102 314 1155 aliqua
345 1100 647 1154 professionem
688 1099 877 1141 emisero.
942 1099 1010 1140 Sic
1049 1111 1114 1140 me
1152 1098 1268 1139 Deus
1312 1097 1484 1150 adjuvet
1525 1099 1567 1138 et
1606 1097 1707 1138 haec
1746 1099 1894 1138 sancta

172 1177 250 1219 Dei
282 1176 525 1229 Evangelia.

223 1575 352 1629 Eid
409 1575 527 1627 der
579 1572 1046 1646 papstlichen
1099 1571 1623 1626 Seminaristen
1680 1570 1845 1623 1660.

654 1684 794 1729 (Al-ch.
820 1684 951 1720 Germ.
978 1683 1089 1720 VIII.
1114 1684 1159 1719 F.
1186 1693 1223 1719 a.
1249 1692 1283 1718 s.
1309 1683 1421 1727 pag.)

311 1800 380 1835 Die
412 1798 673 1842 nachfolgende
712 1797 948 1832 Eidesformel
982 1797 1056 1840 galt
1088 1797 1157 1832 seit
1192 1799 1281 1832 1660
1311 1795 1370 1830 fur
1401 1796 1489 1830 alle
1523 1795 1751 1840 papstlichen
1788 1795 1899 1829 Semi-

173 1858 345 1901 naristen‚
371 1858 418 1892 ist
431 1856 564 1901 jedoch
583 1855 618 1889 in
637 1865 787 1890 unserer
805 1854 930 1897 Quelle
948 1854 1160 1889 bezeichnet
1179 1854 1237 1888 »in
1256 1854 1429 1888 Convictu
1450 1853 1484 1887 S.
1499 1852 1684 1887 Barbarae
1701 1853 1899 1887 Viennae«.

175 1916 209 1950 S.
235 1916 329 1960 Bull,
355 1915 509 1959 Propag.
536 1915 563 1959 Ι7
585 1917 650 1949 140
661 1925 706 1949 ss.
734 1914 848 1948 Breve
883 1914 1161 1948 declaratorium
1187 1913 1384 1947 Iuramenti
1419 1912 1629 1957 praestandi
1663 1912 1707 1946 ab
1734 1911 1900 1945 Alumnis

174 1973 414 2017 collegiorum
444 1972 715 2007 Pontificiorum
747 1972 779 2006 d.
806 1972 838 2006 d.
865 1974 919 2006 20.
938 1972 1003 2006 Iul.
1034 1974 1138 2016 1660,
1184 1970 1256 2006 und
1288 1970 1422 2014 Mejer,
1460 1970 1701 2014 Propaganda
1726 1969 1759 2013 Ι,
1785 1968 1899 2004 236ff.

174 2031 256 2066 Wie
283 2041 347 2066 aus
374 2031 491 2066 einem
516 2029 638 2065 Briefe
665 2030 728 2065 des
755 2030 793 2064 P.
819 2030 941 2065 Jakob
968 2030 1148 2074 Thoman,
1183 2028 1246 2064 des
1272 2029 1416 2073 Regens
1444 2029 1491 2063 im
1518 2029 1669 2063 Wiener
1694 2028 1900 2071 Alumnate,

174 2099 253 2124 vom
279 2092 310 2124 6.
328 2089 471 2124 Januar
499 2090 586 2124 1657
612 2088 736 2131 (Arch.
763 2088 804 2122 G.
833 2088 917 2123 ibid.
948 2087 1185 2131 »Exemplum
1212 2087 1416 2122 litterarum
1443 2086 1481 2121 P.
1503 2086 1677 2130 Regentis
1704 2085 1900 2121 Conuictus

175 2147 392 2182 Viennensis
418 2146 464 2181 ad
489 2146 529 2181 P.
556 2146 796 2181 Assistentem
823 2146 1078 2188 Germaniae«)
1103 2145 1333 2190 hervorgeht,
1360 2155 1433 2179 war
1459 2144 1523 2179 das
1550 2144 1700 2179 Wiener
1727 2145 1901 2179 Alumnat

175 2215 253 2238 vom
279 2205 317 2238 P.
338 2204 477 2248 Gregor
494 2204 592 2238 XIII.
619 2206 828 2248 (1572-85)
855 2203 1016 2247 gestiftet
1042 2203 1114 2237 und
1140 2203 1301 2237 nachher
1326 2213 1393 2237 von
1421 2203 1546 2238 Urban
1563 2202 1660 2237 VHI.
1688 2204 1899 2247 (1623—44)

174 2262 348 2305 bestatigt
373 2261 445 2296 und
471 2261 674 2297 reformiert
700 2261 854 2296 worden.
903 2261 978 2295 Der
1002 2261 1273 2305 letztgenannte
1299 2261 1413 2305 Papst
1439 2261 1575 2296 stiftete
1601 2260 1705 2295 darin
1731 2264 1776 2295 20
1799 2260 1899 2295 Frei-

176 2320 309 2364 platze:
352 2323 394 2354 14
425 2318 482 2353 fur
515 2319 832 2363 osterreichisehe⁷
860 2319 898 2361 je
930 2318 1017 2352 zwei
1049 2317 1107 2352 fiir
1139 2318 1436 2362 graufflmdener,
1474 2318 1630 2352 walliser
1666 2318 1738 2353 und
1772 2318 1902 2353 berner

176 2377 407 2412 Kandidaten
432 2377 495 2412 des
520 2376 788 2411 Priestertums.

428 2610 572 2658 Nova
609 2609 826 2657 formula
856 2607 1062 2675 jurandi
1101 2625 1130 2655 a
1166 2606 1394 2672 quolibet
1433 2607 1652 2656 Alumno

181 2699 444 2748 Pontificio
495 2702 547 2749 in
595 2701 842 2750 Convictu
893 2701 941 2749 S.
987 2699 1239 2748 Barbarae
1283 2699 1508 2749 Viennae
1560 2700 1899 2768 [emittenda].

318 2838 408 2891 Ego
449 2839 545 2880 NN.
590 2839 806 2882 Dioecesis
845 2839 893 2880 N.
935 2839 1102 2892 plenam
1142 2838 1301 2880 habens
1343 2838 1532 2880 Instituti
1574 2838 1698 2881 huius
1739 2838 1900 2891 collegii

181 2913 398 2955 notitiam:
440 2914 602 2967 legibus
645 2917 688 2956 et
720 2913 1105 2956 Constitutionibus
1137 2913 1294 2967 ipsius,
1336 2926 1441 2967 quas
1473 2914 1592 2955 iuxta
1625 2913 1901 2966 Superiorum

181 2988 501 3041 explicationem
544 2989 793 3044 amplector,
836 3001 901 3030 me
944 2991 1094 3041 sponte
1131 2987 1328 3041 subijcio,
1373 3000 1530 3041 easque
1568 3000 1644 3041 pro
1677 3000 1801 3041 posse
1833 2987 1902 3028 ob-

182 3075 353 3104 servare
384 3063 596 3115 promitto.

320 3136 500 3189 Insuper
530 3138 716 3192 spondeo
748 3141 791 3180 et
820 3138 928 3193 iuro,
960 3137 1074 3190 quod
1106 3138 1207 3179 dum
1239 3138 1279 3179 in
1311 3138 1389 3180 hoc
1422 3137 1596 3190 collegio
1629 3136 1903 3192 permaneb0‚
