2164 3535
559 217 740 252 Admissio
766 217 811 251 ad
838 218 930 252 Sem.
957 216 1230 251 Bruntrutense.
1282 215 1375 249 Circ.
1405 216 1501 250 1715.
1809 217 1887 258 331

169 358 347 400 Constit.
372 357 527 412 Synod.
561 371 599 412 p.
620 359 644 400 3
679 370 734 399 ar,
758 357 796 408 2,
830 357 869 412 3,
901 359 941 412 4,
973 357 997 398 5
1031 357 1294 407 statuuntur,
1327 354 1518 408 adeoque
1540 366 1683 397 omnes
1705 354 1891 397 habeant

169 432 325 475 dictam
357 432 565 487 Synopsin
598 435 641 475 et
674 435 819 475 exacte
850 431 1005 484 legant.

307 521 344 562 5.
399 521 532 562 Nemo
586 519 824 561 initiabitur
870 519 1188 561 Subdiaconatu
1234 518 1315 560 nisi
1364 520 1459 572 post
1505 517 1687 558 alterum
1736 529 1891 558 annum

170 595 422 647 Theologiae
454 594 648 649 moralis,
693 597 735 636 et
765 594 993 636 transactis
1026 594 1066 635 in
1100 592 1334 635 Seminario
1367 606 1440 635 sex
1472 591 1705 634 mensibus:
1754 603 1895 633 serva-

169 670 328 711 buntur
370 681 538 722 quoque
577 668 772 721 deinceps
812 668 864 709 ab
907 681 990 709 uno
1024 668 1181 709 Ordine
1223 668 1277 709 ad
1310 668 1493 710 alterum
1525 666 1726 709 Ordinem
1761 667 1895 708 Inter-

171 744 289 787 stitia
320 757 392 786 sex
424 743 643 785 mensium.

307 833 344 873 6.
398 831 577 881 Omnes,
621 830 691 883 qui
730 842 806 883 pro
841 841 943 870 cura
976 829 1223 870 Animarum
1257 841 1349 870 cum
1383 829 1586 870 facultate
1619 828 1895 882 Superiorum

169 907 302 961 primo
335 905 600 948 examinandi
632 908 750 956 sunt,
783 904 938 946 sistant
970 916 1013 945 se
1047 904 1227 945 examini
1262 903 1626 957 Ordinandorum,
1666 906 1708 944 et
1740 903 1774 944 si
1806 903 1896 955 qui—

169 983 263 1024 dem
307 982 349 1023 in
388 980 621 1022 Seminario
662 979 958 1021 Bruntrutano
1003 979 1181 1020 necdum
1223 978 1403 1029 fuerint,
1452 991 1526 1030 per
1567 991 1697 1018 111111111
1744 978 1895 1019 saltem

170 1070 354 1100 mensem
394 1055 497 1097 illud
539 1055 742 1097 incolent:
784 1055 844 1096 uti
887 1058 928 1095 et
969 1053 1050 1104 illi,
1093 1053 1164 1106 qui
1198 1066 1222 1095 a
1255 1052 1539 1095 Collatoribus
1573 1052 1895 1105 quibuscunque

170 1133 339 1175 demum
384 1130 644 1185 praesentati
692 1129 745 1171 ad
791 1127 1004 1170 Beneficia
1058 1128 1310 1181 praesertim
1359 1127 1520 1170 Curata
1578 1126 1895 1180 approbationis

169 1207 333 1249 litteras
365 1206 442 1248 sibi
477 1205 659 1258 concedi,
693 1208 736 1246 et
768 1204 952 1257 expediri
986 1204 1217 1257 postulant.

311 1294 347 1334 7.
398 1292 618 1345 Expensae
650 1303 725 1344 pro
761 1291 873 1332 victu
907 1303 1020 1331 nunc
1053 1290 1254 1343 maj0res,
1297 1302 1407 1330 1111110
1447 1289 1628 1331 minores
1678 1301 1752 1343 pro
1793 1289 1898 1331 cari-

173 1371 261 1409 tate
293 1379 484 1409 annonae
516 1368 773 1409 statuentur.
836 1365 963 1407 Modo
1003 1366 1043 1406 in
1077 1368 1239 1418 septem
1271 1364 1380 1418 dies,
1420 1365 1505 1406 sive
1544 1365 1585 1405 in
1618 1364 1898 1417 septimanam

176 1442 420 1496 penduntur
451 1443 477 1483 4
514 1441 649 1483 librae
691 1444 733 1483 et
777 1442 827 1482 10
870 1452 997 1482 asses.
1065 1439 1325 1493 Semperque
1365 1439 1579 1481 trimestre
1622 1439 1898 1492 anticipatum

171 1517 361 1560 solvitur.

311 1605 348 1645 8.
400 1603 589 1645 Vestitus
635 1602 1009 1644 Seminaristarum
1052 1604 1138 1657 est,
1201 1602 1336 1654 qualis
1391 1601 1510 1644 decet
1558 1601 1898 1644 Ecclesiasticos:

174 1683 276 1733 toga
310 1680 375 1731 (111
406 1681 559 1720 vocant
593 1677 823 1724 »Sotane‹³)
858 1681 901 1719 et
932 1677 1105 1730 pallium
1140 1676 1194 1718 ad
1237 1677 1345 1718 talos
1389 1676 1597 1718 defluens:
1661 1677 1900 1728 Cingulum,

174 1755 359 1809 biretus,
391 1753 548 1809 pileus,
582 1753 754 1795 collaria
787 1752 1080 1794 Sacerdotalia
1111 1752 1312 1805 oblonga,
1354 1752 1615 1793 manicarum
1648 1752 1781 1793 lineae
1812 1750 1900 1792 fim—

176 1830 293 1872 briae
326 1830 349 1871 3
384 1829 551 1871 circiter
582 1828 722 1881 digitis
756 1828 893 1879 latae,.
916 1841 997 1869 non
1031 1832 1217 1878 erectae,
1252 1827 1325 1869 sed
1358 1827 1530 1881 planae,
1563 1828 1690 1880 atque
1725 1826 1898 1868 manicis

181 1908 305 1958 togae
338 1903 637 1946 adhaerentes:
681 1903 1031 1957 superpelliceum
1066 1916 1160 1945 011111
1194 1903 1322 1955 largis
1355 1903 1543 1952 manicis,
1577 1902 1783 1953 cochlear,
1817 1902 1900 1944 cul-

176 1984 254 2035 ter,
286 1979 495 2022 fuscinula
526 1980 686 2033 pariter
718 1978 963 2021 afferantur.

315 2068 352 2108 9.
403 2066 519 2108 Libri
551 2066 776 2108 necessarii
798 2069 898 2108 sunt
921 2078 1043 2107 sacra
1066 2066 1301 2119 Scriptura,
1337 2065 1568 2107 Concilium
1592 2065 1622 2107 T
1628 2065 1899 2116 ridentinuni,

178 2142 380 2197 Synopsis
422 2141 783 2183 Constitutionum
824 2141 1097 2193 Synodaliuni
1140 2141 1353 2182 Dioecesis
1395 2140 1676 2193 Basileensis,
1719 2140 1901 2182 Thomas

181 2217 353 2271 Kempis
387 2216 438 2258 de
469 2216 711 2258 Imitatione
744 2216 914 2268 Christi,
948 2217 1172 2269 Proprium
1205 2216 1469 2269 Basileense,
1503 2215 1781 2265 Breviarium,
1814 2215 1902 2256 Ma-

180 2293 303 2335 nuale
337 2292 461 2334 Chori
502 2305 578 2345 pro
619 2291 839 2333 cantandis
872 2292 999 2333 Horis
1034 2292 1207 2333 Diurnis
1241 2291 1476 2333 Colniariae
1514 2291 1788 2343 impressum:
1831 2289 1902 2342 qui

180 2368 295 2410 Libri
329 2367 498 2409 venales
530 2369 727 2420 prostant
759 2366 871 2419 apud
904 2366 1185 2419 Bibliopolam
1218 2366 1456 2407 Bruntruti.

323 2456 385 2495 10.
436 2454 480 2496 81
511 2454 604 2507 quis
637 2454 786 2496 Libros
819 2454 944 2495 utiles
979 2452 1128 2495 afferre
1160 2452 1262 2494 velit
1303 2465 1378 2505 pro
1426 2464 1501 2492 suo
1545 2452 1585 2493 in
1620 2452 1776 2492 virtute
1809 2463 1903 2504 pro-

180 2530 306 2582 fectu,
338 2532 627 2583 suggeruntur
659 2532 884 2582 sequentes
950 2529 1089 2581 Opera
1120 2528 1164 2569 P.
1198 2527 1400 2569 Ludovici
1435 2527 1485 2569 de
1517 2527 1664 2579 Ponte,
1698 2526 1903 2579 ejusdem—

182 2618 263 2658 que
296 2604 599 2658 Compendium
630 2604 977 2654 Meditationum,
1011 2604 1108 2645 Vita
1149 2603 1188 2645 8.
1230 2604 1440 2645 Francisci
1482 2603 1650 2651 Salesii,
1690 2602 1730 2644 8.
1765 2602 1904 2644 Caroli

183 2680 449 2733 Borromaei,
483 2679 622 2732 Opera
654 2679 696 2720 P.
734 2679 935 2720 Ludovici
969 2678 1267 2733 Granatensis,
1299 2678 1467 2720 Domini
1500 2678 1703 2719 Beuvelet
1777 2677 1905 2718 Paro-

183 2755 300 2810 chus,
334 2754 642 2809 Confessarius,
676 2754 943 2796 Christianus
974 2754 1210 2796 instructus
1242 2754 1285 2795 P.
1318 2754 1502 2807 Segneri.
1553 2754 1741 2796 Historia
1764 2753 1905 2794 Eccle-

183 2829 354 2872 siastica
386 2828 612 2882 Spondani.
676 2829 865 2870 Historia
899 2829 1193 2870 Conciliorum.
1257 2829 1427 2871 Rituale
1457 2829 1711 2871 Basileense.
1774 2829 1904 2870 Theo-

182 2904 294 2956 logia
326 2904 497 2946 moralis
521 2905 565 2945 P.
591 2905 653 2945 La
677 2904 800 2945 Croix
834 2902 872 2945 S.
899 2904 935 2945 J.
988 2904 1296 2945 Instructiones
1320 2904 1362 2945 P.
1390 2904 1572 2945 Lobneri
1595 2916 1670 2957 pro
1694 2903 1902 2953 Rubricis,

185 2982 227 3020 et
257 2979 383 3020 variis
415 2977 700 3021 functionibus
733 2979 1053 3022 Ecclesiasticus,

329 3068 392 3107 11.
438 3065 545 3107 Bina
576 3067 802 3119 quotannis
834 3070 1028 3120 tempora
1061 3066 1328 3108 destinantur
1352 3065 1571 3107 Exercitiis
1597 3063 1902 3118 spiritualibus.

186 3140 329 3182 Prima
359 3139 674 3182 inchoabuntur
704 3141 810 3183 feria
842 3145 960 3182 sexta
992 3146 1091 3194 post
1121 3142 1296 3183 Festum
1318 3140 1604 3182 Ascensionis:
1638 3139 1732 3180 Alia
1763 3151 1905 3180 mense
