2164 3535
252 217 335 257 512
462 213 694 258 Einfiihrung
719 214 782 249 der
808 224 924 249 neuen
950 212 992 248 R.
1013 218 1055 250 st.
1081 214 1118 248 in
1145 213 1209 248 der
1234 213 1521 250 oberdeutschen
1549 215 1651 251 Prov.
1674 219 1769 252 1834.

252 355 436 398 domada
468 357 688 397 tractatas.
743 355 796 396 2²?
826 354 932 396 hora
962 356 1159 407 repetant
1188 353 1388 407 Theologi
1422 368 1470 397 ex
1503 355 1682 409 Exegesi
1714 359 1758 397 et
1788 356 1978 398 Historia

252 430 567 485 Ecclesiastica,
599 429 664 471 vel
694 428 868 471 alternis
900 428 1177 471 hebdomadis
1209 429 1535 489 praelectionem
1566 429 1762 472 habeant.
1817 430 1979 473 Eadem

252 506 358 548 hora
389 505 551 559 pariter
582 503 826 546 alternatim
858 502 1102 556 Philosophi
1135 516 1185 546 ex
1216 503 1370 546 Philos.
1406 505 1579 560 morali,
1613 508 1656 547 et
1686 505 1977 548 Mathematici

253 581 303 623 ’ΖΞ
338 580 436 622 anni
468 592 517 621 ex
550 578 733 621 Mathesi
766 580 961 631 repetant
994 577 1058 620 vel
1089 578 1419 632 praelectionem
1451 579 1650 622 habeant.

390 656 522 696 Porro
550 666 626 708 pro
661 653 950 707 disputatione
983 653 1067 695 duo
1090 656 1257 695 tantum
1282 654 1335 696 ad
1358 654 1684 712 defendendum,
1718 655 1800 698 duo
1824 655 1878 698 ad
1910 668 1981 709 op-

249 729 492 786 ponendum
533 742 582 771 ex
622 729 724 783 ipsis
767 728 984 782 discipulis
1034 729 1197 782 aliquot
1240 729 1391 771 diebus
1433 732 1530 771 ante
1575 730 1824 784 designandi
1865 734 1977 773 sunt.

249 806 314 849 Ad
347 805 624 860 repetendum
658 817 802 846 omnes
835 804 994 846 alumni
1026 804 1112 847 sint
1141 805 1282 858 parati
1315 809 1484 859 oportet
1549 806 1813 860 Repetentur
1837 809 1979 849 autem

250 881 455 924 materiae
486 879 839 935 praecedentibus
880 880 1103 933 quindenis
1147 880 1296 922 diebus
1339 884 1572 936 tractatae,
1614 881 1907 935 interrogante
1938 885 1982 924 et

249 959 577 1011 argumentante
608 956 698 1009 ipso
732 955 1023 1009 Praeceptore.

388 1032 436 1074 In
470 1031 670 1085 collegiis,
703 1031 774 1073 ubi
807 1044 917 1073 unus
949 1035 1015 1073 est
1045 1031 1286 1083 Professor,
1320 1032 1380 1074 ita
1410 1045 1479 1074 res
1512 1032 1754 1088 ordinetur,
1788 1036 1838 1074 ut
1868 1032 1980 1074 omni

252 1107 531 1150 Hebdomada
576 1106 809 1160 disputatio
860 1106 1192 1149 hebdomadaria
1238 1120 1367 1161 super
1416 1108 1596 1150 materia
1641 1108 1883 1164 principali,
1939 1112 1982 1151 et

254 1186 331 1225 159
367 1183 514 1237 quovis
548 1182 614 1224 die
647 1182 843 1235 repetitio
876 1195 1005 1235 super
1035 1182 1225 1224 materiis
1258 1183 1408 1224 saltem
1442 1183 1688 1226 accessoriis
1720 1183 1941 1226 habeatur.

389 1259 433 1311 d)
468 1259 689 1300 Menstrua
726 1257 960 1311 disputatio
991 1256 1082 1300 fieri
1114 1258 1242 1300 debet
1274 1258 1441 1311 publice
1474 1271 1615 1300 coram
1649 1259 1805 1301 nostris
1837 1261 1880 1301 et
1913 1271 1982 1300 ex-

250 1334 398 1390 ternis,
432 1347 470 1375 v.
494 1346 531 1386 g.
566 1333 701 1386 primo
735 1333 883 1386 quovis
917 1333 983 1374 die
1015 1333 1164 1375 martis
1197 1333 1384 1387 cujusvis
1415 1334 1571 1376 mensis
1605 1334 1670 1376 vel
1703 1334 1784 1376 alio
1808 1334 1874 1376 die
1896 1346 1978 1376 non

250 1410 464 1464 impedito.
501 1434 551 1439 -—
587 1409 681 1451 Sint
711 1412 776 1451 tot
799 1408 1086 1463 defendentes,
1120 1411 1225 1462 quot
1245 1409 1451 1463 magistri,
1485 1422 1666 1462 quorum
1690 1409 1980 1451 conclusiones

250 1485 527 1540 disputationi
558 1488 865 1539 proponuntur.
932 1485 1050 1539 (Reg.
1079 1487 1129 1526 15
1163 1485 1298 1527 Praef.
1334 1488 1445 1539 sup.)
1511 1510 1560 1515 —-
1626 1486 1672 1527 In
1713 1485 1825 1527 omni
1868 1497 1982 1527 men-

250 1564 372 1602 strua
403 1573 451 1602 ex
495 1560 683 1602 materiis
727 1560 971 1602 accessoriis
1014 1560 1157 1613 aliqua
1201 1560 1412 1602 conclusio
1446 1564 1522 1602 aut
1553 1560 1797 1602 dissertatio
1834 1560 1982 1612 adjun-

250 1640 389 1688 gatur.
453 1636 571 1688 (Reg.
607 1635 788 1677 Profess.
822 1636 965 1689 script.
1001 1648 1129 1689 sacr.,
1167 1636 1251 1689 jur.
1287 1648 1376 1677 can.
1412 1639 1453 1677 et
1484 1635 1638 1677 Philos.
1673 1638 1796 1689 mor)
1828 1660 1882 1665 -—
1916 1634 1979 1677 Ad

250 1711 353 1753 haec
395 1710 595 1753 exercitia
634 1710 805 1764 publica
846 1710 1114 1753 destinentur
1146 1714 1314 1752 tantum
1347 1711 1556 1753 doctiores
1590 1724 1638 1753 ex
1671 1711 1819 1764 quavis
1852 1710 1982 1752 facul-

251 1789 350 1828 tate.
414 1786 534 1839 (Reg.
562 1788 611 1828 17
646 1785 757 1828 Prof.
791 1788 903 1839 sup.)

390 1861 592 1911 Quamvis
635 1861 743 1903 ratio
777 1861 1017 1903 studiorum
1050 1866 1265 1916 supponat
1298 1861 1404 1904 duos
1438 1861 1525 1904 dies
1559 1861 1835 1915 disputationi
1867 1872 1980 1903 men-

251 1940 396 1978 struae
429 1936 629 1990 impendi‚
662 1936 841 1978 alteram
872 1949 950 1990 pro
973 1936 1215 1989 Theologia,
1250 1937 1428 1979 alteram
1461 1950 1537 1990 pro
1560 1936 1846 1991 Philosophia,
1879 1936 1981 1977 dua-

251 2012 329 2054 bus
376 2012 490 2054 horis
533 2015 632 2053 ante
671 2011 912 2067 meridiem,
955 2011 1120 2054 duabus
1160 2016 1256 2065 post
1288 2012 1507 2054 meridiem
1541 2012 1606 2053 vel
1638 2012 1765 2053 etiam
1797 2011 1978 2064 amplius

252 2087 555 2141 disputandum
587 2088 705 2140 (Reg.
731 2089 754 2129 9
785 2087 921 2129 Praef.
956 2088 1067 2129 stud.
1103 2091 1145 2130 et
1175 2089 1277 2141 Reg.
1304 2090 1354 2129 15
1387 2087 1523 2129 Praef.
1557 2100 1648 2140 sup.
1684 2086 1795 2142 [cl.],
1837 2099 1884 2129 ac
1931 2088 1978 2128 14

249 2163 360 2205 Prof.
396 2163 581 2218 Theoi.),
621 2167 763 2204 tamen
806 2163 847 2204 in
888 2163 1045 2205 nostris
1087 2163 1283 2217 Collegiis
1322 2163 1446 2205 unica
1488 2166 1655 2204 tantum
1694 2161 1978 2216 impendatur,

248 2238 310 2280 ita
340 2242 389 2280 ut
419 2251 542 2281 mane
574 2238 817 2292 disputetur
848 2251 897 2280 ex
929 2238 1170 2293 Theologia,
1203 2251 1228 2279 a
1260 2237 1432 2280 meridie
1465 2250 1514 2279 ex
1546 2236 1828 2290 Philosophia.
1882 2236 1976 2278 Dis-

249 2317 401 2366 putent
435 2326 558 2355 mane
591 2317 698 2369 tres,
737 2314 874 2367 quivis
907 2317 1055 2355 contra
1087 2313 1275 2366 singulos
1310 2313 1602 2367 defendentes,
1636 2315 1679 2354 et
1710 2324 1884 2366 vespere
1917 2316 1977 2353 to-

250 2388 391 2430 tidem.
457 2389 577 2442 (Reg.
606 2390 657 2430 14
688 2388 799 2430 Prof.
834 2388 994 2440 Theol.)
1050 2413 1098 2418 -—
1152 2389 1201 2430 In
1233 2388 1376 2442 parvis
1406 2388 1602 2441 Collegiis
1634 2401 1758 2430 mane
1790 2387 1854 2430 vel
1886 2399 1975 2429 ves-

250 2476 363 2520 pere,
396 2464 430 2505 si
463 2463 516 2506 ad
549 2464 655 2506 duas
688 2464 814 2506 horas
848 2464 1081 2518 disputatio
1113 2463 1404 2517 protrahatur,
1437 2463 1605 2506 sufficit.

392 2547 431 2597 e)
475 2545 687 2587 Numerus
721 2546 1035 2587 conclusionum
1069 2545 1107 2586 in
1144 2545 1431 2598 disputatione
1463 2543 1795 2587 hebdomadaria
1825 2555 1976 2597 propo-

256 2620 495 2662 nendarum
527 2621 582 2662 sit
614 2624 708 2662 octo
740 2620 805 2662 vel
845 2634 1017 2673 novem,
1060 2622 1100 2663 in
1139 2624 1360 2663 menstrua
1392 2621 1610 2663 duodecim
1644 2620 1708 2663 vel
1739 2619 1978 2674 quindecim

251 2696 372 2749 (Reg.
406 2695 541 2737 Praef.
576 2696 729 2749 stud.);
771 2697 851 2738 nisi
893 2710 1094 2739 numerus
1140 2697 1202 2739 vel
1246 2697 1458 2750 capacitas
1500 2697 1639 2738 minor
1671 2695 1976 2749 discipulorum

251 2771 365 2813 aliud
396 2771 595 2825 postulet.

390 2846 427 2900 f)
461 2847 524 2888 Ex
556 2847 733 2889 mathesi
758 2847 982 2902 aliquoties
1011 2861 1086 2903 per
1108 2861 1263 2890 annum
1294 2848 1494 2891 exercitia
1515 2847 1770 2890 solemniora
1792 2846 1976 2889 habean-

250 2926 333 2964 tur.
397 2922 517 2976 (Reg,
543 2924 597 2964 44
629 2923 742 2967 Prof.
766 2924 903 2976 Phil).
958 2924 1019 2966 Ex
1053 2924 1131 2979 his,
1165 2923 1334 2977 quando
1367 2936 1391 2964 a
1413 2922 1568 2965 nostris
1591 2922 1816 2976 habentur,
1848 2921 1975 2964 Prae-

250 2998 385 3039 fectus
428 3000 471 3038 et
509 2997 774 3040 Professores
815 2999 1064 3052 suffragium
1112 3000 1251 3041 ferant
1291 2999 1342 3040 de
1382 2998 1616 3050 capacitate
1658 2996 1710 3038 ad
1755 2996 1974 3051 Physicam

252 3073 493 3116 discendam
525 3074 643 3127 (Reg,
672 3076 722 3116 19
755 3075 779 3128 ξ
805 3077 822 3115 1
859 3078 902 3115 et
933 3075 988 3116 20
1010 3075 1175 3127 Prov.):
1208 3073 1321 3127 quod
1354 3073 1388 3115 si
1420 3073 1523 3115 haec
1555 3072 1754 3115 exercitia
1785 3071 1838 3113 ob
1870 3075 1974 3114 tem-

251 3149 364 3202 poris
397 3150 618 3203 augustias
659 3149 746 3191 fieri
790 3154 1021 3203 nequeant,
1065 3150 1341 3203 disputationi
1381 3154 1625 3192 menstruae
1665 3161 1750 3191 una
1789 3148 1975 3189 alterave
