2164 3535
193 195 275 237 206
729 189 1005 232 Heranbildung
1030 189 1094 223 der
1118 188 1258 223 Lehrer
1286 191 1384 223 1622.

331 334 413 375 Pro
452 332 692 375 eruditione
729 329 923 383 augenda
963 342 1013 371 ex
1044 328 1310 371 historicis
1342 328 1542 381 legantur
1573 331 1744 370 autores
1777 328 1920 380 aliqui„
1947 362 1952 366 .

195 410 266 463 qui
300 409 350 450 de
382 407 635 450 Caesaribus
667 406 943 460 scripserunt,
977 404 1124 457 quales
1158 407 1328 457 praeter
1352 402 1603 445 Suetonium
1636 407 1678 445 et
1700 403 1922 456 Sigonium

195 484 338 537 plures
379 482 561 536 reperies
603 482 644 522 in
677 481 866 522 Historia
899 480 1106 532 Augusta.
1169 479 1256 520 Nec
1289 479 1481 520 Tacitum
1521 479 1586 520 hic
1627 477 1924 531 negligendum

196 563 393 613 putarem
425 560 600 611 propter
631 556 837 608 insignem
870 554 1089 607 scriptoris
1113 553 1386 606 prudentiam
1409 558 1451 595 et
1473 554 1738 607 gravitatem.
1788 552 1928 594 Adda-

198 638 269 675 tur
307 633 435 675 etiam
473 631 539 673 hic
573 631 856 684 Chronologia
893 630 1056 684 aliqua,
1099 629 1237 682 qualis
1277 632 1343 671 est
1375 628 1584 684 Gordoni,
1625 629 1791 670 Horatii
1825 629 1929 670 Tur-

198 708 353 759 sellini,
396 708 440 748 P.
475 706 776 761 Ghaulterii¹),
820 705 1047 759 Spondani.
1112 705 1425 746 Percurrantur
1466 704 1744 746 Poliorcetica
1784 703 1928 759 Lipsii,

198 783 376 825 Politica
408 786 450 824 et
481 782 743 824 Admiranda
764 782 970 832 Romana,
1004 780 1210 822 Brissonii
1242 779 1450 821 formulae
1483 784 1524 821 et
1556 779 1727 834 similes,
1760 779 1833 832 qui
1865 791 1928 820 re-

200 858 411 900 conditam
451 858 701 910 plerumque
743 856 1022 898 eruditionem
1067 854 1268 907 afferunt,
1313 867 1389 896 nec
1431 858 1518 895 tam
1557 853 1761 895 sermonis
1803 865 1931 906 quam

201 947 344 976 rerum
385 945 515 975 causa
553 932 634 985 legi
674 932 822 973 solent.
888 931 1049 981 Quibus
1089 930 1238 971 merito
1271 929 1485 971 addideris
1520 929 1819 981 Wolfgangum
1856 928 1932 969 La-

202 1009 313 1050 zium
346 1008 397 1050 de
428 1007 645 1061 republica
677 1019 865 1059 romana,
898 1004 1229 1058 Bulengerum2)
1265 1005 1315 1046 de
1349 1017 1522 1046 romano
1555 1004 1751 1058 Imperio.

343 1083 460 1124 Stili
495 1083 740 1125 exercitatio
772 1083 838 1124 hic
870 1082 1025 1134 negligi
1055 1094 1137 1122 non
1161 1080 1300 1133 debet,
1333 1080 1408 1122 sed
1429 1082 1548 1121 tanto
1572 1079 1813 1131 diligentius
1838 1091 1934 1120 con-

204 1159 423 1209 tinuanda,
457 1162 616 1211 quanto
650 1158 784 1210 magis
817 1157 1036 1199 elaborata
1068 1156 1203 1197 oratio
1237 1156 1381 1197 futuro
1406 1155 1566 1196 rhetori
1595 1159 1660 1197 est
1682 1154 1934 1196 necessaria.

205 1234 357 1287 Itaque
397 1234 438 1275 in
481 1234 742 1275 orationibus
782 1231 1119 1286 conscribendis,
1161 1244 1271 1284 quae
1304 1235 1346 1272 et
1379 1231 1617 1284 argumenti
1651 1230 1861 1282 gravitate
1893 1232 1935 1271 et

206 1309 376 1351 sublimi
409 1309 573 1350 dicendi
606 1321 759 1360 genere
792 1307 1155 1361 commendentur,
1188 1319 1232 1348 se
1264 1307 1394 1348 totius
1420 1306 1721 1353 anni-:decursu
1744 1305 1938 1358 gnaviter

208 1384 438 1433 exercebit,
481 1384 608 1437 idque
650 1397 731 1425 non
766 1386 934 1425 tantum
967 1396 1014 1425 eo
1046 1382 1147 1437 fine,
1190 1384 1238 1424 ut
1269 1383 1358 1435 ipse
1391 1382 1656 1436 perficiatur,
1699 1381 1772 1423 sed
1806 1384 1853 1422 ut
1885 1380 1939 1421 ad

208 1459 462 1500 rhetoricam
497 1459 729 1501 docendam
763 1459 946 1512 aliquem
980 1458 1322 1499 doctissimarum
1356 1458 1597 1499 orationum
1630 1461 1672 1499 et
1702 1457 1937 1498 thematum

210 1539 464 1587 apparatum
497 1534 647 1576 afferre
679 1538 722 1575 et
755 1534 971 1587 discipulis
1004 1533 1257 1575 imitandum
1290 1546 1526 1587 proponere
1558 1535 1697 1585 queat.

350 1610 437 1651 Nec
478 1609 667 1663 patietur
709 1621 753 1651 se
795 1610 1120 1662 occupationum
1160 1609 1326 1650 nomine
1365 1622 1389 1650 a
1420 1609 1560 1651 studio
1594 1620 1811 1662 graecae
1847 1608 1942 1650 lin-

213 1698 340 1738 guae
378 1697 554 1738 prorsus
597 1684 741 1737 avelli,
783 1684 857 1726 sed
896 1684 1031 1726 discat
1062 1685 1203 1738 potius
1237 1698 1258 1726 e
1289 1685 1333 1725 P.
1369 1684 1636 1739 Caussi1103),
1679 1687 1942 1737 quantopere

213 1761 336 1802 lectio
377 1763 420 1802 et
459 1759 639 1801 imitatio
683 1772 933 1812 graecorum
973 1763 1171 1801 autorum
1215 1760 1391 1801 latinam
1432 1760 1667 1802 orationem
1710 1760 1942 1812 locupletet

216 1840 344 1889 atque
383 1840 569 1877 exornet.
641 1835 791 1888 Itaque
834 1835 959 1876 certis
999 1835 1260 1889 temporibus
1302 1836 1515 1877 orationes
1558 1835 1852 1877 Demosthenis
1903 1837 1945 1876 et

217 1910 258 1951 S.
293 1911 597 1965 Chrysostomi,
630 1911 762 1964 Epica
793 1910 982 1963 Homeri,
1016 1911 1189 1952 Pindari
1224 1911 1340 1963 odas,
1374 1911 1547 1953 Hesiodi
1572 1911 1750 1953 Moralia
1781 1914 1944 1952 attente

216 1986 332 2038 legat
363 1990 405 2028 et
437 2000 457 2027 e
490 1987 751 2040 praescripto
785 1985 885 2026 dicti
918 1986 1058 2027 Patris
1090 1986 1258 2027 illorum
1291 1986 1458 2028 divitias
1491 1986 1532 2027 in
1565 1999 1689 2027 suum
1734 1986 1946 2027 aerarium

221 2061 414 2114 deponet.

660 2262 701 2309 g)
752 2257 843 2299 Pro
882 2257 1176 2311 professore
1214 2258 1509 2301 rhetorices.

365 2361 549 2403 Tametsi
582 2362 722 2414 gravis
752 2366 795 2403 et
816 2363 1029 2405 laboriosa
1052 2364 1106 2404 sit
1129 2363 1253 2416 hujus
1276 2365 1548 2416 professionis
1572 2365 1798 2417 provincia,
1832 2365 1950 2406 nihil-

229 2437 393 2478 ominus
426 2436 459 2478 si
493 2437 586 2489 quis
619 2437 659 2477 in
692 2436 960 2480 inferioribus
994 2438 1199 2480 classibus
1232 2438 1367 2480 officio
1400 2452 1475 2481 suo
1509 2452 1589 2481 non
1620 2440 1801 2482 defuerit
1823 2444 1952 2493 atque

373 2576 397 2614 Ι)
422 2573 515 2607 Jac.
543 2573 807 2608 Gualterius
842 2575 928 2608 oder
963 2575 1203 2610 Gaulthier
1238 2576 1271 2610 S.
1297 2576 1330 2610 J.
1368 2578 1493 2622 (1560,
1530 2582 1635 2623 1583,
1672 2580 1788 2624 1636).
1841 2579 1953 2613 Table

233 2631 581 2675 Chronographique
620 2632 663 2665 de
702 2633 822 2667 l'estat
859 2633 906 2667 du
945 2634 1219 2668 Christianisme
1259 2636 1388 2679 depuis
1428 2636 1462 2670 la
1499 2638 1687 2671 naissance
1727 2637 1769 2671 de
1808 2637 1842 2670 J.
1870 2637 1951 2671 Chr.

227 2688 375 2732 jusqu’it
401 2689 539 2723 l'annee
571 2692 657 2725 1608
684 2718 690 2724 .
712 2719 717 2724 .
739 2719 744 2724 .
772 2690 871 2734 Lyon
903 2694 1010 2735 1613,
1034 2692 1110 2736 fol,
1138 2704 1195 2736 pp.
1217 2696 1300 2737 6103
1329 2693 1421 2727 oster
1447 2694 1639 2738 aufgelegt.
1720 2695 1798 2729 Lat..
1820 2695 1953 2730 Ueber-

233 2750 398 2789 setzung:
438 2746 577 2780 Tabula
612 2747 932 2791 Chronographica
966 2755 1081 2783 status
1116 2750 1300 2784 Ecclesiae
1334 2751 1473 2785 Cathol.
1501 2781 1507 2786 .
1535 2781 1539 2785 .
1566 2780 1573 2786 .
1600 2753 1714 2796 Lugd.
1745 2756 1849 2797 1616,
1883 2753 1954 2797 fol,

234 2814 292 2847 pp.
311 2806 397 2845 8383
425 2803 594 2837 Coloniae
623 2806 707 2847 Agr.
738 2808 825 2839 1616
851 2806 923 2839 und
950 2813 1059 2840 sonst.

372 2862 399 2905 2)
426 2861 464 2896 Ρ,
490 2862 574 2895 Jul.
603 2863 767 2896 Caesar
793 2863 1019 2906 Bulenger
1045 2866 1078 2898 8.
1097 2864 1147 2898 J.:
1183 2865 1366 2899 Romanus
1392 2866 1607 2909 Imperator;
1636 2868 1694 2901 ubi
1722 2868 1763 2902 de
1790 2869 1955 2911 insigniis

235 2920 388 2963 imperii,
414 2920 591 2963 Purpura,
619 2919 843 2964 Diademate,
871 2921 1023 2965 Corona,
1051 2950 1056 2954 .
1083 2950 1088 2955 .
1117 2950 1123 2956 .
1151 2928 1187 2957 et
1213 2923 1364 2967 reliquis
1392 2924 1537 2967 Imperii
1565 2928 1785 2960 ornamentis
1813 2926 1954 2960 abunde

237 2977 440 3020 explicatur
465 3005 473 3010 .
500 3005 507 3011 .
558 2976 707 3011 Parisiis
738 2980 835 3021 1615,
861 2980 914 3012 40.
1536 2972 1539 2973 ⁷

374 3033 403 3077 3)
430 3033 648 3069 Nicolans
675 3036 863 3069 Caussin
891 3036 923 3070 S.
942 3037 976 3070 J.
1004 3038 1152 3082 (Ti-oyes
1182 3042 1279 3083 1583,
1310 3042 1406 3084 1607,
1436 3043 1534 3086 1651)
1562 3042 1770 3076 Thesaurus
1796 3043 1956 3076 Graecae

238 3091 394 3126 Poeseos
427 3104 471 3127 ex
503 3094 666 3128 omnibus
701 3094 850 3128 Graecis
886 3094 1006 3129 Poetis
1039 3096 1219 3130 collectus.
1259 3097 1337 3132 Lib.
1362 3098 1388 3132 I.
1426 3099 1531 3133 Paris
1569 3101 1671 3143 16123
1705 3099 1763 3134 lib.
1783 3100 1826 3134 II.
1853 3099 1957 3143 ibid,

239 3148 321 3181 libri
347 3149 428 3193 duo,
455 3149 665 3193 Moguntiae
695 3154 796 3190 16143
823 3153 878 3196 80,
905 3153 1075 3187 Coloniae
1106 3158 1202 3200 1631),
1228 3158 1283 3190 80.
1310 3176 1354 3181 -
1381 3156 1418 3190 P.
1447 3158 1599 3191 Caussin
1627 3168 1700 3192 war
1727 3157 1957 3193 Beichtvater

241 3206 410 3249 Ludwigs
437 3208 532 3242 XIII.
585 3209 701 3251 Vergl.
730 3210 842 3253 Dnhr,
868 3210 1158 3245 Jesuitenfalmln
1186 3214 1218 3245 S.
1237 3213 1346 3247 4s4ff.
