2164 3535
205 189 289 231 270
749 185 931 229 Inspectio
958 185 1087 220 Semm.
1113 184 1258 220 Pontiff.
1288 187 1385 221 1601.

262 525 533 568 Instructio
566 535 653 579 pro
686 523 1045 579 inspectoribus
1077 523 1457 566 seminariorum
1489 522 1884 566 Pontificiorum:

207 628 417 679 Quibus
460 627 521 669 de
563 626 729 668 rebus
769 626 1124 679 investigare
1161 629 1213 668 et
1252 626 1314 668 ad
1352 626 1399 668 R.
1440 625 1483 667 P.
1523 626 1574 667 N.
1614 625 1938 668 Generalem

819 708 1035 750 referre
1077 707 1325 749 debeant.

348 838 382 877 1.
433 836 494 877 De
526 847 701 876 numero
734 834 1003 876 alumnorum
1036 833 1359 889 examinabunt,
1402 846 1496 875 cuin
1535 833 1570 875 is
1603 835 1745 875 certus
1778 835 1938 874 status-

205 922 288 964 que
320 924 412 953 esse
444 911 604 954 soleat:
654 911 717 951 An
762 910 911 963 plenus
954 909 1182 963 quotannis
1220 909 1426 950 hactenus
1470 908 1630 950 fuerit?
1692 907 1749 948 Et
1789 907 1823 948 si
1866 907 1939 948 ali-

206 986 378 1039 quando
411 998 494 1027 non
527 985 618 1037 fuit,
653 998 861 1039 quasnam
895 984 947 1026 ob
980 984 1165 1026 causas?
1211 983 1374 1025 Deinde
1406 995 1459 1024 an
1482 982 1772 1024 moderatione
1795 981 1939 1034 aliqua

210 1061 322 1103 circa
354 1061 490 1103 victus
522 1061 788 1114 vestitusque
819 1063 862 1102 et
892 1059 1154 1113 reliquarum
1187 1071 1328 1100 rerum
1352 1070 1558 1112 expensas
1581 1057 1773 1099 adhibita
1793 1056 1937 1110 plures

209 1136 249 1178 in
283 1139 501 1189 posterum
535 1136 683 1178 eadem
715 1134 929 1178 Pontificis
962 1135 1162 1189 pensione
1194 1135 1250 1176 ali
1282 1134 1473 1188 queant?

347 1225 384 1264 2.
434 1222 753 1273 Observabunt,
795 1234 923 1275 quam
955 1225 1103 1264 exacta
1146 1224 1189 1264 et
1220 1220 1540 1264 accommodata
1580 1221 1636 1262 sit
1677 1220 1785 1262 ratio
1817 1219 1938 1262 disci-

210 1298 364 1353 plinae,
397 1302 446 1340 ut
477 1298 639 1340 alumni
669 1300 762 1339 tum
792 1297 834 1339 in
866 1297 1098 1339 virtutibus
1131 1300 1174 1339 et
1202 1296 1375 1350 propria
1396 1295 1664 1349 perfectione,
1698 1298 1790 1337 tuin
1816 1295 1940 1348 juxta

207 1373 331 1415 finem
364 1373 443 1415 sibi
474 1373 741 1427 propositum
773 1372 814 1414 in
848 1373 1000 1426 spiritu
1033 1372 1209 1425 zeloque
1242 1372 1479 1414 animarum
1512 1370 1756 1424 proficiant3
1789 1383 1837 1412 ac
1868 1382 1940 1411 no-

208 1448 399 1490 minatim
422 1462 474 1490 an
498 1452 776 1490 exerceantur
807 1448 848 1489 in
873 1448 992 1501 praxi
1016 1451 1059 1490 et
1081 1448 1205 1490 inodo
1232 1447 1409 1501 juvandi
1432 1447 1659 1502 proximos,
1692 1459 1776 1499 quo
1799 1445 1938 1487 idonei

208 1523 383 1576 aptique
414 1523 463 1566 iis
496 1523 613 1574 locis,
646 1523 698 1565 ad
731 1536 840 1576 quae
873 1522 1155 1579 destinantur,
1190 1523 1371 1576 operarii
1404 1521 1519 1563 fiant.

348 1612 386 1652 3.
433 1610 499 1652 De
531 1610 681 1652 studiis
714 1610 952 1663 expendent
974 1623 1055 1652 non
1089 1610 1225 1652 solum
1248 1623 1375 1663 quam
1409 1610 1634 1663 diligenter
1662 1608 1703 1650 in
1737 1608 1825 1651 suis
1857 1608 1939 1650 sin-

209 1687 318 1740 guli,
351 1686 404 1728 ad
437 1698 547 1739 quae
579 1686 738 1727 admoti
771 1686 947 1741 fuerint,
981 1686 1165 1727 exerceri
1197 1689 1240 1727 et
1269 1686 1508 1738 promoveri
1540 1685 1724 1737 soleant,
1764 1684 1936 1737 quibus-

209 1774 291 1814 que
323 1761 577 1815 adjumentis
611 1761 664 1802 ad
696 1774 746 1803 ea
777 1761 973 1803 instructi
998 1761 1110 1802 domi
1133 1761 1231 1811 sint,
1264 1765 1306 1803 et
1328 1774 1412 1814 qua
1435 1773 1537 1802 cura
1560 1760 1661 1803 haec
1685 1762 1936 1814 tractentur,

210 1836 284 1878 sed
318 1835 397 1877 hoc
428 1836 618 1888 inprimis
648 1836 997 1878 considerabunt:
1030 1848 1081 1877 an
1106 1848 1251 1877 eorum
1273 1836 1416 1878 studia
1437 1837 1477 1877 in
1501 1836 1743 1877 universum
1766 1835 1819 1876 ad
1842 1847 1937 1876 eum

209 1924 335 1964 quem
368 1910 549 1953 diximus
581 1909 726 1966 finem,
770 1911 970 1953 auxilium
1012 1911 1249 1953 animarum
1291 1924 1366 1964 pro
1409 1912 1615 1964 cujusque
1653 1910 1835 1963 regionis
1867 1922 1937 1951 ne-

211 1986 423 2036 cessitate,
457 1986 775 2029 accommodata
807 1987 912 2035 sint;
949 1987 1011 2027 ita
1042 1989 1090 2027 ut
1121 1998 1197 2027 nec
1230 1989 1398 2039 tempus
1429 1986 1470 2027 in
1502 1985 1752 2028 scholastica
1786 1984 1937 2037 (Theo-

209 2062 337 2115 logia)
371 2074 734 2115 supervacaneum
767 2065 948 2114 ponant,
990 2064 1033 2103 et
1073 2073 1248 2103 casuum
1281 2061 1754 2114 controversiarumque
1787 2060 1934 2102 notitia

209 2149 291 2178 non
331 2137 655 2179 destituantur?
716 2137 870 2178 Nullus
912 2148 1038 2190 porro
1076 2136 1117 2177 in
1158 2136 1208 2178 iis
1250 2136 1402 2178 studiis
1444 2136 1603 2178 diutius
1651 2136 1848 2188 haereat,
1892 2135 1934 2176 in

210 2211 363 2263 quibus
395 2212 485 2253 sine
519 2212 662 2254 fructu
694 2216 738 2254 et
765 2211 959 2265 profectu
992 2211 1153 2253 versari
1185 2211 1392 2253 videatur.

345 2301 383 2340 4.
434 2298 526 2348 Qua
558 2297 779 2350 diligentia
812 2310 860 2339 ac
893 2297 1173 2339 sollicitudine
1205 2300 1382 2350 agatur,
1425 2302 1474 2339 ut
1514 2310 1563 2339 ex
1595 2297 1850 2349 Provinciis,
1892 2297 1934 2338 in

209 2386 391 2427 quarum
424 2373 603 2414 maxime
635 2373 818 2426 gratiam
850 2372 1048 2414 instituta
1080 2375 1180 2414 sunt
1218 2373 1464 2423 seminaria,
1507 2376 1736 2414 evocentur
1768 2372 1822 2414 ad
1854 2372 1936 2413 sin-

211 2449 310 2502 gula
343 2449 647 2501 adolescentes,
685 2448 758 2501 qui
790 2448 831 2488 in
864 2448 922 2489 eis
954 2448 1211 2500 formentur3
1253 2450 1296 2489 et
1334 2447 1427 2500 quis
1470 2447 1657 2489 delectus
1698 2447 1737 2488 in
1778 2447 1934 2489 eisdem

208 2524 432 2580 habeatur,
465 2527 514 2564 ut
544 2522 682 2564 idonei
706 2522 916 2563 duntaxat
938 2522 1222 2564 admittantur
1243 2523 1606 2575 retineanturque,
1639 2522 1711 2575 qui
1734 2522 1787 2563 ad
1810 2522 1933 2564 finem

207 2600 517 2652 praescriptum
549 2598 679 2639 vitam
712 2597 897 2649 dirigant
929 2600 971 2639 et
1002 2597 1055 2638 ad
1088 2610 1184 2639 eum
1224 2596 1565 2650 consequendum
1598 2597 1766 2638 minime
1799 2597 1930 2650 inepti

208 2674 343 2715 futuri
375 2674 492 2715 sint‘?
543 2673 606 2714 An
640 2684 829 2725 congrua
861 2672 903 2713 in
936 2672 1000 2713 his
1032 2672 1227 2714 omnibus
1260 2671 1450 2713 adhibita
1473 2684 1574 2713 cura
1604 2673 1746 2721 fuerit,
1779 2672 1933 2725 quidve

210 2748 389 2802 amplius
421 2748 462 2789 in
495 2750 713 2800 posterum
745 2746 938 2799 praeberi
971 2746 1155 2788 debeat?

351 2825 387 2864 5.
436 2822 660 2875 Inquirent
692 2822 833 2872 etiam,
865 2821 1076 2874 quomodo
1109 2821 1319 2873 distribui,
1352 2824 1394 2863 et
1425 2833 1634 2874 quaenam
1666 2821 1933 2874 potissimum

209 2899 250 2939 in
282 2899 374 2940 loca
407 2897 517 2939 mitti
550 2896 717 2938 soleant
749 2896 820 2948 qui
850 2896 1033 2949 peractis
1065 2896 1217 2938 studiis
1240 2908 1261 2937 e
1284 2896 1507 2937 seminario
1531 2895 1783 2947 educuntur,
1815 2908 1935 2948 prae-

210 2973 356 3014 sertim
391 2972 461 3013 ubi
495 2971 692 3024 Episcopi
724 2983 805 3011 non
840 2974 954 3025 sunt,
987 2974 1075 3025 aut,
1108 2971 1142 3012 si
1175 2971 1273 3025 sint,
1306 2973 1549 3012 nostrorum
1581 2974 1722 3012 tamen
1756 2971 1932 3012 arbitrio

205 3046 452 3099 judicioque
493 3058 561 3087 res
610 3045 762 3097 agitur.
832 3045 972 3098 Atque
1020 3048 1068 3087 ut
1112 3045 1232 3087 nobis
1281 3044 1331 3087 de
1377 3045 1644 3098 superiorum
1693 3049 1930 3098 temporum

212 3121 429 3174 diligentia
463 3121 687 3172 fructuque
720 3120 893 3172 liqueat,
927 3120 1166 3171 catalogum
1201 3119 1411 3160 curabunt
1434 3120 1701 3160 alumnorum
1731 3119 1931 3173 omnium,
