2164 3535
217 219 300 261 378
701 216 1161 262 Pensionats—Padagogik
1186 229 1245 253 um
1274 220 1464 254 1820—30.

215 359 333 401 illum
365 359 522 411 solum,
555 359 627 412 qui
660 359 723 401 vel
755 359 890 412 magis
922 359 963 400 in
996 359 1121 412 culpa
1152 359 1321 401 videtur
1353 372 1458 415 esse,
1492 361 1557 402 vel
1591 360 1770 402 caeteris
1802 360 1944 402 delicti

215 435 477 477 occasionem
501 434 630 486 dedit,
662 435 727 476 vel
751 434 920 488 saepius
944 434 985 475 in
1018 434 1165 476 eodem
1190 434 1355 476 defectu
1377 437 1550 477 notatus
1573 439 1651 492 est,
1684 436 1750 478 vel
1775 435 1944 477 demum

215 511 392 554 caeteris
423 510 611 564 paribus,
645 511 736 552 aliis
760 514 826 552 est
856 510 1127 564 petulantior.
1181 511 1347 564 Reliqui
1378 524 1477 553 vero
1509 524 1585 564 pro
1609 524 1658 553 ea
1692 514 1828 566 parte,
1861 523 1946 564 qua

214 590 406 640 possunt,
439 586 629 628 excusari
653 585 826 636 debent3
859 585 938 628 hoc
960 586 1070 627 enim
1102 586 1225 628 modo
1249 587 1531 640 petulantiam
1563 587 1748 628 omnium
1778 586 1943 629 facilius

214 662 400 715 franget,
439 660 876 703 insubordinationem
909 661 1106 715 evitabit,
1139 662 1439 704 auctoritatem
1472 662 1738 704 conservabit
1769 665 1813 704 et
1844 662 1944 704 alio-

213 750 306 779 rum
339 749 524 778 amorem
558 736 807 778 conciliabit.
872 735 1032 787 Quodsi
1064 736 1223 790 aliquid
1266 737 1459 779 omnibus
1492 737 1555 779 vel
1588 738 1629 779 in
1663 737 1941 780 contubernio

213 812 276 855 vel
298 813 341 854 in
373 812 713 854 deambulatione
745 812 810 854 vel
831 812 871 853 in
904 812 994 854 loco
1027 812 1298 854 recreationis
1328 815 1393 854 est
1425 812 1719 865 ordinandum,
1752 817 1795 855 et
1816 814 1944 855 Prae-

212 888 345 930 fectus
362 889 478 941 J'uste
509 888 644 943 timet,
678 901 729 930 ne
762 888 1044 930 obedientiam
1077 888 1235 930 alumni
1269 888 1517 945 detrectent,
1559 889 1771 932 abstineat
1801 890 1942 943 potius

212 965 264 1007 ab
297 964 541 1006 ordinando.
597 964 641 1006 Si
672 964 750 1007 hoc
782 977 863 1006 non
896 968 1053 1018 potest,
1087 968 1129 1006 et
1161 976 1227 1006 res
1262 964 1430 1006 omnino
1463 968 1629 1019 urgeat,
1663 964 1830 1007 ordinet
1853 966 1943 1019 qui—

212 1040 328 1095 dem,
372 1039 444 1082 sed
477 1053 558 1082 non
602 1040 796 1082 omnibus
828 1040 975 1096 simul,
1019 1041 1093 1083 sed
1126 1041 1249 1083 alicui
1282 1041 1323 1082 in
1365 1040 1636 1093 particulari,
1680 1044 1728 1082 ut
1759 1041 1800 1082 in
1841 1053 1942 1083 casu

214 1119 387 1169 apertae
427 1115 739 1158 inobedientiae
773 1120 921 1158 contra
952 1129 1084 1158 unum
1116 1117 1280 1171 potius,
1324 1129 1451 1170 quam
1492 1120 1640 1158 contra
1673 1129 1816 1159 omnes
1847 1129 1941 1170 pro-

210 1191 344 1234 cedat.
408 1191 604 1233 Ordinari
647 1195 790 1233 autem
823 1192 949 1234 debet
978 1192 1020 1234 111
1053 1192 1130 1234 hoc
1164 1204 1265 1234 casu
1298 1196 1374 1234 aut
1404 1192 1501 1247 tali,
1544 1205 1669 1245 quem
1701 1192 1781 1234 scit
1828 1195 1942 1235 certe

212 1280 371 1309 morem
413 1271 633 1320 gesturum
666 1280 714 1309 ac
746 1279 823 1309 suo
866 1268 1054 1321 exemplo
1095 1267 1200 1309 alios
1234 1267 1287 1309 ad
1329 1267 1611 1309 obediendum
1652 1267 1940 1321 inducturum,

211 1347 286 1385 aut
316 1343 670 1396 petulantissimo,
703 1346 764 1396 ut,
798 1343 872 1385 tali
895 1344 1030 1385 fracto
1064 1346 1106 1386 et
1137 1342 1373 1398 humiliatO,
1407 1343 1563 1385 caeteri
1595 1343 1722 1386 etiam
1744 1344 1941 1397 frangan-

210 1421 281 1461 tur
313 1422 354 1461 et
384 1418 548 1461 facilius
582 1418 819 1460 domentur.

353 1497 416 1536 11.
465 1494 579 1536 Nihil
609 1495 855 1537 Praefectus
890 1495 1134 1551 promittat,
1178 1495 1291 1549 quod
1321 1500 1541 1550 praestare
1573 1509 1655 1538 non
1688 1500 1849 1550 potest3
1882 1496 1939 1538 nil

210 1571 415 1625 minetur,
458 1570 570 1623 quod
603 1583 684 1612 non
725 1572 866 1624 potest
899 1571 1060 1624 exequi.
1126 1570 1261 1614 Sciat.
1303 1584 1347 1613 se
1380 1575 1499 1613 tanto
1543 1573 1676 1625 magis
1721 1571 1940 1614 abundare

211 1645 358 1688 mediis
401 1645 453 1687 ad
495 1659 648 1699 pueros
690 1646 731 1687 111
775 1645 909 1688 officio
959 1646 1255 1699 continendos,
1303 1650 1462 1700 quanto
1509 1647 1730 1700 pauciores
1774 1647 1939 1689 dederit

209 1722 513 1776 poenitentiaS,
548 1725 708 1775 quanto
741 1723 910 1775 parcior
940 1723 1069 1764 fuerit
1100 1723 1141 1764 in
1173 1722 1426 1775 elargiendis
1459 1723 1672 1776 praemiis,
1705 1727 1748 1765 et
1778 1727 1937 1776 quanto

208 1798 347 1839 minus
387 1797 616 1840 recurrerit
659 1797 711 1839 ad
752 1796 889 1839 forum
934 1798 1150 1851 superius3
1192 1797 1279 1840 fere
1320 1801 1463 1840 tamen
1505 1798 1643 1839 omnia
1688 1797 1852 1840 deferat
1883 1797 1937 1840 ad

210 1874 480 1927 Superiores,
523 1873 597 1916 sed
630 1886 711 1915 non
744 1877 792 1915 ut
823 1873 865 1915 hi
898 1886 975 1916 sua
1009 1874 1265 1916 auctoritate
1297 1873 1598 1929 interveniant,
1637 1885 1766 1926 quam
1796 1873 1937 1927 potius

210 1949 372 1991 consilii
404 1949 576 2002 petendi
610 1962 759 2005 causa,
804 1953 847 1991 et
878 1953 927 1991 ut
957 1950 1091 2002 magis
1127 1949 1204 1991 sibi
1237 1949 1496 2003 persuadere
1528 1949 1683 2003 possit,
1716 1961 1805 1990 rem
1837 1961 1862 1990 a
1893 1961 1938 1990 se

207 2025 313 2067 bene
346 2037 438 2067 esse
470 2025 760 2078 compositam.

349 2108 412 2148 12.
476 2107 569 2148 Non
622 2106 900 2155 erubescant,
953 2106 1123 2159 quando
1177 2118 1281 2159 opus
1334 2110 1419 2154 est,
1471 2118 1550 2147 sua
1600 2109 1744 2148 errata
1794 2117 1935 2147 coram

212 2182 510 2236 Superioribus
553 2182 771 2235 detegere,
814 2186 862 2223 ut
893 2182 946 2223 ab
978 2182 1060 2223 illis
1092 2181 1257 2224 facilius
1301 2181 1540 2234 dirigantur
1571 2185 1614 2223 et
1653 2181 1935 2237 instruantur,

209 2258 459 2311 praesertim
500 2258 540 2299 in
591 2258 744 2311 quibus
788 2257 1064 2310 Superiorum
1106 2256 1278 2298 brachio
1321 2259 1364 2298 et
1411 2257 1667 2298 auctoritate
1709 2269 1814 2310 opus
1857 2259 1933 2299 est.

211 2333 370 2375 Curent
401 2334 584 2375 excitare
617 2346 846 2386 puerorum
879 2332 1222 2385 aemulationem,
1257 2335 1305 2373 ut
1336 2331 1676 2374 observantiores
1710 2332 1795 2374 sint
1826 2332 1933 2386 aliis,

210 2413 258 2450 ut
290 2409 382 2451 aliis
416 2409 604 2462 exemplo
636 2409 931 2464 praeluceant,
974 2412 1023 2450 111
1052 2421 1181 2462 penes
1214 2407 1462 2461 Superiores
1495 2408 1696 2461 majorem
1740 2408 1936 2450 aestima-

207 2483 364 2526 tionem
395 2484 591 2526 habeant.
638 2484 735 2537 Ipse
756 2484 1002 2526 Praefectus
1033 2495 1251 2536 nunquam
1283 2483 1470 2525 animum
1492 2482 1767 2538 despondeat,
1799 2483 1932 2526 multo

209 2559 347 2601 minus
380 2559 594 2613 desperet:
627 2559 781 2601 bonam
812 2560 954 2613 potius
978 2559 1028 2601 de
1060 2560 1147 2601 suis
1180 2560 1362 2602 alumnis
1395 2560 1733 2602 aestimationem
1763 2572 1867 2614 prae
1889 2572 1934 2602 se

207 2634 328 2676 ferat.
390 2634 434 2676 Si
466 2647 589 2688 quem
623 2635 845 2690 objiirgat,
878 2635 1075 2677 ostendat
1106 2648 1357 2688 persuasum
1390 2636 1469 2678 sibi
1501 2648 1606 2691 esse,
1638 2635 1759 2677 illum
1790 2635 1933 2688 potius

208 2723 257 2752 ex
300 2709 539 2762 ignorantia
572 2712 614 2752 et
644 2709 975 2766 inadvertentia,
1018 2723 1145 2763 quam
1177 2724 1225 2753 ex
1258 2711 1420 2753 malitia
1460 2711 1697 2764 deliquisse.
1762 2711 1932 2764 Caveat,

209 2798 260 2826 ne
299 2784 420 2826 facile
461 2788 706 2837 praesentes
749 2797 890 2827 coram
931 2785 1229 2838 Superioribus
1272 2788 1464 2837 accuset,
1511 2785 1645 2827 multo
1685 2786 1839 2840 magis,
1881 2798 1932 2827 ne

209 2863 356 2902 contra
387 2859 556 2901 eosdem
588 2860 629 2900 in
662 2860 904 2913 praesentia
926 2859 1202 2913 Superiorum
1234 2861 1464 2903 invectivas
1497 2860 1637 2913 faciat,
1671 2861 1743 2902 sed
1773 2861 1928 2915 potius,

209 2935 242 2977 si
276 2948 380 2988 opus
413 2939 497 2988 est,
539 2948 614 2988 pro
648 2935 728 2976 illis
770 2934 1026 2989 intercedat,
1068 2935 1178 2977 bona
1209 2936 1347 2977 omnia
1388 2936 1623 2989 promittat.
1686 2937 1776 2978 Hoc
1807 2935 1931 2978 modo

209 3010 404 3051 facillime
427 3014 469 3051 et
498 3010 577 3051 sibi
606 3023 791 3051 amorem
823 3013 866 3051 et
889 3010 1185 3063 Superioribus
1219 3011 1496 3053 reverentiam
1530 3015 1572 3054 et
1594 3012 1930 3054 aestimationem

211 3085 460 3126 conciliabit.

354 3161 415 3200 13.
464 3160 528 3200 Ab
571 3161 659 3213 ipso
702 3160 820 3201 initio
861 3161 920 3202 ita
963 3174 1007 3203 se
1049 3164 1201 3213 gerant
1232 3161 1462 3216 Praefecti,
1506 3164 1552 3203 ut
1589 3162 1733 3203 statim
1773 3161 1931 3203 alumni
