2164 3535
214 215 296 256 432
519 213 622 249 Neue
649 212 1014 256 Studienvorschlage
1040 212 1104 246 der
1129 212 1329 247 deutschen
1355 211 1508 246 Provinz
1537 215 1634 248 1830.

274 503 496 569 Regulae
535 519 824 550 communes
864 502 1240 551 Professoribus
1280 502 1533 551 Classium
1571 503 1883 556 inferiorum.

352 642 421 683 Ad
455 654 550 694 reg.
588 642 651 682 12.
714 641 892 684 Praeter
933 646 1137 683 annotata
1178 641 1231 682 ad
1270 654 1355 694 reg.
1381 643 1405 683 8
1439 642 1510 696 §⁴2
1543 642 1679 684 Praef.
1714 642 1825 684 stud.
1859 643 1932 685 inf.

214 716 566 760 considerandum
588 720 665 767 est,
698 729 750 758 an
773 717 995 759 conveniat
1016 717 1153 760 adhuc
1176 718 1465 771 praescribere
1490 718 1778 760 Emmanuelis
1799 718 1929 760 libros

213 871 492 921 componatur
522 867 813 921 grammatica,
845 880 954 921 quae
986 881 1071 910 una
1103 869 1158 910 sit
1189 869 1340 911 saltem
1372 870 1413 910 in
1447 869 1594 910 eadem
1626 869 1857 911 Provincia.
1886 894 1934 900 -—

213 943 410 985 Ceterum
442 943 634 996 quamvis
658 943 947 986 Emmanuelis
970 956 1120 985 nomen
1150 944 1267 986 libris
1291 944 1673 997 praescribebatur,
1707 947 1771 986 tot
1794 944 1935 986 videre

212 1023 276 1061 est
308 1018 616 1061 Grammaticas
657 1023 761 1072 quot
798 1020 1062 1073 Provincias,
1102 1020 1163 1061 ita
1200 1024 1247 1062 ut
1287 1021 1515 1072 genuinum
1557 1021 1646 1073 ejus
1686 1033 1791 1074 opus
1824 1021 1935 1062 inter

212 1095 408 1136 raritates
440 1095 795 1148 bibliographicas
828 1095 1048 1137 habeatur.
1113 1095 1158 1136 In
1193 1108 1345 1148 genere
1380 1098 1524 1136 autem
1557 1099 1762 1137 annotare
1795 1096 1932 1151 juvat,

211 1170 323 1223 quod
356 1171 535 1224 maj0res
568 1183 737 1224 quoque
769 1171 901 1212 nostri
935 1183 1149 1226 censuere,
1182 1170 1312 1212 libros
1345 1170 1647 1227 elementares,
1681 1183 1933 1224 quacunque

212 1246 263 1288 de
295 1259 340 1288 re
371 1248 582 1301 tractant,
624 1246 771 1288 breves
805 1259 896 1288 esse
929 1246 1102 1298 debere,
1144 1246 1242 1288 licet
1273 1246 1401 1287 etiam
1433 1246 1473 1286 in
1507 1246 1587 1288 illis
1621 1246 1780 1299 aliquid
1814 1246 1935 1301 desit,

212 1322 278 1363 cui
308 1322 429 1364 facile
461 1325 649 1363 ceterum
681 1322 895 1375 supplebit
916 1322 1109 1375 magistri
1132 1322 1369 1378 explicatio,
1403 1334 1512 1374 quae
1533 1324 1598 1364 est
1620 1321 1726 1364 liber
1748 1322 1936 1364 omnium

211 1397 411 1453 optimus,
444 1410 639 1451 quaeque
671 1410 719 1439 eo
751 1396 915 1440 facilius
943 1399 1210 1455 retinebitur,
1243 1411 1326 1452 quo
1350 1398 1483 1451 magis
1506 1397 1738 1440 annotandi
1760 1397 1939 1440 necessi-

211 1476 346 1515 tatem
379 1486 428 1515 ex
460 1473 592 1526 ipsius
625 1473 721 1515 libri
753 1473 960 1516 brevitate
991 1474 1277 1516 intellexerint
1308 1473 1524 1527 discipuli,
1561 1487 1596 1516 V.
1632 1486 1717 1526 reg.
1742 1474 1808 1514 27.
1871 1472 1938 1514 Id-

209 1549 347 1601 ipsum
391 1561 435 1590 se
477 1552 672 1601 expertos
715 1548 844 1591 fuisse
877 1552 1154 1592 asseruerunt
1184 1549 1357 1603 plurimi
1390 1549 1613 1592 Societatis
1646 1549 1820 1603 Patres,
1863 1548 1934 1601 qui

210 1624 263 1665 ad
296 1623 492 1666 canitiem
523 1636 659 1676 usque
690 1624 802 1666 inter
832 1637 987 1677 pueros
1019 1625 1177 1666 versati
1210 1628 1321 1667 sunt.
1387 1624 1643 1675 Quotidiana
1675 1623 1935 1677 experientia

210 1703 398 1741 ceterum
437 1699 540 1741 satis
582 1699 768 1741 ostendit
808 1699 978 1752 linguae
1019 1700 1176 1742 latinae
1215 1714 1251 1741 v.
1286 1713 1323 1753 g.
1358 1703 1401 1741 et
1432 1699 1713 1753 Eloquentiae
1745 1699 1933 1741 studium

210 1787 259 1817 ea
296 1787 494 1817 mensura
535 1774 756 1827 cecidisse,
798 1787 883 1828 qua
923 1775 1152 1828 grandiora
1194 1776 1245 1817 de
1286 1775 1400 1817 illius
1445 1775 1681 1829 praeceptis
1724 1774 1937 1815 volumina

210 1849 502 1892 conderentur.
567 1849 690 1892 Certe
722 1850 830 1893 liber
862 1851 1149 1906 elementaris,
1189 1864 1272 1904 quo
1304 1851 1491 1906 brevior,
1532 1863 1580 1893 eo
1614 1850 1781 1901 melior,
1816 1849 1936 1891 dum-

209 1924 333 1967 modo
376 1925 432 1967 sit
471 1929 714 1976 accuratus3
755 1927 1026 1979 omniumque
1059 1927 1219 1980 judicio
1251 1926 1354 1968 haec
1387 1939 1552 1968 summa
1584 1930 1649 1968 est
1679 1925 1936 1967 Professoris

209 2001 251 2041 in
275 2013 526 2054 quacunque
549 2000 751 2043 facultate
782 2002 948 2054 regula:
980 2015 1143 2055 pauca
1173 2005 1467 2056 praecepta,
1500 2002 1659 2043 multa
1690 2000 1935 2056 exempla,

210 2076 429 2129 plurima
460 2076 776 2118 exercitatio.

349 2169 397 2210 In
436 2167 704 2211 inferioribus
737 2168 890 2211 scholis
922 2169 1149 2222 praecipua
1182 2170 1289 2211 ratio
1322 2169 1516 2211 habenda
1548 2172 1613 2211 est
1644 2169 1813 2222 linguae
1844 2181 1933 2210 ver-

211 2244 410 2297 naculae,
448 2244 665 2297 neglectus
698 2244 808 2286 enim
840 2244 967 2297 hujus
999 2244 1167 2297 linguae
1199 2245 1381 2286 maxima
1413 2248 1477 2286 est
1508 2244 1707 2299 objectio,
1748 2257 1856 2297 quae
1888 2243 1935 2286 fit

212 2332 293 2360 non
325 2319 449 2361 modo
482 2319 534 2361 ab
568 2319 836 2372 adversariis,
869 2320 942 2362 sed
975 2321 1102 2362 etiam
1135 2321 1187 2362 ab
1219 2321 1290 2372 iis,
1322 2321 1394 2374 qui
1427 2320 1627 2362 Societati
1661 2321 1827 2362 omnino
1861 2319 1932 2361 ad-

212 2394 312 2435 dicti
345 2396 461 2445 sunt3
505 2395 661 2448 passim
695 2395 888 2443 auditur,
929 2409 950 2437 θ
982 2396 1135 2438 scholis
1167 2397 1323 2438 nostris
1357 2396 1525 2449 prodire
1551 2396 1727 2449 juvenes
1760 2395 1931 2449 quidem

211 2470 388 2522 probos,
430 2471 685 2511 latinitatem
728 2470 831 2511 satis
871 2470 1063 2521 edoctos,
1106 2471 1179 2513 sed
1228 2471 1354 2512 rudes
1388 2471 1508 2513 valde
1547 2471 1714 2523 linguae
1755 2471 1929 2523 patriae.

211 2544 362 2597 Itaque
394 2545 539 2598 lingua
571 2545 798 2586 vernacula
830 2545 868 2586 in
904 2546 1098 2587 omnibus
1132 2546 1298 2597 scholis,
1335 2546 1587 2599 praesertim
1619 2558 1716 2587 vero
1749 2546 1790 2586 in
1824 2545 1933 2587 Rhe-

210 2620 358 2675 torica,
390 2633 553 2661 summo
586 2620 726 2661 studio
759 2620 946 2661 curanda
978 2624 1053 2662 est.
1114 2620 1312 2673 Alioquin
1339 2621 1515 2674 juvenes
1545 2621 1666 2662 multi
1690 2620 1742 2661 ad
1766 2622 1932 2662 nostras

212 2694 377 2736 scholas
408 2707 491 2736 non
524 2695 725 2737 accedent
756 2699 849 2749 aut,
891 2699 1120 2749 postquam
1151 2697 1424 2749 accesserint,
1467 2696 1703 2749 discedent,
1744 2695 1806 2736 uti
1850 2708 1931 2736 non

212 2770 341 2811 semel
372 2770 531 2811 factum
565 2774 639 2811 est.
701 2770 823 2820 Quod
855 2774 968 2812 certe
1000 2771 1167 2812 omnino
1201 2772 1461 2812 contrarium
1493 2774 1557 2812 est
1589 2783 1714 2824 scopo
1748 2783 1772 2811 a
1795 2769 1932 2811 Socie-

213 2846 302 2885 tate
325 2844 501 2895 intento,
534 2845 648 2887 hisce
670 2845 849 2887 maxime
872 2846 1146 2898 temporibus,
1180 2846 1348 2899 quando
1371 2849 1460 2887 tam
1482 2858 1604 2886 rarae
1628 2848 1727 2886 sunt
1748 2844 1929 2898 scholae,

212 2918 254 2959 in
286 2919 438 2972 quibus
471 2932 565 2960 cum
597 2920 771 2961 scientia
803 2933 902 2961 vera
933 2933 1133 2972 germana
1155 2933 1324 2973 quoque
1346 2920 1481 2973 pietas
1505 2933 1551 2962 ac
1575 2920 1708 2960 virtus
1725 2920 1928 2973 juvenum

215 2994 363 3036 animis
396 2995 651 3035 insinuatur.
714 2995 880 3036 Petitur
911 2996 1053 3050 proin,
1093 2999 1139 3036 ut
1174 2998 1222 3037 19
1263 2994 1552 3036 Grammatica
1584 2994 1808 3036 vernacula
1838 2994 1930 3047 pari

214 3081 342 3121 passu
375 3081 470 3110 cum
502 3068 778 3122 grammatica
809 3069 942 3111 latina
973 3069 1187 3123 procedat,
1222 3074 1352 3122 utque
1383 3069 1424 3110 in
1454 3069 1729 3110 Humanitate
1761 3072 1803 3110 et
1823 3068 1930 3109 Rhe-

214 3142 347 3184 torica
397 3144 543 3184 eadem
595 3143 702 3185 ratio
754 3143 962 3185 habeatur
1020 3144 1188 3196 linguae
1240 3144 1515 3198 vernaculae,
1575 3156 1703 3196 quam
1759 3142 1926 3184 latinae.
