2164 3535
377 206 591 242 Geschichte
618 217 663 242 an
690 207 759 242 den
785 207 1002 252 Gymnasien
1028 207 1092 242 der
1117 207 1439 242 osterreichischen
1467 207 1630 242 Provinz.
1783 211 1860 252 123

147 347 378 401 spectanda
414 347 488 402 sit,
528 350 569 388 et
600 360 830 401 paucorum
864 348 936 399 sit,
967 348 1055 389 sine
1086 346 1369 401 Soloecismis,
1412 350 1487 388 aut
1518 348 1653 390 multa
1683 347 1864 389 haesita-

150 422 276 478 tione,
309 423 589 465 continentem
622 423 907 465 narrationem
939 426 1092 465 texere.

284 497 321 538 3.
366 498 425 539 Ut
456 498 603 539 inutile
636 501 700 540 est
733 498 1057 550 Chronologiam
1095 498 1345 551 praesertim
1378 497 1419 538 in
1452 497 1587 538 tribus
1620 497 1764 550 primis
1797 509 1866 550 pe-

147 571 275 614 riodis
307 573 509 614 minutius
542 573 720 627 exigere,
753 574 813 614 ita
836 573 1099 614 Memoriales
1133 573 1244 628 anni,
1277 585 1352 614 seu
1377 572 1572 625 Epochae
1595 575 1638 614 et
1660 572 1864 625 majorum

145 646 350 688 bellorum
388 647 525 702 initia,
564 660 611 688 ac
650 646 753 688 fines
793 647 1109 699 diligentissime
1153 647 1416 689 inculcanda.
1478 647 1564 689 Nec
1598 646 1867 699 Geographia

146 721 312 762 omnino
342 721 603 774 negligenda,
636 721 986 774 suadendumque
1015 724 1063 762 ut
1085 722 1245 763 Kelleri
1279 722 1650 776 introductionem,
1679 721 1866 763 libellum

145 807 247 837 sane
280 795 548 838 utilissimum
581 795 658 838 sibi
692 795 864 837 ditiores
897 799 1153 849 comparent.

256 1128 752 1179 Ausserordentliche
791 1129 1188 1196 Schuliibungen
1225 1130 1276 1178 in
1315 1129 1403 1178 der
1440 1128 1761 1178 Geschichte.

694 1269 804 1310 Fur
843 1268 929 1311 die
967 1268 1322 1311 Grammatik.

772 1360 962 1405 (Wagner
986 1371 1026 1405 p.
1044 1360 1248 1396 161-162.

259 1474 513 1518 Academiae
535 1475 734 1518 Publicae
757 1476 976 1519 habendae
998 1476 1195 1518 videntur
1216 1478 1318 1532 tres,
1341 1476 1449 1519 duae
1471 1490 1521 1518 ex
1543 1477 1752 1528 Historia;
1785 1491 1869 1519 una

147 1564 194 1592 ex
218 1550 420 1592 Authore.
468 1550 705 1593 Historicae
737 1552 911 1607 primae,
944 1565 968 1593 a
995 1552 1204 1606 Principio
1238 1552 1291 1594 ad
1325 1552 1479 1594 bellum
1511 1553 1716 1595 Punicum
1750 1553 1869 1595 gaam.

143 1625 241 1679 hae,
280 1625 520 1678 similesque
559 1626 825 1678 quaestiones
865 1639 889 1668 a
937 1627 980 1668 P.
1015 1628 1254 1679 Praefecto,
1294 1627 1473 1679 Collegis
1517 1628 1755 1683 Magistris,
1796 1632 1871 1670 ant

146 1699 383 1753 hospitibus
414 1700 592 1754 proponi
624 1704 815 1754 possunt.
849 1715 885 1743 v.
921 1714 957 1755 g.

284 1774 460 1826 Quando
484 1775 634 1830 coepit,
667 1775 803 1832 desiit,
833 1782 938 1830 quot
959 1790 1167 1819 annorum
1192 1779 1274 1820 fuit
1296 1778 1452 1821 bellum
1476 1779 1783 1821 Samniticum?
1818 1803 1867 1809 —-

146 1849 247 1900 Quis
280 1863 415 1892 annus
447 1851 626 1902 Romae,
670 1852 885 1905 Vejorum,
919 1854 1107 1907 Lylibaei
1139 1855 1280 1908 capti?
1329 1881 1379 1885 —
1429 1855 1545 1905 Quae
1577 1855 1674 1897 belli
1708 1854 1869 1897 Sardici

145 1925 324 1967 causae?
366 1950 417 1955 —
459 1925 560 1976 Quis
594 1925 863 1983 Capitolium,
896 1929 1159 1982 Romamque
1191 1930 1405 1972 servavit?
1440 1955 1489 1960 ——
1532 1930 1654 1981 Quod
1685 1931 1869 1984 primum

144 2000 293 2042 navale
324 2000 531 2054 proelium
552 2001 869 2044 Romanorum?
905 2029 954 2034 —
988 2004 1096 2045 Alba
1127 2004 1254 2058 longa
1277 2018 1301 2046 a
1322 2018 1405 2058 quo
1435 2005 1592 2057 diruta,
1625 2008 1668 2046 et
1690 2006 1793 2047 cur?
1818 2031 1867 2036 -

144 2075 534 2117 Samnitico-Latini
565 2078 712 2130 proelii
745 2077 799 2119 ad
832 2078 1063 2121 Vesuvium
1096 2081 1300 2122 eventus?
1342 2105 1390 2110 —-
1434 2080 1520 2123 Cur
1551 2079 1662 2122 Galli
1693 2082 1868 2123 Romam

143 2150 348 2205 invasere,
382 2150 452 2192 ubi
484 2151 649 2193 vicere?
691 2177 744 2181 ——
788 2152 888 2202 Quis
921 2152 1185 2210 Coriolanus,
1217 2155 1312 2208 quis
1345 2155 1433 2209 ejus
1466 2155 1633 2197 exitus?
1673 2181 1723 2186 -—
1763 2156 1870 2198 Belli

146 2225 359 2267 Tarentini
392 2237 544 2267 causae
575 2226 712 2279 quae?
747 2251 795 2256 -
831 2227 932 2277 Quis
955 2228 1118 2282 Iupiter
1141 2229 1287 2271 Stator
1309 2233 1351 2272 et
1374 2230 1618 2272 Feretrius?
1653 2256 1702 2260 -
1739 2231 1871 2273 Attilii

146 2300 295 2353 Reguli
328 2300 518 2355 victoria,
552 2301 692 2343 clades
725 2302 861 2354 quae?
899 2328 943 2331 ——
982 2303 1069 2345 Cur
1096 2304 1244 2357 pulsus
1267 2305 1523 2358 Tarquinius
1546 2306 1784 2359 superbus?
1818 2332 1867 2337 ——

145 2375 246 2418 Tres
273 2388 441 2429 pugnae
463 2388 556 2417 cum
579 2376 755 2432 Pyrrho,
788 2389 870 2430 quo
894 2379 1074 2419 eventu?
1109 2403 1158 2408 —-
1193 2379 1356 2421 Furcae
1379 2380 1595 2423 Caudinae
1619 2381 1719 2434 quid
1744 2381 1871 2434 signi-

146 2450 297 2493 ficent?
332 2475 380 2480 -—
417 2451 520 2492 Belli
553 2451 760 2493 Insubrici
794 2464 946 2494 causae
978 2456 1020 2494 et
1051 2454 1256 2495 eventus?
1299 2479 1348 2483 —
1392 2454 1497 2496 Belli
1530 2454 1687 2509 Illyrici
1719 2469 1872 2498 causae

148 2530 190 2568 et
219 2526 422 2568 eventus?
457 2550 506 2556 —-
542 2526 650 2577 Quid
673 2526 713 2568 in
743 2527 959 2569 obsidione
983 2528 1156 2581 Vejente
1179 2529 1480 2571 memorabile?
1514 2555 1563 2559 -
1599 2530 1715 2581 Quae
1737 2531 1872 2586 spolia

148 2601 301 2655 opima,
335 2601 428 2655 quis
462 2601 635 2643 retulit?
689 2627 738 2631 -
794 2601 925 2652 Quale
956 2603 1163 2656 proelium
1198 2603 1251 2645 ad
1283 2604 1494 2657 Aegates?
1548 2631 1597 2634 —
1653 2605 1870 2656 Quomodo

146 2676 334 2730 Pyrrhus
368 2676 622 2718 abalienavit
645 2676 837 2718 Siculos?
873 2701 922 2706 —
958 2677 1003 2727 Q.
1029 2678 1147 2719 Fabii
1178 2679 1369 2732 magistri
1399 2680 1590 2732 equitum
1621 2681 1871 2723 discrimen?

149 2776 198 2781 -
222 2751 434 2792 Proelium
458 2751 511 2792 ad
535 2751 753 2793 Sentinum
778 2753 931 2805 quale?
956 2778 1006 2782 —
1039 2753 1168 2795 Primi
1194 2767 1287 2795 cum
1315 2755 1473 2797 Latinis
1495 2755 1591 2797 belli
1616 2758 1796 2799 causae?
1821 2782 1868 2787 —

147 2827 308 2868 Brutus
341 2839 416 2868 cur
437 2827 566 2869 Filios
599 2828 688 2880 ipse
720 2828 913 2870 necavit?
945 2853 998 2858 —
1032 2829 1257 2872 Scaevolae
1290 2830 1402 2883 quod
1431 2830 1587 2873 factum
1619 2834 1660 2873 et
1689 2831 1870 2873 Cleliae?

150 2926 199 2931 —-
241 2900 358 2951 Quae
388 2902 487 2944 belli
520 2902 737 2944 Samnitici
771 2904 953 2945 causae?
1002 2929 1050 2934 —
1102 2904 1218 2955 Quae
1250 2906 1395 2947 Punici
1428 2906 1551 2959 primi
1583 2907 1798 2959 proximae
1830 2911 1871 2949 et

148 2978 335 3018 remotae
367 2978 548 3020 causae?
601 3003 650 3007 ——
705 2977 822 3028 Quae
853 2979 1025 3020 fortuna
1056 2982 1099 3021 et
1130 2980 1267 3022 exitus
1301 2980 1541 3022 Coriolani?
1596 3006 1644 3011 —
1693 2982 1871 3035 Tarpeia

150 3050 235 3093 Arx
267 3051 379 3097 unde
411 3065 562 3094 nomen
597 3052 810 3107 coeperit?
