2164 3535
384 251 593 287 Beibericht
618 251 681 286 der
709 249 1138 285 Studien—Kommissare
1163 259 1228 282 zur
1252 247 1294 282 R.
1322 253 1364 283 st.
1392 258 1459 282 von
1489 249 1585 284 1832.
1762 251 1844 293 483

401 496 661 562 Regulae
710 495 1077 544 Professor-is
1123 494 1172 544 S.
1212 493 1570 560 Scripturae.

261 623 309 664 N.
335 623 408 667 64.
470 623 539 664 Ad
574 625 733 676 1·eg.·2.
795 623 881 667 ΡΡ.
914 622 1141 675 Deputatis
1181 621 1378 676 Angliae,
1423 620 1630 676 Galiciae,
1672 620 1850 675 Galliae,

123 696 289 739 Siciliae
334 701 376 739 et
407 696 661 739 Germaniae
695 698 783 739 visa
824 700 890 739 est
930 696 1032 738 haec
1064 696 1212 749 regula
1242 695 1541 738 transferenda
1571 698 1669 749 post
1699 707 1784 748 reg.
1809 696 1850 751 4,

123 772 223 825 quia
262 772 303 813 in
346 774 477 824 reg]
521 776 564 814 et
595 773 618 814 3
663 772 804 824 agitur
853 770 903 812 de
949 783 1076 812 sensu
1121 770 1298 812 litterali
1347 769 1641 823 investigando
1688 770 1851 812 ratione

124 847 289 890 critices
322 846 576 898 ordinariae,
609 846 709 887 dum
744 846 837 888 dein
871 848 1084 887 tractatur
1117 845 1167 886 de
1200 845 1343 886 studio
1373 844 1628 901 linguarum,
1661 843 1850 898 profecto

124 926 172 964 ut
217 922 448 964 auctoritas
491 921 695 963 versionis
736 921 789 962 ab
831 921 1006 963 ecclesia
1047 920 1253 973 probatae
1296 919 1568 976 defendatur,
1617 919 1715 961 >ad
1760 919 1851 961 hoc

124 997 252 1039 enim
290 996 571 1050 praecipue
611 996 719 1049 eJus
760 995 982 1036 intentio
1024 995 1145 1036 ferri
1188 994 1386 1036 debet«.
1449 994 1730 1037 Nihilominus
1761 994 1848 1036 ΡΡ.

124 1071 333 1125 Deputati
364 1071 515 1113 Italiae
557 1072 598 1112 et
629 1070 860 1124 Hispaniae
901 1069 1089 1112 ordinem
1131 1073 1273 1111 textus
1314 1069 1650 1111 conservandum
1681 1072 1850 1125 putant,

124 1147 224 1200 quia
255 1158 340 1199 reg.
365 1147 389 1187 2
422 1145 619 1199 aliquid
652 1145 890 1199 generale
911 1145 1132 1199 praecipit,
1165 1145 1280 1199 quod
1305 1145 1358 1186 ad
1382 1145 1570 1187 criticam
1593 1145 1850 1187 ordinariam

125 1225 167 1263 et
195 1221 249 1263 ad
281 1221 520 1273 linguarum
553 1219 741 1263 studium
774 1221 998 1262 referatur.

262 1295 311 1337 N.
336 1295 410 1338 65.
478 1295 550 1336 Ad
589 1307 687 1348 reg.
722 1297 759 1336 5.
832 1295 937 1337 Cum
985 1298 1107 1337 tanta
1151 1295 1278 1338 hodie
1322 1296 1436 1338 mala
1481 1308 1529 1337 ex
1577 1296 1852 1339 societatibus

125 1370 287 1412 biblicis
348 1382 581 1422 earumque
631 1369 895 1412 versionibus
954 1369 1203 1413 adulteratis
1265 1373 1542 1422 enascantur,
1603 1371 1739 1413 visum
1791 1375 1856 1413 est

129 1449 178 1488 19
220 1445 476 1487 mentionem
523 1457 614 1486 esse
660 1444 896 1487 faciendam
950 1444 1001 1486 de
1048 1445 1374 1487 versionibus
1428 1447 1720 1489 vernaculis
1776 1459 1856 1489 re—

127 1520 468 1575 centioribus,
516 1521 567 1561 29
600 1532 746 1561 earum
787 1519 1084 1561 refutationem
1126 1532 1209 1562 non
1249 1520 1387 1562 solum
1429 1533 1522 1564 esse
1552 1521 1857 1575 permitten—

127 1596 255 1651 dam,
287 1595 361 1638 sed
392 1595 860 1649 praescribendam.

264 1670 314 1712 N.
340 1671 397 1714 65
430 1670 505 1712 bis.
557 1670 627 1711 Ad
660 1683 757 1723 reg.
786 1671 848 1712 10.
897 1670 1057 1712 additio
1089 1670 1202 1713 facta
1234 1675 1409 1724 propter
1441 1672 1727 1714 temeritatem
1758 1684 1856 1714 neo-

128 1748 411 1798 exegetarum.

267 1820 317 1862 N.
343 1821 420 1864 66.
480 1820 551 1862 Ad
594 1833 690 1874 reg.
727 1822 790 1862 12.
861 1820 1032 1862 Additio
1079 1821 1324 1875 praeposita
1369 1821 1467 1864 huic
1513 1822 1709 1878 regulae,
1755 1823 1856 1876 quia

130 1895 376 1938 censuimus
418 1894 660 1949 hujusmodi
700 1895 869 1948 regulas
912 1907 1003 1937 esse
1043 1895 1272 1938 tradendas
1305 1899 1348 1938 et
1378 1896 1651 1939 inculcandas
1683 1901 1858 1951 propter

129 1971 401 2023 gravissimos
440 1971 614 2021 abusus,
646 1971 719 2023 qui
750 1983 799 2012 ex
832 1982 977 2012 earum
1011 1971 1204 2023 neglectu
1228 1971 1293 2013 vel
1324 1972 1559 2014 mutatione
1587 1976 1854 2026 promanant.

267 2052 317 2093 N.
337 2052 407 2096 67.
467 2051 539 2093 Ad
571 2063 669 2104 reg.
697 2053 760 2093 14.
825 2050 929 2093 Cum
969 2051 1160 2093 studium
1199 2052 1521 2106 archaeologiae
1552 2056 1630 2096 etc.
1676 2054 1858 2096 multum

130 2126 253 2168 hodie
284 2127 442 2182 vigeat,
475 2127 715 2169 immutatio
747 2127 966 2181 proposita
996 2128 1086 2170 visa
1118 2130 1185 2170 est
1216 2131 1469 2182 opportuna.

267 2201 318 2243 N.
343 2202 416 2246 68.
469 2201 541 2243 Ad
572 2214 670 2255 reg.
699 2204 762 2243 15.
816 2201 986 2243 Additio
1018 2215 1095 2255 pro
1128 2202 1260 2245 sacris
1283 2203 1569 2258 concionibus,
1601 2204 1700 2258 quia
1723 2204 1858 2246 nostri

131 2288 213 2318 non
248 2288 415 2331 semper
446 2276 660 2319 biennium
692 2276 862 2329 habent,
894 2289 976 2329 quo
1009 2289 1054 2318 se
1087 2277 1140 2318 ad
1167 2278 1386 2320 conciones
1408 2282 1579 2333 parent,
1611 2281 1654 2321 et
1675 2279 1858 2322 externis

132 2351 374 2405 hujusmodi
404 2352 645 2405 indigitatio
677 2352 856 2394 maxime
888 2352 1004 2394 utilis
1036 2353 1128 2394 erit.

271 2427 320 2468 N.
345 2427 423 2471 69.
484 2426 555 2468 Ad
591 2440 689 2480 reg.
719 2429 782 2469 17.
845 2427 1027 2470 Mutatio
1067 2427 1203 2484 facta,
1245 2433 1294 2472 ut
1333 2430 1513 2472 tollatur
1553 2430 1687 2472 omnis
1730 2429 1860 2471 ambi-

135 2501 302 2557 guitas,
334 2513 418 2554 qua
451 2502 581 2555 aliqui
612 2514 835 2556 perperam
868 2502 1105 2556 intelligere
1142 2507 1318 2558 possent
1348 2505 1602 2547 alterutrum
1633 2508 1860 2547 testamen-

135 2579 227 2616 tum
259 2576 514 2629 integrum
547 2577 768 2630 singulis
800 2577 946 2620 annis
979 2590 1071 2620 esse
1102 2579 1409 2632 explicandum.

342 2839 604 2908 Regulae
648 2841 1023 2892 Professoris
1068 2844 1310 2912 linguae
1354 2843 1662 2894 hebraeae.

276 2967 327 3009 N.
351 2969 426 3012 70.
485 2969 558 3011 Ad
599 2982 696 3023 reg.
731 2971 768 3011 5.
832 2974 1040 3024 expuncto
1092 2971 1374 3025 »denique«
1425 2970 1570 3013 addita
1616 2973 1681 3012 est
1719 2981 1804 3022 reg.
1836 2970 1861 3010 6

134 3042 259 3096 juxta
289 3042 604 3088 observationes
637 3058 675 3087 n.
703 3046 740 3086 5.

1588 3251 1656 3286 31⁸
