2164 3535
295 259 347 299 62
570 253 859 298 Tagesordnung
883 254 941 288 fiir
967 253 1025 288 die
1051 253 1340 289 oberdeutschen
1366 253 1597 299 Gymnasien.
1647 256 1747 291 1737.

295 395 521 438 usuvenire
542 396 716 450 potest),
749 407 877 448 quam
908 394 1128 436 horarium
1159 393 1279 435 illum
1310 393 1514 447 temporis
1547 393 1775 436 terminum
1807 394 2023 437 excedere.

293 471 442 524 Neque
481 470 589 512 enim
630 472 719 512 tam
757 469 933 522 prodest
972 468 1166 521 copiosa,
1213 480 1341 521 quam
1383 471 1587 509 accurata
1631 469 1891 523 compositio.
1970 469 2027 510 Et

292 559 443 600 parum
475 557 576 587 sane
609 545 744 586 altera
775 543 942 597 proficit
973 543 1161 597 scriptiO,
1194 546 1424 596 antequam
1457 543 1593 585 altera
1624 543 1706 585 rite
1728 544 1858 585 fuerit
1890 556 2027 585 emen-

294 621 408 676 data,
441 624 531 662 tum
564 619 829 674 praesertim,
871 631 981 669 cum,
1013 618 1129 671 quod
1161 617 1361 672 adjicitur
1392 619 1612 672 scriptioni
1645 622 1830 674 tempus,
1863 619 2026 661 detrac-

292 702 383 741 tum
415 696 772 751 praelectionibus
804 695 953 751 fuerit,
996 709 1020 737 a
1058 695 1214 749 quibus
1246 694 1428 736 maxime
1461 707 1530 736 ars
1562 694 1655 747 ipsa
1688 694 1883 748 ratioque
1917 707 2026 736 com-

292 772 476 827 ponendi
507 771 739 825 repetenda
770 775 894 814 esset.
968 771 1115 813 Prisca
1147 783 1317 824 quoque
1349 770 1562 824 MaJ'orum
1595 770 1861 812 ordinatione
1892 769 2028 812 sanci-

293 852 383 890 tum
425 850 507 903 est,
556 848 603 888 ut
643 846 863 901 scriptioni
907 846 1105 889 dematur
1146 845 1362 888 interdum
1406 845 1588 901 aliquid,
1635 857 1718 898 quo
1762 845 1858 898 plus
1900 845 2029 887 liceat

293 922 543 965 correctioni
580 921 837 976 scriptorum
875 921 1070 976 publicae
1106 920 1340 974 indulgere.
1411 920 1577 975 (Ordin.
1612 920 1744 973 antiq.
1778 920 1829 961 in.
1851 920 2022 974 Adjum.

292 998 405 1042 stud.
438 998 553 1040 hum.
587 1011 626 1041 n.
653 999 739 1051 14.)

431 1075 467 1116 A
488 1073 676 1116 meridie.
698 1072 842 1115 Media
861 1072 916 1114 ΙΙ.
940 1071 1196 1114 inchoantur
1217 1072 1398 1115 scholae.
1424 1071 1641 1125 (Consuet.
1663 1072 1786 1114 Prov.
1811 1084 1843 1114 c.
1865 1073 1889 1113 6
1909 1084 1948 1113 n.
1969 1072 2026 1124 7.)

293 1149 542 1192 Praemissis
580 1149 713 1202 igitur
752 1148 803 1190 de
835 1160 952 1190 more
990 1147 1208 1204 precibus,
1250 1147 1559 1201 praelectiones
1599 1147 1898 1190 decurionibus
1930 1159 2027 1188 con-

293 1225 434 1268 festim
470 1225 725 1275 recitantur„
763 1225 1014 1278 invigilante
1056 1225 1224 1266 interim
1259 1237 1282 1266 e
1314 1224 1517 1266 cathedra
1548 1224 1755 1277 Magistro
1795 1226 1838 1266 et
1868 1223 2029 1276 scripta

294 1301 438 1354 aliqua
475 1300 675 1354 privatim
717 1301 975 1354 corrigente3
1019 1300 1092 1353 qui
1132 1300 1304 1342 demum
1346 1302 1388 1342 et
1429 1304 1552 1342 notas
1595 1300 1871 1342 decurionum
1914 1310 2029 1340 reco-

294 1376 472 1432 gnoscit,
503 1388 641 1429 neque
673 1375 811 1417 nullos
845 1374 965 1416 audit
995 1375 1162 1428 publice
1194 1375 1436 1417 recitantes.

433 1451 550 1493 Hora
582 1451 637 1492 ΙΙ.
680 1450 764 1504 (vel
794 1450 921 1504 paulo
954 1451 1070 1503 ante)
1111 1450 1467 1504 praelectionum,
1508 1452 1596 1491 tam
1629 1449 1818 1492 Graecae
1857 1449 2028 1502 linguae

294 1539 423 1579 quam
463 1526 661 1582 Latinae,
704 1526 1027 1580 explicationem
1070 1525 1266 1579 discipuli
1309 1530 1526 1579 repetunt:
1579 1538 1628 1568 ex
1669 1526 1823 1579 quibus
1866 1525 2028 1579 aliquid

294 1601 473 1644 subinde
510 1601 793 1644 concertando
832 1613 1001 1655 quoque
1038 1604 1278 1656 exercetur,
1317 1601 1499 1644 maxime
1537 1601 1577 1642 in
1618 1600 1835 1643 Classibus
1876 1600 2028 1643 Gram-

295 1677 475 1719 maticae
507 1677 650 1731 (juxta
681 1677 887 1730 Regulam
921 1679 958 1721 2.
993 1677 1224 1720 earundem
1259 1676 1500 1730 Classiuiii).
1551 1677 1693 1718 Novas
1725 1676 1877 1719 deinde
1907 1689 2028 1730 prae-

295 1753 495 1795 lectiones
528 1752 726 1806 explanat
747 1752 953 1805 Magister
982 1756 1110 1806 atque
1134 1752 1275 1805 exigit.
1326 1752 1410 1794 Eas
1443 1764 1542 1793 vero
1576 1752 1616 1793 in
1641 1752 1858 1794 Classibus
1890 1752 2028 1794 tribus

296 1828 564 1870 inferioribus
598 1828 657 1881 (in
680 1828 834 1881 quibus
857 1832 984 1881 poeta
1006 1841 1088 1869 non
1112 1828 1392 1882 praelegitur)
1426 1827 1581 1880 excipit
1613 1828 1752 1870 brevis
1782 1827 2027 1870 exercitatio

296 1903 349 1945 ad
381 1902 710 1956 comparandam
743 1903 970 1944 verborum
1003 1903 1253 1944 Latinorum
1296 1902 1459 1955 copiam
1492 1902 1766 1944 instituenda.
1832 1902 1913 1957 (Ex
1946 1902 2028 1944 Ob-

296 1992 402 2021 serv.
437 1979 491 2020 ad
530 1978 663 2021 Catal.
697 1979 766 2020 lib.
808 1991 846 2019 n.
872 1979 962 2030 VI.)
1035 1978 1098 2019 De
1137 1990 1222 2031 qua
1264 1977 1408 2019 videre
1447 1978 1545 2019 licet
1584 1977 1760 2020 inferius
1806 1977 1955 2031 Capite
1988 1979 2025 2019 5.

296 2056 386 2096 Art.
411 2056 448 2097 8.
483 2055 567 2108 §2
601 2054 643 2095 in
675 2053 895 2095 Industria
926 2057 1093 2106 quarta.

435 2129 553 2171 Hora
584 2129 660 2171 III.
703 2129 786 2181 (vel
819 2129 1037 2182 aliquanto
1071 2132 1186 2181 ante)
1230 2129 1504 2181 corriguntur
1542 2129 1708 2182 publice
1745 2129 1904 2182 scripta
1941 2141 2028 2171 ma-

296 2205 435 2247 tutino
476 2207 667 2258 tempore
707 2205 960 2258 composita,
1007 2218 1055 2246 ex
1097 2204 1272 2260 quihus,
1320 2205 1406 2246 sive
1449 2205 1603 2246 Latina
1645 2218 1695 2246 ea
1736 2204 1896 2246 fuerint
1939 2205 2026 2246 sive

297 2280 481 2336 Graeca,
524 2279 723 2323 sessionis
762 2280 803 2321 in
837 2279 981 2321 schola
1012 2279 1171 2333 gradus
1204 2282 1333 2333 atque
1365 2279 1468 2321 ordo
1502 2280 1677 2322 alternis
1710 2279 1870 2322 vicibus
1903 2279 2026 2321 modo

296 2355 503 2398 universis
536 2356 779 2408 assignatur
811 2355 1048 2408 discipulis,
1089 2354 1212 2396 modo
1246 2355 1426 2397 victores
1459 2355 1570 2396 inter
1602 2358 1644 2396 et
1675 2355 1808 2397 victos
1841 2367 2025 2396 commu-

296 2434 424 2472 tatur.
489 2431 682 2484 (Observ.
719 2430 771 2471 ad
803 2431 876 2472 lat.
911 2430 979 2472 lib.
1015 2443 1054 2471 n.
1081 2431 1149 2482 V.)
1212 2430 1527 2473 Correctionem
1567 2433 1709 2472 autem
1742 2430 1937 2472 convenit
1968 2430 2028 2472 sic

299 2506 519 2560 maturari,
550 2509 613 2561 ut,
646 2505 805 2547 dictato
838 2506 918 2547 sub
939 2505 1122 2547 inediam
1146 2505 1216 2548 IV.
1251 2506 1293 2547 in
1323 2518 1499 2558 pensum
1524 2506 1803 2547 domesticum
1825 2505 2026 2561 themate,

297 2585 463 2634 partem
496 2581 682 2633 aliquam
715 2584 947 2622 extremam
970 2581 1100 2622 horae
1124 2581 1381 2624 concertatio
1404 2581 1483 2622 sibi
1505 2581 1789 2623 nanciscatur.
1841 2581 1960 2634 (Reg.
1986 2582 2024 2622 2.

298 2657 402 2709 sing.
447 2656 577 2697 Class.
621 2659 664 2698 et
704 2656 793 2697 Iuv.
834 2655 886 2698 de
927 2657 1020 2698 Rat.
1057 2656 1146 2698 doc.
1190 2669 1223 2697 c.
1248 2658 1286 2698 2.
1322 2669 1356 2698 a.
1383 2657 1419 2697 3.
1455 2657 1564 2709 §30
1634 2656 1792 2706 Quodsi
1833 2655 1938 2697 hora
1968 2655 2023 2697 ΙΙ.

299 2735 586 2773 concertatum
621 2732 711 2784 jam
748 2732 852 2773 satis
890 2732 1041 2786 fuerit,
1081 2733 1316 2773 extremum
1356 2731 1460 2772 illud
1499 2732 1668 2773 scholae
1700 2735 1868 2784 tempus
1901 2730 2028 2772 corri-

299 2806 467 2862 gendis,
506 2820 614 2860 quae
652 2806 824 2848 residua
862 2810 1006 2859 erunt,
1046 2807 1214 2860 scriptis
1248 2806 1529 2859 impendetur.
1594 2807 1650 2847 At
1682 2806 1922 2859 scriptionis
1955 2805 2028 2848 do-

299 2882 499 2924 mesticae
530 2894 708 2935 pensum
739 2882 781 2922 in
813 2882 958 2923 schola
988 2894 1238 2935 componere
1271 2882 1466 2935 discipuli
1499 2886 1598 2923 tunc
1631 2884 1679 2923 ut
1709 2881 1925 2936 incipiant,
1958 2894 2028 2923 ne-

299 2969 516 3010 quaquam
547 2956 880 3009 permittendum
913 2960 988 2998 est.

437 3032 591 3087 Porro,
622 3031 703 3073 fine
734 3031 886 3074 scholis
919 3032 1138 3087 imposito,
1177 3036 1266 3074 tam
1297 3032 1529 3081 auditoria.
1563 3045 1691 3085 quam
1722 3033 1867 3075 valvas
1900 3032 2027 3087 Gym-

300 3107 407 3149 nasii
440 3110 608 3160 oportet
639 3107 778 3149 claudi
811 3107 1008 3149 continuo
1042 3110 1169 3161 atque
1201 3108 1404 3158 obserari,
1437 3108 1564 3161 idque
1596 3108 1804 3150 matutino
1835 3111 2024 3160 tempore

295 3182 419 3236 juxta
459 3195 506 3225 ac
546 3183 848 3235 pomeridiano.
913 3183 1066 3225 Statim
1099 3188 1261 3231 autem,
1300 3186 1428 3236 atque
1461 3183 1631 3224 domum
1665 3197 1686 3224 e
1719 3182 1948 3236 Gyninasio
1981 3194 2026 3223 se
