2164 3535
593 232 759 266 Statuten
785 230 846 265 des
873 231 1030 265 Sittener
1055 230 1202 274 Kollegs
1228 241 1287 264 um
1316 233 1413 266 1824.
1774 235 1855 275 369

145 370 331 413 debitam
355 370 465 411 omni
496 370 587 412 loco
619 370 844 412 exhibeant
875 371 1154 413 reverentiam
1185 371 1371 414 sistendo
1396 372 1556 413 nudato
1589 385 1636 414 ac
1660 373 1859 415 inclinato

147 446 304 499 capite,
344 445 512 498 quando
544 448 790 499 occurrunt,
823 458 1043 499 quousque
1076 446 1169 497 Ille,
1202 446 1269 488 cui
1301 446 1435 488 honor
1466 447 1748 500 praestandus
1782 451 1858 499 est,

145 524 424 575 pertranseat.

283 596 355 636 IX.
404 595 558 636 Omnes
597 594 776 637 studiosi
810 598 956 637 mutuo
989 600 1030 637 et
1060 609 1157 639 vere
1189 597 1428 639 Christiano
1461 610 1506 639 se
1545 602 1863 651 prosequantur

146 682 305 711 amore:
339 669 391 711 ab
424 669 535 710 omni
568 669 676 716 rixa,
711 669 932 723 derisione,
965 671 1148 713 convicio
1182 684 1229 713 ac
1261 672 1312 714 ab
1346 671 1586 714 offensionis
1618 673 1757 715 verbis
1791 674 1862 716 ab·

145 747 327 788 stineant
375 758 625 798 semperque
664 745 838 787 invicem
887 746 1140 788 urbanitatis
1182 747 1352 799 regulas
1399 751 1579 789 servent.
1653 748 1861 791 Memores

146 825 288 863 autem
321 821 586 862 Christianae
618 820 849 861 Charitatis
891 820 1079 874 [debent]
1122 834 1235 875 esse,
1276 822 1562 874 proximorum
1605 823 1779 865 utilitati
1821 828 1864 865 et

145 895 268 950 bono,
300 895 570 948 quantumin
603 895 722 936 nobis
755 898 833 949 est,
867 895 1101 940 consulere:
1137 896 1171 937 si
1193 896 1295 948 quid
1327 896 1435 937 forte
1468 897 1860 950 reprehendendum

147 970 187 1010 in
220 970 506 1023 condiscipulo
530 970 682 1022 aliquis
715 970 881 1021 viderit,
913 971 1093 1012 maxime
1123 971 1158 1013 si
1191 971 1290 1024 quid
1324 974 1449 1019 esset,
1483 973 1596 1024 quod
1629 974 1720 1015 aliis
1745 988 1863 1016 scau-

145 1044 239 1086 dalo
279 1058 371 1087 esse
410 1049 572 1098 posset,
615 1048 777 1087 secreto
817 1046 1104 1088 Professorem
1143 1050 1333 1101 moneat,
1382 1050 1429 1088 ut
1460 1047 1494 1088 is
1539 1053 1775 1101 opportuno
1817 1063 1863 1092 ac

143 1120 341 1174 prudenti
389 1120 512 1161 modo
555 1133 579 1162 a
625 1124 740 1163 recto
787 1122 958 1163 tramite
1004 1122 1263 1165 deflectentis
1312 1123 1594 1166 emendationi
1643 1128 1861 1169 consulere

144 1196 290 1250 possit.

282 1271 332 1312 X.
381 1271 623 1313 Prohibitae
655 1274 756 1313 sunt
788 1272 979 1315 omnibus
1012 1273 1215 1316 studiosis
1248 1274 1336 1316 sine
1369 1274 1455 1316 ulla
1486 1276 1728 1329 exceptione
1761 1281 1864 1320 tem-

143 1346 271 1401 poris,
302 1346 395 1399 loci,
425 1346 602 1396 dierum,
636 1350 710 1388 aut
740 1360 1032 1400 personarum,
1066 1348 1243 1391 choreae
1266 1353 1308 1391 et
1339 1350 1489 1403 saltus,
1521 1351 1631 1392 sicut
1663 1356 1704 1394 et
1727 1355 1861 1395 omnis

144 1421 323 1463 societas
357 1434 451 1463 cum
482 1421 632 1475 puellis
665 1422 952 1475 cujuscunque
985 1423 1070 1465 sint
1101 1426 1253 1474 status,
1286 1425 1444 1477 gradus
1477 1429 1519 1467 et
1551 1426 1812 1470 conditionis.

284 1503 356 1544 XI.
406 1501 515 1543 Sunt
546 1515 678 1555 aeque
711 1503 903 1544 omnibus
936 1516 1110 1556 prorsus
1142 1505 1391 1547 interdictae
1421 1506 1645 1563 tabernae,
1687 1513 1730 1550 et
1759 1510 1864 1559 loca,

145 1577 215 1618 ubi
258 1577 424 1630 publice
466 1580 634 1630 prostat
674 1578 817 1619 vinum
859 1578 1083 1622 vendibile:
1125 1592 1201 1621 1166
1240 1580 1315 1621 11111
1358 1580 1647 1624 studiosorum
1690 1584 1786 1626 11661
1825 1586 1865 1627 111

144 1651 321 1704 publicis
353 1652 547 1706 hospitiis
579 1653 658 1694 sibi
691 1653 846 1694 victum
880 1654 1149 1696 constituere.

282 1728 376 1769 XII.
426 1728 630 1769 Prohibiti
653 1729 780 1770 etiam
803 1733 903 1770 sunt
928 1730 1070 1782 Jactiis
1092 1730 1295 1786 lapidum,
1328 1736 1370 1774 et
1401 1733 1607 1785 pilearuln
1630 1735 1861 1784 nivearum,

146 1802 294 1843 sivein
327 1815 528 1855 personas
561 1816 849 1856 quascunque,
882 1804 1031 1845 sivein
1064 1805 1276 1859 animalia,
1310 1806 1458 1850 domus
1482 1813 1559 1851 616.
1583 1810 1684 1851 116111
1718 1810 1864 1864 lapsus

145 1891 221 1931 per
251 1878 426 1929 glaciem
469 1890 722 1932 quocunque
754 1880 865 1931 loco,
908 1884 1097 1934 tempore
1129 1885 1171 1923 et
1203 1881 1286 1925 die:
1329 1883 1438 1924 sicut
1470 1887 1512 1925 et
1554 1885 1687 1927 omnis
1727 1886 1866 1928 deam—

145 1953 305 1994 bulatio
339 1966 414 2006 per
445 1953 610 2002 hortos,
645 1955 807 2006 vineas,
839 1956 1029 2009 pomaria
1062 1969 1136 1998 seu
1167 1957 1342 2010 praedia
1373 1958 1523 2013 aliena,
1554 1961 1733 2003 maxime
1765 1965 1867 2003 16111-

145 2040 247 2081 pore
279 2028 495 2070 fructuum
527 2030 774 2071 extantium.

284 2104 400 2145 XIII.
436 2105 613 2146 Venatio
636 2106 734 2147 solis
753 2105 1016 2159 Philosophis
1039 2108 1313 2162 permittitur,
1337 2112 1403 2150 ast
1426 2108 1572 2152 diebus
1595 2113 1865 2155 recreationis

145 2182 337 2233 tantum,
385 2183 427 2220 ot
466 2180 631 2221 nonnisi
671 2183 768 2234 post
807 2181 1044 2234 prandium.
1115 2182 1320 2225 Omnibus
1364 2196 1460 2225 vero
1503 2185 1704 2229 studiosis
1748 2188 1866 2231 lusus

145 2254 325 2306 honesti,
358 2267 404 2297 ac
427 2255 628 2298 honestae
660 2257 940 2298 recreationes
973 2258 1298 2310 permittuntur;
1330 2271 1413 2300 non
1442 2263 1583 2302 tamen
1615 2261 1765 2304 ludant
1788 2264 1866 2305 11151

145 2342 239 2372 611111
282 2330 510 2380 Studiosis,
557 2343 632 2373 nec
679 2331 802 2374 aliter
841 2332 921 2373 nisi
960 2345 1036 2385 pro
1082 2346 1262 2387 papyro,
1311 2336 1354 2375 et
1395 2334 1543 2377 diebus
1590 2337 1866 2381 recreationis

147 2409 326 2447 tantum.

282 2481 396 2523 XIV.
442 2482 575 2524 Nemo
615 2482 904 2525 studiosorum
947 2483 1093 2535 quovis
1135 2483 1213 2525 sub
1254 2488 1478 2537 praetextu
1516 2498 1538 2528 e
1580 2486 1702 2529 domo
1746 2492 1867 2530 exeat

147 2555 236 2597 sine
257 2556 384 2609 pallio
417 2560 490 2598 aut
522 2558 610 2599 sine
633 2558 760 2610 pileo:
793 2570 869 2599 nec
901 2558 1040 2599 insciis
1073 2559 1321 2611 parentibus
1354 2563 1429 2602 aut
1449 2561 1512 2616 iis,
1546 2562 1617 2614 qui
1640 2568 1865 2616 parentum

148 2631 285 2672 locum
319 2635 483 2687 tenent,
523 2645 589 2674 res
622 2632 675 2674 ad
706 2632 924 2686 proprium
957 2646 1080 2674 usum
1113 2637 1307 2686 acceptas
1340 2640 1554 2688 permutet
1585 2641 1659 2679 aut
1691 2639 1865 2682 vendat:

147 2718 222 2747 nec
254 2706 433 2761 inutilia,
465 2706 679 2760 superflua
711 2711 785 2748 aut
815 2720 924 2760 quae
956 2708 1097 2749 luxum
1131 2709 1315 2764 sapiunt,
1348 2710 1427 2751 sibi
1458 2715 1581 2752 emat.

285 2781 373 2822 XV.
424 2781 582 2823 Diebus
626 2781 906 2835 scholasticis,
948 2783 1120 2824 statutis
1162 2783 1297 2839 horis,
1344 2784 1541 2827 decenter
1582 2787 1743 2843 vestiti,
1791 2789 1865 2830 loti

153 2866 201 2896 ac
231 2855 338 2911 pexi,
369 2856 486 2897 libris
520 2856 780 2899 scholasticis
812 2857 988 2910 aliisque
1022 2858 1074 2898 ad
1097 2858 1364 2900 scribendum
1386 2861 1632 2903 necessariis
1657 2862 1781 2904 rebus
1804 2864 1866 2904 in-

151 2930 301 2972 structi
322 2931 470 2972 ludum
502 2932 758 2974 litterarium
790 2933 994 2974 adeuntes
1027 2933 1216 2976 modeste
1237 2935 1447 2991 incedant,
1479 2949 1574 2978 mox
1605 2949 1728 2978 suum
1751 2938 1863 2990 quis-

150 3017 231 3057 que
262 3005 400 3048 locum
432 3011 626 3060 occupet,
667 3020 714 3049 ac
745 3008 787 3048 111
820 3008 984 3049 silentio
1016 3008 1272 3051 Professoris
1305 3010 1533 3053 adventum
1566 3012 1862 3065 praestoletur,

149 3091 231 3132 quo
275 3080 544 3137 adveniente,
586 3087 784 3136 surgant,
825 3096 967 3124 omnes
1000 3083 1089 3125 51116
1121 3086 1322 3138 strepitu,
1364 3091 1406 3129 et
1437 3088 1619 3141 peractis
1653 3089 1862 3129 consuetis

148 3155 355 3207 precibus,
388 3156 511 3198 Illum
544 3160 707 3200 attente
740 3158 925 3199 audiant.

216 3230 404 3257 Monumenta
423 3231 597 3259 Germaniae
617 3233 823 3265 paedagogica
842 3234 916 3258 XVI.
1590 3232 1636 3264 24
