2164 3535
211 292 291 333 162
787 288 997 333 Gymnasial
1005 309 1018 314 -
1027 286 1239 330 Padagogik
1268 287 1366 322 1736.

208 442 260 472 ne
300 430 390 484 ipse
432 430 602 484 quidem
643 430 914 484 Praefectus,
956 427 1037 470 nisi
1076 440 1225 480 parce,
1268 426 1362 469 illos
1404 440 1581 470 evocare
1625 428 1783 470 debet?
1845 427 1939 481 Qui,

209 504 350 558 siquid
380 505 422 546 in
455 518 505 547 ea
536 517 580 547 re
613 508 810 558 peccetur
841 503 894 545 ab
927 503 1034 559 aliis,
1067 503 1291 544 Rectorem
1325 502 1502 545 docebit.
1568 503 1688 556 (Reg.
1714 505 1766 544 47
1801 503 1939 545 Praef.

208 580 320 622 stud.
354 580 445 633 inf.)

346 656 494 698 Altera
525 668 628 697 cura
649 655 743 707 erit,
776 658 825 696 111
846 654 1030 697 assiduis
1054 654 1248 708 occupati
1270 654 1411 707 pensis
1435 653 1629 707 discipuli
1654 653 1940 709 detineantur,

208 744 260 773 ne
291 731 392 784 quid
427 731 518 786 otii,
551 743 687 783 neque
719 731 761 771 in
794 729 938 772 schola
963 742 1100 782 neque
1124 729 1250 780 domi,
1283 729 1480 782 supersit¹
1537 728 1652 770 Nihil
1672 729 1941 782 pestilentius

209 818 338 859 puero
384 809 448 847 est
495 805 729 847 cessatione
770 808 812 846 et
854 805 960 855 otio;
1001 805 1114 858 quod
1153 817 1248 847 cum
1289 805 1484 847 omnibus
1516 805 1572 847 sit
1604 805 1790 846 omnium
1824 805 1940 857 origo

210 882 434 933 malorum,
467 881 601 922 multo
634 880 769 933 magis
798 884 863 922 est
884 881 1039 934 pueris.
1091 880 1298 926 (Sacchin.
1325 893 1357 921 c.
1383 880 1452 921 cit.
1485 892 1525 920 n.
1550 882 1607 925 2.,·
1658 880 1943 933 Diligentiori-

209 956 286 998 bus
321 959 463 997 autem
496 968 544 998 ac
576 955 911 1009 provectioribus
941 955 1279 997 extraordinaria
1302 955 1513 1008 quaedam
1536 954 1691 1010 studia,
1724 954 1942 1008 inquibus

210 1032 343 1085 domi,
388 1031 489 1073 dum
530 1031 717 1082 vacabit,
758 1035 918 1084 ponant
950 1043 1142 1085 operam,
1185 1030 1394 1082 assignari
1425 1033 1647 1083 poterunt,
1688 1031 1868 1072 maxime
1901 1031 1940 1072 in

211 1107 355 1150 Classe
377 1106 666 1148 Humanitatis
699 1110 741 1147 et
762 1105 1029 1157 Rhetoricae,
1062 1106 1178 1148 verbi
1212 1105 1350 1157 gratia
1381 1105 1547 1158 legendi
1574 1105 1775 1148 authores
1800 1105 1942 1147 Latini

213 1183 439 1238 Graecive,
471 1181 760 1224 concinnanda
793 1181 950 1235 oratio,
992 1185 1142 1234 poema
1173 1180 1532 1233 componendum,
1566 1181 1755 1223 scenicus
1788 1181 1942 1234 aliquis

212 1259 338 1301 ludus
379 1258 452 1299 uni
490 1258 736 1312 pluribusve
778 1257 1052 1299 tribuendus:
1096 1269 1205 1309 quae
1245 1256 1357 1298 domi
1390 1256 1537 1299 sedulo
1569 1259 1722 1310 parata
1752 1255 1943 1310 proferre

211 1334 253 1375 in
294 1334 431 1376 lucem
468 1333 740 1387 postmodum
771 1332 926 1375 licebit.
988 1333 1095 1384 (Iuv.
1131 1345 1162 1374 (κ
1197 1332 1265 1374 cit.
1297 1345 1332 1374 a.
1358 1334 1414 1384 2.)
1477 1333 1532 1374 At
1563 1332 1722 1374 nullam
1755 1332 1887 1375 cuivis
1920 1345 1945 1374 a

213 1409 505 1451 communibus
546 1409 713 1451 scholae
754 1408 1149 1461 exercitationibus,
1182 1408 1402 1450 Praefecto
1436 1407 1696 1461 inconsulto,
1739 1407 1945 1460 Magister

212 1485 523 1527 immunitatem
556 1484 685 1526 dabit.
746 1485 866 1535 (Reg.
894 1487 940 1525 11
978 1483 1111 1536 Com.)
1172 1483 1320 1536 Neque
1351 1483 1597 1525 Praefectus
1630 1483 1942 1525 immunitatem

213 1560 434 1613 ejusmodi,
468 1560 584 1602 velut
616 1572 640 1601 a
668 1559 861 1601 versibus
887 1562 929 1600 et
951 1558 1125 1600 Graecis
1150 1558 1374 1609 discendis,
1408 1559 1659 1612 praesertim
1684 1558 1943 1613 diuturnam,

213 1636 293 1678 nisi
325 1636 442 1689 gravi
476 1635 526 1677 de
558 1648 698 1683 causa,
738 1635 949 1677 concedet.
1014 1635 1132 1688 (Reg.
1159 1636 1208 1676 31
1246 1634 1402 1679 Praef.)
1465 1634 1678 1676 Onerandi
1712 1647 1811 1688 ergo
1844 1639 1944 1677 sunt

214 1711 384 1753 assidue
412 1711 616 1760 universi,
651 1710 725 1752 sed
748 1710 898 1752 leniter
920 1714 1061 1752 tamen
1085 1714 1128 1752 et
1150 1714 1356 1761 amanter,
1390 1723 1471 1751 non
1496 1713 1666 1752 austere
1689 1722 1737 1751 ac
1761 1710 1941 1752 duriter:

214 1789 263 1828 ut
304 1786 460 1828 durare
500 1786 578 1827 sub
624 1785 735 1827 fasce
777 1788 820 1827 et
860 1785 1025 1839 possint
1068 1788 1110 1827 et
1156 1785 1296 1827 velint.
1368 1786 1593 1838 Eruntque
1641 1786 1944 1839 excogitandae

215 1862 422 1913 rationes,
465 1862 619 1915 quibus
661 1862 857 1903 laborum
890 1861 1119 1903 assiduitas
1152 1861 1385 1913 mitigetur.
1449 1861 1505 1903 Et
1537 1874 1635 1903 vero
1667 1862 1942 1916 parvulorum

216 1938 376 1979 animos
411 1937 482 1990 qui
516 1941 614 1990 apte
647 1949 797 1990 capere
831 1950 877 1978 ac
910 1940 1098 1978 tractare
1121 1937 1335 1989 sapienter
1357 1937 1477 1991 sciat,
1510 1937 1652 1990 potius
1676 1940 1942 1993 assequetur,

216 2016 263 2053 ut
302 2013 463 2065 maj0ra
494 2016 695 2065 expetant
725 2012 887 2065 injungi
920 2012 999 2053 sibi
1031 2024 1180 2064 opera,
1224 2024 1350 2064 quam
1384 2015 1432 2053 ut
1463 2011 1698 2064 fatigentur
1729 2012 1940 2064 injunctis.

217 2087 375 2138 Quodsi
407 2090 472 2139 (ut
502 2088 628 2140 paulo
660 2091 757 2140 post
789 2086 1192 2137 commendabimus)
1227 2086 1432 2139 Magister
1459 2087 1624 2128 noverit
1647 2087 1942 2129 aemulationis

216 2163 343 2204 etiam
384 2162 601 2216 cujusdam
641 2162 752 2203 inter
792 2162 1019 2215 discipulos
1061 2161 1172 2203 faces
1211 2161 1459 2216 accendere,
1503 2166 1594 2203 tum
1634 2175 1732 2204 vero
1771 2162 1941 2204 minime

216 2237 358 2279 licebit
389 2238 447 2279 eis
481 2250 571 2279 esse
604 2237 772 2291 otiosis,
812 2237 907 2287 sed,
951 2241 998 2278 ut
1030 2236 1280 2279 venantibus
1313 2236 1449 2289 pilave
1481 2236 1726 2278 ludentibus
1764 2237 1943 2290 jucundi

217 2318 318 2355 sunt
354 2312 546 2364 labores,
587 2312 647 2354 ita
686 2313 768 2354 illis
809 2312 1039 2355 dulcissimi
1073 2316 1198 2354 erunt
1230 2312 1325 2353 libri
1357 2312 1720 2365 suavissimaeque
1751 2311 1945 2353 lucubra-

219 2389 375 2443 tiones,
424 2388 511 2430 sive
552 2388 604 2429 ad
645 2388 846 2430 victoriae
886 2388 1115 2441 petendum
1159 2388 1307 2439 decus,
1350 2388 1437 2430 sive
1478 2387 1531 2429 ad
1573 2391 1771 2440 acceptae
1815 2387 1943 2429 cladis

221 2463 402 2506 dedecus
436 2463 701 2504 abolendum.
767 2463 929 2511 (Sacch.
963 2464 1038 2505 loc,
1075 2463 1162 2511 cit.)
1225 2463 1469 2505 Cavendum
1508 2462 1708 2515 denique,
1750 2475 1801 2504 ne
1842 2462 1945 2515 quid

221 2539 359 2580 oneris
392 2539 509 2592 justo
544 2538 714 2591 gravius
749 2542 790 2579 et
820 2538 1020 2592 iniquius,
1054 2538 1181 2579 etiam
1214 2538 1372 2579 multae
1412 2550 1560 2587 causa,
1604 2537 1943 2579 adolescentibus

222 2627 407 2667 unquam
440 2614 702 2667 imponatur:
745 2613 901 2666 quippe
934 2613 1048 2666 quod
1079 2613 1292 2654 excutitur
1335 2613 1496 2665 potius,
1539 2625 1667 2665 quain
1709 2612 1943 2665 perfertur:

220 2702 356 2741 neque
396 2689 671 2730 incommodis
710 2691 833 2730 vacat
874 2688 994 2730 facile
1037 2701 1084 2730 ac
1132 2687 1408 2729 detrimentis.
1489 2687 1681 2739 (Iuvenc.
1727 2687 1802 2728 loc.
1847 2686 1941 2739 cit.)

221 2763 329 2804 Addi
364 2767 504 2805 autem
536 2764 614 2805 hoc
646 2764 736 2805 loco
767 2763 810 2804 id
842 2767 1000 2816 potest,
1041 2767 1088 2804 ut
1119 2763 1266 2804 alienis
1299 2774 1323 2803 a
1355 2762 1498 2804 schola
1530 2762 1708 2814 negotiis
1740 2774 1792 2803 ne
1823 2773 1944 2803 occu-

220 2842 386 2893 pentur.
450 2839 558 2880 Nam
600 2842 643 2879 et
683 2838 773 2891 lege
815 2841 987 2879 cautum
1028 2840 1113 2885 est,
1155 2850 1207 2878 ne
1239 2837 1483 2878 Praefectus
1523 2836 1608 2877 ullo
1640 2838 1830 2888 tempore
1862 2835 1944 2878 dis—

221 2914 456 2966 cipulorum
489 2926 618 2966 opera
649 2917 724 2954 aut
756 2913 808 2954 ad
842 2912 1111 2954 scribendum
1144 2916 1218 2953 aut
1250 2911 1303 2952 ad
1334 2911 1464 2952 ullam
1497 2924 1583 2952 reni
1617 2911 1742 2952 aliam
1781 2913 1942 2964 utatur,

221 2992 296 3030 aut
328 2989 432 3030 alios
464 2988 526 3029 uti
559 2988 681 3029 sinat.
734 2988 850 3040 (Reg.
875 2990 929 3029 45
962 2988 1117 3039 Praef.)
1180 2987 1300 3037 Quod
1331 2987 1432 3028 item
1464 2986 1737 3028 interdictum
1769 2989 1834 3027 est
1855 2985 1943 3027 Ma-

220 3064 364 3116 gistris
396 3076 472 3117 per
503 3075 588 3115 reg.
614 3064 666 3104 49
701 3062 814 3104 Com.

358 3144 448 3185 Iam
480 3148 528 3186 ut
568 3144 676 3185 ratio
715 3156 884 3196 quoque
922 3144 1121 3185 studendi
1161 3143 1375 3196 discipulis
1413 3144 1569 3185 nostris
1608 3155 1683 3195 per
1714 3141 1942 3193 Magistros

221 3220 556 3273 praescribatur,
596 3231 670 3271 per
702 3230 787 3270 reg.
814 3221 864 3260 27
900 3220 1036 3261 l'raef.
1071 3219 1181 3260 stud.
1217 3232 1308 3271 sup.
1344 3219 1621 3260 constitutum
1654 3220 1738 3271 est,
1772 3228 1942 3258 monen-
