2164 3535
737 209 968 245 Schriftliche
995 207 1204 252 Uebungen.
1776 209 1828 249 87

110 353 276 396 Selecta
306 352 458 405 adagia
489 364 584 394 cum
622 350 770 393 morali
810 349 1002 392 doctrina
1033 361 1054 390 e
1084 346 1381 390 RoterodamO.
1445 346 1688 389 Sententiae
1719 346 1833 388 Cice-

110 428 224 471 ronis
267 431 310 470 et
350 427 527 469 aliorum
571 426 798 468 authorum
839 425 1088 466 illustratae.
1164 423 1227 465 De
1267 434 1431 464 morum
1474 421 1697 463 Civilitate.
1770 421 1831 462 De

109 503 298 545 Moribus
339 502 567 544 Nationum
608 514 657 543 ex
696 500 879 542 Barclaii
918 500 1053 541 Icone.
1117 497 1388 540 Tractatulus
1427 495 1744 550 Geographicus
1782 508 1832 537 ex

110 578 325 620 Hiibnero.
388 578 449 619 De
472 589 516 618 re
539 576 720 626 Cibaria,
754 575 979 625 Vestiaria,
1013 574 1303 624 Oeconomica,
1336 572 1507 623 Bellica,
1536 572 1730 623 Nautica,
1752 574 1829 613 cet.

109 666 158 696 ex
191 655 398 705 apparatu
431 651 780 701 Pexenfelderi¹),
820 650 883 692 vel
917 650 1098 691 Pontani
1136 647 1537 703 Progymnasmatis.
1599 647 1662 689 De
1694 646 1831 688 causis

109 730 151 769 et
181 726 375 769 remediis
407 726 495 767 irae
527 738 575 767 ex
602 725 746 766 Livino
769 725 970 779 MeJeren,
1003 737 1051 766 ex
1073 724 1152 777 piis
1174 723 1392 765 Hilaribus
1415 721 1609 775 Angelini
1632 719 1830 773 Gazaeiss)

109 804 186 845 cet.
250 801 442 854 Denique
473 799 640 842 libellus
672 799 814 841 nullus
847 801 929 853 est,
968 798 1039 852 qui
1079 811 1161 840 non
1192 798 1339 840 utilem
1370 797 1580 840 scribendi
1611 796 1831 839 materiam

110 878 321 930 suggerat.
384 876 524 928 Atque
554 874 658 916 haec
691 874 742 916 de
774 873 954 916 materia
985 873 1256 925 Thematum,
1288 875 1483 925 superest
1514 872 1565 914 de
1596 873 1742 914 forma.

247 963 402 1005 Forma
433 961 473 1003 in
507 974 555 1003 eo
588 960 801 1011 consistit,
839 963 888 1002 ut
926 962 1222 1012 argumentum
1262 958 1398 1012 primo
1437 959 1648 1000 referatur
1679 957 1733 1000 ad
1765 970 1832 1000 ex-

109 1038 311 1092 plicatum
344 1039 617 1090 praeceptum
640 1035 798 1090 Alvari,
831 1047 878 1077 ac
901 1034 1096 1088 explicati
1120 1033 1331 1076 Ciceronis
1354 1033 1420 1075 vel
1443 1033 1616 1075 alterius
1640 1033 1830 1075 authoris

107 1113 406 1158 imitationem:
449 1111 632 1154 secundo
675 1115 723 1153 ut
754 1111 810 1154 sit
840 1110 1123 1165 perspicuum,
1156 1112 1198 1151 et
1228 1108 1511 1161 intelligibile3
1554 1108 1680 1151 tertio
1712 1107 1832 1150 facile

111 1201 159 1230 ac
182 1187 319 1230 breve.
382 1187 553 1243 Thema,
577 1186 644 1229 cui
666 1186 767 1228 haec
789 1186 872 1227 tria
894 1185 1038 1240 insint,
1060 1184 1248 1226 numeris
1272 1186 1337 1225 est
1358 1183 1551 1225 omnibus
1576 1182 1829 1225 absolutum.

242 1263 426 1305 Primo.
479 1263 787 1315 Argumentum
821 1274 913 1304 cum
947 1261 1001 1302 ad
1032 1260 1200 1314 regulas
1223 1259 1436 1315 Syntaxis,
1468 1263 1558 1300 tum
1580 1259 1721 1312 quoad
1741 1258 1832 1301 fieri

106 1341 266 1392 potest,
309 1337 510 1379 Authoris
553 1337 831 1379 imitationem
880 1335 1172 1390 referendum,
1219 1346 1461 1377 communes
1509 1337 1551 1375 et
1596 1334 1832 1387 singulares

106 1413 408 1467 Magistrorum
440 1413 610 1465 regulae
642 1412 927 1466 praecipiunt,
960 1413 1002 1453 et
1032 1411 1112 1453 nisi
1143 1410 1204 1452 ita
1235 1409 1427 1451 futurum
1467 1412 1581 1451 certo
1621 1409 1700 1451 sibi
1740 1422 1832 1463 per-

105 1488 326 1537 suadeant„
358 1491 402 1530 et
433 1488 706 1541 experiantur
739 1487 946 1540 discipuli,
979 1486 1172 1540 perditus
1204 1489 1269 1528 est
1297 1484 1533 1539 explicandi
1564 1484 1696 1535 labor,
1729 1488 1833 1527 tem-

110 1576 292 1618 pusque;
325 1576 400 1605 nec
432 1565 523 1605 arte
554 1563 642 1605 ulla
673 1563 851 1605 attentio
885 1561 1157 1604 obtinebitur.
1220 1561 1314 1603 Non
1347 1561 1508 1613 ignore,
1532 1572 1624 1602 eam
1646 1573 1734 1602 rem
1757 1573 1832 1602 nec

110 1642 350 1692 promptam
384 1651 458 1680 nec
488 1637 653 1680 facilem
685 1637 811 1688 adeo3
855 1637 955 1691 quin
988 1637 1237 1691 praesertim
1270 1637 1311 1677 in
1345 1635 1542 1678 thematis
1576 1636 1831 1678 continuatis

109 1713 254 1755 labore
285 1726 392 1767 opus
424 1726 515 1755 esse
548 1716 589 1755 et
614 1713 786 1767 judicio.
849 1712 913 1754 Ad
945 1712 1053 1754 hanc
1084 1711 1378 1754 difficultatem
1410 1710 1729 1767 sublevandam,
1762 1724 1830 1753 ne-

109 1801 225 1831 cesse
257 1792 334 1840 est,
367 1793 415 1829 ut
447 1792 582 1830 artem
614 1788 820 1841 quidlibet
853 1787 905 1829 ad
938 1787 1158 1840 quodlibet
1189 1786 1384 1828 trahendi
1424 1789 1567 1828 teneat
1604 1786 1828 1839 Magister:

105 1866 234 1917 atque
265 1876 309 1905 se
340 1863 382 1905 in
414 1876 464 1906 ea
494 1866 700 1919 exerceat,
733 1863 799 1905 vel
831 1866 1058 1915 antequam
1088 1861 1141 1904 ad
1165 1861 1342 1903 docendi
1364 1874 1518 1903 munus
1542 1861 1830 1914 aggrediatur.

105 1938 186 1981 Ars
220 1938 322 1981 haec
353 1939 394 1980 in
427 1951 475 1981 eo
507 1938 590 1981 sita
630 1940 713 1994 est,
756 1941 804 1980 ut
834 1938 995 1991 thema,
1038 1936 1151 1991 quod
1183 1936 1274 1978 dari
1305 1936 1460 1991 possit,
1502 1936 1738 1990 quodlibet,
1781 1936 1832 1978 de

106 2013 241 2065 coelo,
273 2016 407 2069 terra,
438 2013 548 2056 bello
582 2017 658 2056 cet.
694 2016 871 2068 tractet,
905 2012 958 2054 ad
991 2011 1170 2066 quodvis
1203 2011 1516 2054 Grammaticae
1547 2011 1679 2053 totius
1711 2024 1831 2065 prae-

106 2091 289 2150 ceptum,
322 2088 375 2131 ad
406 2088 599 2131 Phrasim
632 2088 824 2142 quamvis
848 2088 1116 2141 detorquere,
1148 2086 1330 2142 flectere,
1363 2091 1405 2130 et
1428 2087 1486 2130 sic
1509 2086 1829 2129 accommodare

109 2164 248 2220 novis,
281 2168 329 2206 ut
360 2164 568 2206 naturalis
600 2167 743 2206 tamen
777 2177 925 2206 sensus
958 2166 1090 2206 exeat.
1153 2163 1202 2205 Id
1242 2176 1341 2205 vero
1380 2163 1641 2216 digressione
1673 2163 1830 2217 aliqua,

110 2240 479 2282 circumlocutione
511 2253 584 2282 seu
606 2240 857 2295 periphrasi,
888 2240 967 2295 vel,
999 2252 1108 2293 quae
1129 2252 1255 2292 saepe
1284 2239 1511 2292 plurimum
1543 2238 1686 2293 servit,
1718 2238 1830 2280 simi-

108 2315 308 2370 litudine,
340 2315 403 2357 vel
437 2315 852 2357 circumstantiarum
884 2314 1111 2368 temporis,
1144 2314 1243 2365 loci,
1286 2326 1512 2369 personae,
1546 2313 1716 2355 habitus
1750 2314 1827 2355 cet.

109 2390 363 2445 adjectione,
405 2391 470 2433 vel
510 2391 762 2432 documento
804 2389 966 2445 aliquo,
1009 2393 1084 2431 aut
1121 2389 1333 2432 sententia
1371 2388 1562 2442 inspersa
1600 2387 1826 2442 perficitur.

108 2465 255 2508 Praxis
286 2466 389 2508 haec
420 2465 512 2508 erit.

249 2544 282 2582 1.
332 2540 549 2582 Summam
589 2540 828 2593 argumenti
870 2539 1016 2593 paucis
1058 2539 1100 2581 in
1132 2539 1323 2581 chartam
1356 2538 1549 2592 conjicies
1583 2552 1618 2579 v.
1653 2550 1690 2591 g.
1726 2538 1827 2580 Cain

107 2629 205 2658 reae
246 2615 525 2658 conscientiae
565 2616 686 2658 furiis
730 2617 869 2669 actus,
911 2617 1006 2656 tuta
1044 2615 1184 2656 omnia
1223 2614 1504 2669 pertimescit,
1547 2616 1588 2656 et
1628 2614 1669 2655 in
1711 2614 1829 2668 sylva

109 2691 325 2746 oberrans,
358 2704 434 2745 pro
467 2691 557 2733 fera
588 2691 791 2734 caeditur.

248 2853 274 2897 1)
292 2851 450 2887 Michael
465 2851 701 2887 Pexenfelder
718 2852 751 2886 S.
763 2851 797 2885 J.
812 2849 1158 2894 (Arnsdorf-Passau
1177 2853 1275 2895 1613,
1296 2853 1383 2886 1630
1401 2851 1465 2895 †‘?)
1484 2850 1693 2895 Apparatus
1710 2850 1826 2885 erudi-

111 2908 220 2943 tionis
247 2914 319 2943 tam
345 2921 462 2944 rerum
491 2919 596 2953 quam
623 2909 810 2944 verborum
838 2919 901 2952 per
920 2919 1040 2943 omnes
1064 2913 1159 2943 artes
1186 2913 1221 2943 et
1246 2909 1415 2944 scientias
1434 2909 1692 2953 Norimbergae
1721 2909 1826 2953 16703

112 2966 274 3001 mehrere
302 2966 492 3011 Aufiagen,
517 2967 574 3002 die
600 2970 630 3002 5.
652 2968 693 3001 A.
724 2968 820 3002 1744.
852 2968 925 3001 120.
952 2977 1011 3010 pp.
1025 2969 1102 3001 888.

247 3036 276 3080 2)
302 3036 502 3080 Angelinus
518 3036 681 3071 Gazaeus
698 3036 731 3070 S.
745 3036 779 3071 J.
805 3036 957 3081 (Gazet).
985 3036 1087 3072 Saint
1102 3036 1168 3071 Pol
1189 3039 1286 3081 1568,
1314 3038 1411 3079 1586,
1440 3038 1537 3072 1653.
1563 3035 1642 3070 Ρ10
1660 3036 1827 3070 hilaria

109 3094 325 3138 variaque
356 3094 562 3128 carmina.
600 3094 717 3129 Duaci
750 3094 847 3130 1617.
890 3095 962 3129 160.
989 3105 1047 3138 pp.
1081 3097 1162 3137 1513
1194 3094 1285 3129 viele
1312 3093 1518 3137 Ausgaben.
1571 3093 1733 3128 Deutsch
1759 3104 1825 3128 von

109 3151 318 3187 Schluter
341 3151 506 3187 Munster
534 3152 630 3188 1847.
656 3153 711 3186 80.
738 3163 796 3197 pp.
825 3151 979 3186 XXXVI
998 3154 1039 3196 -l-
1060 3154 1134 3187 182.
