2164 3535
543 245 766 289 Auordnung
791 246 854 281 des
879 247 932 290 3j.
960 245 1088 290 philos.
1115 244 1256 280 Kursus
1292 247 1388 280 1858.
1742 246 1823 286 559

107 390 224 429 terea
258 386 298 428 in
343 386 703 440 disputationibus
735 389 778 428 et
808 385 1069 428 examinibus
1102 397 1225 438 pares
1258 384 1427 426 minime
1459 382 1544 424 sint
1576 383 1692 426 oneri
1725 383 1826 437 ipsis

107 462 303 515 imposito
335 464 425 503 tum
458 462 662 515 arguendi
695 465 786 503 tum
819 461 1006 503 solvendi
1047 462 1297 514 argumenta
1329 458 1525 501 methodo
1557 458 1822 513 scholastica,

108 548 192 590 qua
213 540 358 578 tamen
390 539 574 578 utuntur
595 540 637 578 et
668 536 730 578 uti
763 536 917 578 debent
939 536 1011 589 qui
1044 535 1094 578 de
1126 536 1317 589 ipsorum
1349 534 1542 576 doctrina
1570 533 1828 587 experimen-

107 614 198 652 tum
230 614 414 653 sumunt.
470 611 545 653 Cui
569 615 657 653 tam
688 612 805 664 gravi
828 611 937 652 malo
971 614 1019 652 ut.
1041 609 1314 664 Superiorum
1347 609 1566 662 vigilantia
1595 608 1826 650 remedium

113 685 261 728 efficax
293 686 482 728 adhiberi
515 686 662 741 possit,
694 685 998 739 providendum
1029 688 1112 735 est,
1144 687 1193 726 ut
1224 684 1415 738 discipuli
1448 684 1690 726 dialecticae
1711 696 1830 737 prae-

109 761 242 814 ceptis
275 773 403 814 quam
436 760 661 813 diligenter
702 760 1001 811 instituantur3
1047 760 1388 813 quandoquidem
1422 772 1443 801 e
1476 763 1615 801 mente
1648 758 1831 812 Congre—

110 835 290 888 gationis
332 835 475 888 logicis
516 835 853 877 institutionibus
896 847 946 876 ea
987 835 1213 888 praecipue
1246 835 1296 876 de
1339 847 1467 876 causa
1506 834 1685 887 amplius
1726 837 1832 876 tem-

76 918 87 928 ·’
110 910 223 963 poris
246 908 454 950 tributum
477 913 555 963 est,
586 912 636 950 ut
657 908 873 951 auditores
897 922 979 950 non
1012 909 1149 951 solum
1173 912 1399 962 praecepta
1427 909 1559 962 probe
1581 909 1829 962 intelligere,

110 983 185 1026 sed
226 983 354 1025 etiam
386 984 427 1024 in
468 983 518 1025 iis
561 996 641 1025 usu
683 983 900 1026 servandis
943 984 1173 1037 plurimum
1216 984 1399 1026 exerceri
1439 984 1620 1037 possint3
1663 996 1711 1025 ex
1743 996 1827 1036 qua

109 1058 310 1100 nimirum
344 1059 643 1101 exercitatione
674 1059 746 1100 illa
775 1059 931 1112 ingenii
964 1059 1132 1101 cultura
1163 1063 1205 1102 et
1235 1059 1526 1109 conformatio,
1557 1070 1665 1112 quae
1695 1058 1832 1100 Philo-

110 1133 288 1186 sophiae
319 1133 460 1175 studio
494 1134 728 1189 quaeritur,
765 1146 963 1186 magnam
996 1137 1161 1188 partem
1193 1133 1386 1187 pendeat.

252 1208 324 1249 IX.
374 1208 594 1251 Postremo
626 1221 767 1250 meum
799 1222 890 1251 esse
922 1209 1064 1265 video,
1097 1209 1344 1263 Superiores
1378 1220 1522 1251 omnes
1555 1213 1597 1251 et.
1629 1209 1827 1251 Lectores

111 1284 152 1325 in
186 1284 366 1325 Domino
400 1283 561 1325 hortari
595 1287 723 1337 atque
754 1297 944 1340 monere,
986 1288 1033 1326 ut
1064 1284 1172 1326 serio
1205 1296 1350 1326 secum
1382 1286 1600 1339 reputent,
1639 1296 1747 1336 quae
1779 1283 1830 1325 de

111 1359 272 1401 latinae
302 1359 471 1412 linguae
511 1372 593 1401 usu
635 1362 677 1401 et
718 1372 741 1401 a
774 1358 814 1401 S.
848 1359 891 1401 P.
927 1360 976 1401 N.
1018 1360 1183 1412 Ignatio
1224 1360 1265 1401 in
1298 1358 1682 1402 Constitutionibus
1722 1362 1764 1400 et
1806 1370 1829 1399 a

114 1434 325 1476 Societate
358 1438 615 1487 congregata
647 1435 822 1488 ejusque
845 1434 1103 1488 Praepositis
1135 1447 1260 1488 saepe
1293 1438 1522 1489 praecepta
1544 1438 1586 1476 et
1617 1434 1830 1475 inculcata

113 1514 226 1551 sunt.
289 1509 431 1562 Atque
463 1522 563 1551 sane
596 1521 691 1551 cum
725 1510 1005 1563 Congregatio
1037 1510 1181 1563 XX11)
1220 1522 1303 1551 non
1335 1510 1471 1551 solum
1509 1509 1750 1562 statuisset,
1783 1511 1832 1549 ut

112 1585 179 1626 hic
212 1596 316 1627 usus
348 1584 390 1626 in
422 1584 598 1637 Logica‚
639 1583 930 1638 Metaphysica
963 1588 1005 1626 et
1035 1584 1263 1638 Theologia
1303 1584 1491 1626 docenda
1528 1584 1695 1625 omnino
1734 1583 1833 1625 reti-

114 1663 315 1713 neretur,
348 1661 423 1703 sed
454 1661 580 1703 etiam
615 1661 786 1715 aliquod
819 1661 1075 1704 desiderium
1107 1660 1383 1715 ostendisset,
1422 1662 1471 1700 ut
1506 1659 1547 1700 in
1579 1658 1759 1711 Physica
1791 1660 1833 1699 et

113 1735 297 1778 Mathesi
330 1736 539 1778 tradenda
566 1740 859 1780 revocaretur:
892 1736 1161 1779 vehementer
1186 1735 1411 1778 dolendum
1443 1737 1521 1782 est,
1556 1734 1596 1775 in
1622 1732 1832 1785 Collegiis,

113 1811 155 1853 in
187 1811 341 1864 quibus
374 1811 428 1853 ad
458 1811 563 1853 illud
596 1825 731 1866 usque
763 1816 929 1865 tempus
962 1824 1098 1854 sermo
1139 1811 1296 1853 latinus
1329 1822 1495 1863 semper
1524 1809 1732 1862 viguerat,
1765 1819 1832 1849 ex-

113 1886 210 1929 inde
251 1899 333 1928 non
377 1887 513 1929 solum
555 1887 750 1941 physicas
793 1891 836 1929 et
877 1887 1215 1939 mathematicas,
1265 1885 1339 1928 sed
1378 1885 1536 1938 logicas
1581 1895 1749 1937 quoque
1790 1884 1833 1924 et

114 1961 424 2016 metaphysicas
458 1962 656 2004 lectiones
689 1962 912 2005 vernaculo
946 1974 1140 2004 sermone
1170 1961 1326 2003 habere
1360 1963 1529 2013 coeptas
1562 1971 1664 2001 esse.
1721 1957 1830 2008 Qua:

114 2039 292 2090 propter
324 2049 419 2079 cum
452 2040 668 2096 postrema
701 2037 980 2090 Congregatio
1013 2035 1232 2079 Generalis
1265 2038 1307 2077 et.
1340 2048 1409 2085 ea,
1451 2047 1560 2087 quae
1593 2033 1643 2075 de
1673 2032 1832 2075 latinae

113 2111 284 2165 linguae
316 2125 395 2154 usu
427 2112 469 2154 in
505 2111 716 2155 Societate
757 2112 938 2155 fovenda
979 2112 1211 2165 generatim
1257 2111 1488 2153 constituta
1527 2113 1651 2163 sunt,
1694 2107 1831 2150 denuo

116 2186 432 2243 confirmarit2),
464 2191 507 2230 et
527 2188 774 2230 nominatim
804 2188 846 2230 in
878 2188 1169 2242 superioribus
1199 2186 1404 2229 classibus
1436 2185 1610 2227 latinam
1642 2185 1833 2238 linguam

117 2266 159 2304 et
193 2263 371 2305 formam
404 2262 705 2317 syllogisticam
736 2276 818 2305 non
851 2263 987 2305 solum
1019 2262 1295 2316 retinendam,
1327 2261 1414 2316 sed,
1447 2260 1580 2303 sicubi
1613 2260 1654 2302 in
1687 2259 1833 2302 desue-

117 2338 312 2381 tudinem
346 2339 519 2395 abierit,
553 2339 664 2380 omni
697 2351 775 2392 ope
807 2338 1086 2381 revocandam
1118 2336 1399 2390 sanciveritss),
1432 2348 1513 2378 non
1545 2347 1718 2389 possum
1750 2346 1832 2375 non

117 2412 245 2467 hujus
277 2414 436 2457 decreti
477 2417 717 2467 promptam
751 2417 794 2456 et
835 2417 1098 2456 constantem
1140 2413 1427 2455 executionem
1460 2409 1756 2464 Superioribus
1790 2411 1833 2451 et

119 2488 306 2544 reliquis,
339 2489 393 2531 ad
426 2501 531 2542 quos
564 2489 762 2544 pertinet,
794 2489 912 2531 enixe
945 2487 1251 2531 commendare.

175 2696 237 2746 X.
295 2697 505 2764 Capita
543 2696 846 2746 doctrinae
884 2716 913 2745 a
952 2696 1296 2746 Professore
1337 2693 1762 2759 Philosophiae

666 2789 923 2838 triennio
970 2788 1272 2838 tradenda.

256 2919 319 2960 De
350 2916 644 2971 Philosophiae
675 2929 848 2959 munere
881 2919 923 2959 et
953 2916 1168 2971 partibus,
1212 2915 1397 2958 utilitate
1428 2918 1470 2957 et
1500 2914 1617 2956 varia
1647 2914 1830 2963 fortuna,

118 2993 305 3036 breviter
335 2996 377 3035 et
409 2993 723 3036 accommodate
754 2992 808 3034 ad
840 2992 1128 3046 incipientium
1161 2995 1354 3046 captum,
1395 2990 1454 3031 ita
1486 2994 1533 3031 ut
1563 2989 1666 3032 haec
1697 2989 1832 3042 prole-

119 3080 298 3122 gomena
328 3068 474 3121 paucis
506 3068 673 3110 omnino
706 3066 954 3110 lectionibus
988 3066 1273 3109 absolvantur.

260 3186 284 3228 ¹)
308 3183 414 3219 Decr.
444 3185 494 3218 19.
704 3182 732 3226 2>
760 3181 865 3216 Decr.
891 3184 944 3216 30.
1155 3182 1182 3225 ³)
1210 3181 1313 3215 Decr.
1339 3183 1392 3215 31.
