2164 3535
218 206 299 248 190
752 203 1028 247 Heranbildung
1053 202 1116 237 der
1141 202 1281 238 Lehrer
1309 207 1406 240 1622.

844 448 1310 492 Exercitationes.

352 553 496 594 Prima
528 552 740 601 omnibus,
784 551 854 604 qui
887 551 938 592 ad
972 551 1074 594 haec
1107 553 1249 594 studia
1280 554 1512 607 repetenda
1551 554 1802 608 mittuntur,
1844 558 1943 597 ante

215 629 354 670 omnia
394 628 602 670 tradenda
643 630 708 668 est
749 627 979 668 Instructio
1023 628 1322 681 Repetentium
1361 641 1396 670 a.
1433 630 1556 670 1622.
1612 630 1653 671 in
1696 629 1943 683 provinciali

215 703 551 756 Congregatione
582 703 751 757 facta¹),
784 706 826 743 et
857 702 891 743 si
924 702 1026 755 quid
1057 706 1282 756 praeterea
1314 703 1367 745 ad
1399 704 1502 746 haec
1534 704 1676 746 studia
1703 704 1943 761 tractanda,

214 779 301 821 sive
333 778 434 820 dum
467 780 666 831 repetunt
697 776 783 818 sive
816 776 916 818 dum
948 777 990 818 in
1022 777 1175 820 scholis
1209 778 1373 834 docent,
1411 779 1513 832 ipsis
1546 780 1642 821 usui
1675 792 1766 821 esse
1797 779 1942 833 possit.

214 854 375 904 Quibus
410 853 569 895 utiliter
600 852 858 907 adjungetur
890 853 1113 896 methodus
1146 866 1221 896 seu
1265 854 1368 896 ordo
1409 854 1655 896 conficiendi
1697 855 1943 897 adversaria

213 941 288 971 seu
320 929 433 971 locos
466 940 710 971 communes
743 931 791 969 ut
824 931 988 969 vocant.

352 1015 517 1068 Operae
557 1014 743 1068 pretium
784 1015 886 1070 erit,
928 1015 1046 1056 initio
1090 1028 1218 1057 unam
1260 1019 1335 1057 aut
1367 1016 1545 1058 alteram
1578 1015 1888 1058 hebdomadam
1922 1029 1944 1058 e

214 1089 451 1144 Superioris
484 1089 659 1131 arbitrio
693 1089 922 1132 concedere
943 1091 1263 1147 Repetentibus,
1296 1091 1450 1144 quibus
1476 1092 1563 1133 fere
1585 1092 1687 1133 nihil
1711 1094 1943 1147 praestent,

213 1179 340 1220 quam
371 1171 420 1208 nt
451 1166 692 1208 rudimenta
724 1170 765 1207 et
796 1166 952 1208 librum
984 1167 1167 1220 primum
1190 1167 1481 1209 Emmanuelis
1512 1167 1669 1223 legant,
1704 1167 1944 1222 expendant

213 1245 256 1283 et
296 1242 524 1284 memoriae
566 1243 769 1284 mandent
808 1255 894 1284 una
926 1255 1020 1284 cum
1053 1242 1431 1296 significationibus
1466 1243 1790 1297 vocabulorum,
1833 1256 1943 1296 quae

212 1317 294 1359 illis
327 1318 610 1369 continentur,
644 1317 748 1359 adeo
780 1320 830 1359 ut
861 1321 1052 1370 tempore
1085 1318 1327 1360 academiae
1360 1319 1525 1360 interea
1556 1319 1657 1360 nihil
1690 1318 1804 1360 aliud
1834 1321 1944 1360 trac-

213 1395 323 1447 tent,
366 1405 494 1446 quam
537 1396 584 1434 ut
624 1397 853 1447 praecepta
891 1394 975 1436 ista
1005 1395 1204 1447 recitent,
1248 1408 1292 1437 se
1325 1398 1472 1436 mutuo
1507 1407 1557 1436 ex
1588 1395 1670 1436 illis
1703 1394 1942 1436 examinent

213 1467 426 1521 dubiaque
458 1468 576 1510 varia
608 1472 858 1522 proponant.
922 1469 1016 1510 Non
1049 1482 1145 1511 raro
1179 1470 1289 1511 enim
1321 1470 1394 1512 illa
1425 1471 1696 1525 ignorantur,
1741 1482 1816 1512 nec
1853 1469 1943 1511 sine

212 1543 294 1584 illis
327 1546 415 1584 tam
447 1544 665 1585 commode
696 1544 895 1597 progredi
928 1548 1142 1597 poterunt.

350 1630 635 1683 Posteaquam
669 1644 766 1673 vero
798 1632 838 1672 in
868 1631 982 1674 hisce
1004 1633 1243 1686 praeceptis
1267 1632 1527 1675 sufficienter
1548 1632 1816 1686 profecerint,
1849 1634 1941 1672 tum

213 1705 380 1747 demum
412 1707 616 1759 temporis
650 1706 993 1748 distributionem
1025 1720 1156 1760 supra
1187 1707 1388 1749 traditam
1424 1711 1622 1750 accurate
1655 1706 1942 1749 observabunt

213 1783 342 1833 atque
382 1781 424 1822 in
467 1781 683 1823 academia
723 1782 935 1823 matutina
976 1795 1084 1824 nnus
1127 1782 1301 1835 aliquis,
1343 1783 1396 1823 ad
1434 1795 1560 1836 quem
1593 1782 1696 1823 ordo
1736 1782 1942 1836 pervenit,

212 1856 433 1898 lectionem
466 1870 488 1898 e
520 1869 669 1909 graeco
703 1861 876 1899 auctore
909 1861 1107 1911 exponet,
1148 1870 1195 1899 ac
1226 1858 1362 1911 primo
1396 1858 1564 1910 quidem
1599 1871 1647 1899 eo
1680 1857 1824 1911 modo,
1857 1870 1940 1910 quo

212 1931 252 1972 in
294 1931 435 1973 media
476 1932 658 1985 (classe)
699 1934 1000 1985 grammaticae
1042 1946 1219 1986 graecus
1263 1933 1543 1975 catechismus
1583 1947 1618 1974 v.
1658 1933 1698 1974 iu
1739 1945 1939 1986 suprema

212 2006 367 2059 Aesopi
408 2006 597 2057 fabulae,
642 2007 792 2049 deinde
836 2012 961 2061 prout
1002 2009 1040 2049 in
1086 2009 1351 2050 humanitate
1395 2008 1534 2061 graeei
1577 2010 1771 2050 auctores
1813 2008 1941 2061 expli-

213 2081 298 2122 cari
330 2081 480 2123 solent,

352 2169 551 2211 Lectione
599 2168 718 2210 finita
765 2170 891 2212 ceteri
945 2170 1073 2212 dubia
1124 2183 1335 2224 suumque
1389 2171 1439 2212 de
1493 2170 1687 2212 doctione
1734 2169 1940 2223 judicium

214 2243 357 2294 libere,
390 2244 424 2285 si
458 2248 675 2300 rogentur,
708 2246 916 2298 explicent
948 2251 1003 2301 et,
1037 2246 1071 2288 si
1104 2246 1205 2299 quid
1240 2259 1262 2287 a
1285 2246 1410 2287 modo
1443 2246 1484 2287 in
1518 2245 1675 2298 regulis
1698 2244 1939 2287 scholarum

212 2319 475 2372 praescripto
519 2319 782 2373 discesserit,
830 2321 1084 2371 monebunt3
1133 2321 1246 2374 quod
1289 2321 1416 2363 etiam
1458 2321 1499 2362 in
1548 2321 1681 2362 latina
1722 2319 1938 2362 academia

212 2394 401 2447 permitti
449 2394 586 2437 debet.
656 2394 739 2438 Sed
786 2396 1093 2438 advertendum
1139 2397 1206 2439 hic
1253 2400 1318 2438 est
1364 2396 1583 2437 Praefecto
1632 2409 1664 2441 s,
1708 2395 1938 2437 Directori:

219 2472 252 2510 1.
287 2473 335 2510 nt
368 2469 473 2511 alios
507 2473 705 2512 auctores
729 2470 997 2523 exponendos
1030 2483 1113 2512 non
1144 2471 1424 2524 praescribat,
1458 2483 1585 2523 quam
1609 2471 1679 2523 qui
1712 2471 1752 2512 in
1785 2470 1938 2512 scholis

213 2545 368 2587 nostris
399 2545 600 2598 explicari
633 2546 789 2590 solent:
835 2546 913 2587 hoc
957 2546 1066 2587 enim
1098 2547 1328 2599 plurimum
1362 2546 1553 2599 proderit
1585 2545 1812 2598 aliquando
1845 2545 1940 2586 doc-

213 2620 342 2667 turis:
376 2620 563 2672 quinimo
596 2634 617 2662 e
650 2620 854 2673 Catalogo
887 2621 1099 2674 Perpetuo
1131 2620 1252 2662 facile
1286 2621 1522 2673 intelligere
1553 2620 1732 2674 poterit,
1766 2620 1937 2673 quinam

214 2698 410 2737 auctores
443 2696 718 2748 sequentibus
751 2696 870 2737 annis
912 2696 1061 2738 iisdem
1094 2695 1404 2750 Repetentibus
1444 2696 1483 2736 in
1517 2695 1670 2737 scholis
1703 2694 1937 2747 explicandi

213 2770 315 2821 sint;
366 2772 404 2811 2.
438 2772 486 2811 ut
517 2783 542 2811 a
571 2771 831 2813 facilioribus
871 2771 923 2812 ad
962 2771 1134 2812 modum
1175 2776 1217 2813 et
1254 2771 1442 2813 ordinem
1476 2771 1716 2813 scholarum
1749 2769 1801 2811 ad
1834 2768 1939 2810 diffi-

213 2845 358 2887 ciliora
390 2845 702 2901 progrediatur,
735 2851 778 2888 et
809 2847 971 2888 tamdiu
1004 2847 1044 2888 in
1077 2846 1217 2888 soluta
1240 2846 1431 2887 oratione
1463 2846 1555 2888 illos
1579 2846 1773 2897 retineat,
1806 2845 1937 2886 donec

215 2920 255 2961 in
289 2921 458 2973 privata
488 2920 737 2973 repetitione
770 2935 904 2974 usque
937 2921 990 2963 ad
1022 2920 1264 2974 prosodiam
1297 2933 1493 2973 graecam
1515 2920 1801 2973 pervenerint:
1835 2923 1937 2961 tunc

215 2995 324 3037 enim
357 2996 552 3050 sepositis
585 2996 847 3038 orationibus
881 3000 1006 3049 poeta
1038 3008 1215 3049 graecus
1249 2995 1523 3048 explicandus
1556 2997 1680 3037 esset.

353 3147 380 3189 ¹)
407 3145 441 3179 S.
468 3144 525 3179 die
551 3144 716 3189 folgende
742 3144 972 3179 Instruction.
