<?xml version="1.0" encoding="UTF-8"?>
<!DOCTYPE html PUBLIC "-//W3C//DTD XHTML 1.0 Transitional//EN"
    "http://www.w3.org/TR/xhtml1/DTD/xhtml1-transitional.dtd">
<html xmlns="http://www.w3.org/1999/xhtml" xml:lang="en" lang="en">
 <head>
  <title>
</title>
<meta http-equiv="Content-Type" content="text/html;charset=utf-8" />
  <meta name='ocr-system' content='tesseract 3.04.00' />
  <meta name='ocr-capabilities' content='ocr_page ocr_carea ocr_par ocr_line ocrx_word'/>
</head>
<body>
  <div class='ocr_page' id='page_1' title='image "./ratiostudiorumet16jesu_0504.png"; bbox 0 0 2164 3535; ppageno 0'>
   <div class='ocr_carea' id='block_1_1' title="bbox 304 169 1758 236">
    <p class='ocr_par' dir='ltr' id='par_1_1' title="bbox 304 169 1758 236">
     <span class='ocr_line' id='line_1_1' title="bbox 304 169 1758 236; baseline 0.004 -10"><span class='ocrx_word' id='word_1_1' title='bbox 304 195 388 236; x_wconf 82' lang='lat'>480</span> <span class='ocrx_word' id='word_1_2' title='bbox 561 193 766 228; x_wconf 85' lang='lat' dir='ltr'>Beibericht</span> <span class='ocrx_word' id='word_1_3' title='bbox 791 193 855 227; x_wconf 89' lang='lat' dir='ltr'>der</span> <span class='ocrx_word' id='word_1_4' title='bbox 881 169 1310 228; x_wconf 73' lang='lat' dir='ltr'>Studien-Kommissare</span> <span class='ocrx_word' id='word_1_5' title='bbox 1337 205 1400 228; x_wconf 90' lang='lat' dir='ltr'>zur</span> <span class='ocrx_word' id='word_1_6' title='bbox 1425 194 1468 229; x_wconf 88' lang='lat' dir='ltr'>R.</span> <span class='ocrx_word' id='word_1_7' title='bbox 1495 200 1537 230; x_wconf 90' lang='lat' dir='ltr'>st.</span> <span class='ocrx_word' id='word_1_8' title='bbox 1563 206 1631 230; x_wconf 89' lang='lat' dir='ltr'>von</span> <span class='ocrx_word' id='word_1_9' title='bbox 1660 199 1758 232; x_wconf 86' lang='grc'><strong>1832.</strong></span> 
     </span>
    </p>
   </div>
   <div class='ocr_carea' id='block_1_2' title="bbox 1220 265 1945 273">
    <p class='ocr_par' dir='ltr' id='par_1_2' title="bbox 1220 265 1945 273">
     <span class='ocr_line' id='line_1_2' title="bbox 1220 265 1945 273; baseline 0 0"><span class='ocrx_word' id='word_1_10' title='bbox 1220 265 1945 273; x_wconf 95' lang='lat' dir='ltr'> </span> 
     </span>
    </p>
   </div>
   <div class='ocr_carea' id='block_1_3' title="bbox 667 447 1676 514">
    <p class='ocr_par' dir='ltr' id='par_1_3' title="bbox 667 447 1676 514">
     <span class='ocr_line' id='line_1_3' title="bbox 667 447 1676 514; baseline 0.005 -19"><span class='ocrx_word' id='word_1_11' title='bbox 667 447 928 514; x_wconf 83' lang='lat' dir='ltr'>Regulae</span> <span class='ocrx_word' id='word_1_12' title='bbox 978 448 1274 497; x_wconf 79' lang='lat' dir='ltr'>Praefecti</span> <span class='ocrx_word' id='word_1_13' title='bbox 1320 451 1676 500; x_wconf 66' lang='lat' dir='ltr'>Studiorum.</span> 
     </span>
    </p>
   </div>
   <div class='ocr_carea' id='block_1_4' title="bbox 294 575 2028 3048">
    <p class='ocr_par' dir='ltr' id='par_1_4' title="bbox 439 575 1467 631">
     <span class='ocr_line' id='line_1_4' title="bbox 439 575 1467 631; baseline 0.003 -15"><span class='ocrx_word' id='word_1_14' title='bbox 439 575 489 616; x_wconf 89' lang='lat' dir='ltr'>N.</span> <span class='ocrx_word' id='word_1_15' title='bbox 512 576 584 619; x_wconf 84' lang='lat'>43.</span> <span class='ocrx_word' id='word_1_16' title='bbox 646 575 716 616; x_wconf 91' lang='lat' dir='ltr'>Ad</span> <span class='ocrx_word' id='word_1_17' title='bbox 748 588 844 629; x_wconf 84' lang='lat' dir='ltr'>reg.</span> <span class='ocrx_word' id='word_1_18' title='bbox 867 578 905 617; x_wconf 87' lang='lat'>4.</span> <span class='ocrx_word' id='word_1_19' title='bbox 969 576 1168 618; x_wconf 88' lang='lat' dir='ltr'>mendum</span> <span class='ocrx_word' id='word_1_20' title='bbox 1200 578 1467 631; x_wconf 78' lang='lat' dir='ltr'><strong>typographi.</strong></span> 
     </span>
    </p>

    <p class='ocr_par' dir='ltr' id='par_1_5' title="bbox 440 650 1816 709">
     <span class='ocr_line' id='line_1_5' title="bbox 440 650 1816 709; baseline 0.004 -17"><span class='ocrx_word' id='word_1_21' title='bbox 440 650 490 692; x_wconf 91' lang='lat' dir='ltr'>N.</span> <span class='ocrx_word' id='word_1_22' title='bbox 513 651 585 694; x_wconf 91' lang='lat'>44.</span> <span class='ocrx_word' id='word_1_23' title='bbox 646 651 717 692; x_wconf 91' lang='lat' dir='ltr'>Ad</span> <span class='ocrx_word' id='word_1_24' title='bbox 749 664 846 704; x_wconf 85' lang='lat' dir='ltr'>reg.</span> <span class='ocrx_word' id='word_1_25' title='bbox 872 654 910 693; x_wconf 90' lang='lat'>5.</span> <span class='ocrx_word' id='word_1_26' title='bbox 974 652 1260 709; x_wconf 85' lang='lat' dir='ltr'>Expunctum,</span> <span class='ocrx_word' id='word_1_27' title='bbox 1292 653 1393 707; x_wconf 91' lang='lat' dir='ltr'>quia</span> <span class='ocrx_word' id='word_1_28' title='bbox 1424 654 1572 696; x_wconf 90' lang='lat' dir='ltr'>inutile</span> <span class='ocrx_word' id='word_1_29' title='bbox 1604 667 1652 696; x_wconf 88' lang='lat' dir='ltr'>ex</span> <span class='ocrx_word' id='word_1_30' title='bbox 1685 668 1724 696; x_wconf 91' lang='lat' dir='ltr'>n.</span> <span class='ocrx_word' id='word_1_31' title='bbox 1752 656 1816 697; x_wconf 85' lang='lat'>10.</span> 
     </span>
    </p>

    <p class='ocr_par' dir='ltr' id='par_1_6' title="bbox 300 725 2027 859">
     <span class='ocr_line' id='line_1_6' title="bbox 438 725 2027 785; baseline 0.005 -19"><span class='ocrx_word' id='word_1_32' title='bbox 438 725 487 767; x_wconf 88' lang='lat' dir='ltr'>N.</span> <span class='ocrx_word' id='word_1_33' title='bbox 511 727 583 770; x_wconf 97' lang='lat'>45.</span> <span class='ocrx_word' id='word_1_34' title='bbox 635 726 705 768; x_wconf 87' lang='lat' dir='ltr'>Ad</span> <span class='ocrx_word' id='word_1_35' title='bbox 738 740 836 780; x_wconf 89' lang='lat' dir='ltr'>reg.</span> <span class='ocrx_word' id='word_1_36' title='bbox 862 729 898 769; x_wconf 85' lang='grc'>6.</span> <span class='ocrx_word' id='word_1_37' title='bbox 951 727 1142 777; x_wconf 78' lang='lat' dir='ltr'>Adhu01)</span> <span class='ocrx_word' id='word_1_38' title='bbox 1177 729 1366 770; x_wconf 78' lang='lat' dir='ltr'>clausula</span> <span class='ocrx_word' id='word_1_39' title='bbox 1390 730 1589 783; x_wconf 88' lang='lat' dir='ltr'>»siquid</span> <span class='ocrx_word' id='word_1_40' title='bbox 1611 733 1677 773; x_wconf 89' lang='lat' dir='ltr'>etc</span> <span class='ocrx_word' id='word_1_41' title='bbox 1697 745 1742 784; x_wconf 60' lang='lat' dir='ltr'>z,</span> <span class='ocrx_word' id='word_1_42' title='bbox 1776 743 1826 772; x_wconf 90' lang='lat' dir='ltr'>ne</span> <span class='ocrx_word' id='word_1_43' title='bbox 1848 731 2027 785; x_wconf 78' lang='lat' dir='ltr'>explicet</span> 
     </span>
     <span class='ocr_line' id='line_1_7' title="bbox 300 801 1242 859; baseline 0.003 -17"><span class='ocrx_word' id='word_1_44' title='bbox 300 801 523 858; x_wconf 74' lang='lat' dir='ltr'>inutiliter,</span> <span class='ocrx_word' id='word_1_45' title='bbox 555 814 646 857; x_wconf 89' lang='lat' dir='ltr'>nec,</span> <span class='ocrx_word' id='word_1_46' title='bbox 679 802 778 844; x_wconf 90' lang='lat' dir='ltr'>dum</span> <span class='ocrx_word' id='word_1_47' title='bbox 812 806 877 844; x_wconf 89' lang='lat' dir='ltr'>est</span> <span class='ocrx_word' id='word_1_48' title='bbox 907 803 1026 859; x_wconf 85' lang='lat' dir='ltr'>utile,</span> <span class='ocrx_word' id='word_1_49' title='bbox 1059 804 1242 846; x_wconf 88' lang='lat' dir='ltr'>omittat.</span> 
     </span>
    </p>

    <p class='ocr_par' dir='ltr' id='par_1_7' title="bbox 299 877 2028 1312">
     <span class='ocr_line' id='line_1_8' title="bbox 439 877 2028 933; baseline 0.004 -16"><span class='ocrx_word' id='word_1_50' title='bbox 439 877 489 919; x_wconf 90' lang='lat' dir='ltr'>N.</span> <span class='ocrx_word' id='word_1_51' title='bbox 515 878 590 922; x_wconf 82' lang='lat'>46.</span> <span class='ocrx_word' id='word_1_52' title='bbox 651 877 723 918; x_wconf 91' lang='lat' dir='ltr'>Ad</span> <span class='ocrx_word' id='word_1_53' title='bbox 756 890 855 930; x_wconf 88' lang='lat' dir='ltr'>reg.</span> <span class='ocrx_word' id='word_1_54' title='bbox 883 880 919 920; x_wconf 78' lang='lat'>8.</span> <span class='ocrx_word' id='word_1_55' title='bbox 979 881 1027 920; x_wconf 74' lang='lat'>19</span> <span class='ocrx_word' id='word_1_56' title='bbox 1059 878 1268 933; x_wconf 78' lang='lat' dir='ltr'>Mutatur,</span> <span class='ocrx_word' id='word_1_57' title='bbox 1302 881 1401 933; x_wconf 92' lang='lat' dir='ltr'>quia</span> <span class='ocrx_word' id='word_1_58' title='bbox 1423 879 1463 922; x_wconf 80' lang='lat' dir='ltr'>S.</span> <span class='ocrx_word' id='word_1_59' title='bbox 1488 880 1669 922; x_wconf 83' lang='lat' dir='ltr'>Thomas</span> <span class='ocrx_word' id='word_1_60' title='bbox 1703 881 1743 922; x_wconf 91' lang='lat' dir='ltr'>in</span> <span class='ocrx_word' id='word_1_61' title='bbox 1777 881 1930 924; x_wconf 88' lang='lat' dir='ltr'>scholis</span> <span class='ocrx_word' id='word_1_62' title='bbox 1963 882 2028 924; x_wconf 89' lang='lat' dir='ltr'>vix</span> 
     </span>
     <span class='ocr_line' id='line_1_9' title="bbox 301 952 2028 1009; baseline 0.003 -15"><span class='ocrx_word' id='word_1_63' title='bbox 301 953 437 995; x_wconf 85' lang='lat' dir='ltr'>adhuc</span> <span class='ocrx_word' id='word_1_64' title='bbox 478 952 681 1005; x_wconf 88' lang='lat' dir='ltr'>legitur.</span> <span class='ocrx_word' id='word_1_65' title='bbox 745 953 807 995; x_wconf 90' lang='lat' dir='ltr'>De</span> <span class='ocrx_word' id='word_1_66' title='bbox 840 966 921 1007; x_wconf 90' lang='lat' dir='ltr'>quo</span> <span class='ocrx_word' id='word_1_67' title='bbox 955 954 1064 996; x_wconf 87' lang='lat' dir='ltr'>infra</span> <span class='ocrx_word' id='word_1_68' title='bbox 1097 956 1149 996; x_wconf 88' lang='lat' dir='ltr'>ad</span> <span class='ocrx_word' id='word_1_69' title='bbox 1192 956 1324 1008; x_wconf 89' lang='lat' dir='ltr'>regul.</span> <span class='ocrx_word' id='word_1_70' title='bbox 1358 956 1470 997; x_wconf 87' lang='lat' dir='ltr'>Prof.</span> <span class='ocrx_word' id='word_1_71' title='bbox 1505 956 1769 1009; x_wconf 86' lang='lat' dir='ltr'>Theologiae.</span> <span class='ocrx_word' id='word_1_72' title='bbox 1833 959 1885 1000; x_wconf 74' lang='lat'>29</span> <span class='ocrx_word' id='word_1_73' title='bbox 1919 958 2028 1000; x_wconf 88' lang='lat' dir='ltr'>Lon-</span> 
     </span>
     <span class='ocr_line' id='line_1_10' title="bbox 300 1030 2028 1085; baseline 0.002 -15"><span class='ocrx_word' id='word_1_74' title='bbox 300 1030 535 1082; x_wconf 87' lang='lat' dir='ltr'>giusculum</span> <span class='ocrx_word' id='word_1_75' title='bbox 570 1030 739 1072; x_wconf 89' lang='lat' dir='ltr'>videtur</span> <span class='ocrx_word' id='word_1_76' title='bbox 770 1033 937 1082; x_wconf 89' lang='lat' dir='ltr'>tempus</span> <span class='ocrx_word' id='word_1_77' title='bbox 972 1030 1120 1085; x_wconf 89' lang='lat' dir='ltr'>[quod]</span> <span class='ocrx_word' id='word_1_78' title='bbox 1154 1031 1335 1072; x_wconf 88' lang='lat' dir='ltr'>duarum</span> <span class='ocrx_word' id='word_1_79' title='bbox 1368 1031 1570 1072; x_wconf 88' lang='lat' dir='ltr'>horarum</span> <span class='ocrx_word' id='word_1_80' title='bbox 1602 1036 1645 1073; x_wconf 91' lang='lat' dir='ltr'>et</span> <span class='ocrx_word' id='word_1_81' title='bbox 1677 1031 1897 1074; x_wconf 87' lang='lat' dir='ltr'>dimidiata</span> <span class='ocrx_word' id='word_1_82' title='bbox 1939 1033 2028 1074; x_wconf 88' lang='lat' dir='ltr'>mi—</span> 
     </span>
     <span class='ocr_line' id='line_1_11' title="bbox 299 1105 2026 1160; baseline 0.002 -13"><span class='ocrx_word' id='word_1_83' title='bbox 299 1106 483 1148; x_wconf 87' lang='lat' dir='ltr'>nimum</span> <span class='ocrx_word' id='word_1_84' title='bbox 527 1105 909 1160; x_wconf 78' lang='lat' dir='ltr'>circumscribitur,</span> <span class='ocrx_word' id='word_1_85' title='bbox 948 1107 1214 1159; x_wconf 88' lang='lat' dir='ltr'>praeplacuit</span> <span class='ocrx_word' id='word_1_86' title='bbox 1255 1107 1475 1148; x_wconf 81' lang='lat' dir='ltr'>circiter.</span> <span class='ocrx_word' id='word_1_87' title='bbox 1539 1107 1656 1148; x_wconf 86' lang='lat' dir='ltr'>Idem</span> <span class='ocrx_word' id='word_1_88' title='bbox 1690 1107 1941 1150; x_wconf 80' lang='lat' dir='ltr'>dixissemus</span> <span class='ocrx_word' id='word_1_89' title='bbox 1974 1108 2026 1150; x_wconf 88' lang='lat' dir='ltr'>de</span> 
     </span>
     <span class='ocr_line' id='line_1_12' title="bbox 300 1181 2024 1238; baseline 0.002 -16"><span class='ocrx_word' id='word_1_90' title='bbox 300 1181 446 1234; x_wconf 86' lang='lat' dir='ltr'>regula</span> <span class='ocrx_word' id='word_1_91' title='bbox 478 1181 687 1234; x_wconf 74' lang='lat' dir='ltr'>sequenti,</span> <span class='ocrx_word' id='word_1_92' title='bbox 718 1181 797 1223; x_wconf 90' lang='lat' dir='ltr'>nisi</span> <span class='ocrx_word' id='word_1_93' title='bbox 831 1181 1031 1234; x_wconf 78' lang='lat' dir='ltr'>religione</span> <span class='ocrx_word' id='word_1_94' title='bbox 1064 1182 1329 1224; x_wconf 84' lang='lat' dir='ltr'>duxissemus</span> <span class='ocrx_word' id='word_1_95' title='bbox 1364 1182 1613 1224; x_wconf 84' lang='lat' dir='ltr'>abbreviare</span> <span class='ocrx_word' id='word_1_96' title='bbox 1645 1187 1812 1237; x_wconf 90' lang='lat' dir='ltr'>tempus</span> <span class='ocrx_word' id='word_1_97' title='bbox 1845 1184 2024 1238; x_wconf 86' lang='lat' dir='ltr'>alicujus</span> 
     </span>
     <span class='ocr_line' id='line_1_13' title="bbox 300 1257 2023 1312; baseline 0.001 -13"><span class='ocrx_word' id='word_1_98' title='bbox 300 1261 442 1309; x_wconf 80' lang='lat' dir='ltr'>actus,</span> <span class='ocrx_word' id='word_1_99' title='bbox 486 1258 557 1310; x_wconf 91' lang='lat' dir='ltr'>qui</span> <span class='ocrx_word' id='word_1_100' title='bbox 589 1257 630 1298; x_wconf 90' lang='lat' dir='ltr'>in</span> <span class='ocrx_word' id='word_1_101' title='bbox 665 1257 920 1310; x_wconf 89' lang='lat' dir='ltr'>quibusdam</span> <span class='ocrx_word' id='word_1_102' title='bbox 954 1257 1121 1299; x_wconf 83' lang='lat' dir='ltr'>casibus</span> <span class='ocrx_word' id='word_1_103' title='bbox 1154 1259 1351 1312; x_wconf 88' lang='lat' dir='ltr'>supplere</span> <span class='ocrx_word' id='word_1_104' title='bbox 1385 1259 1509 1301; x_wconf 87' lang='lat' dir='ltr'>debet</span> <span class='ocrx_word' id='word_1_105' title='bbox 1541 1272 1714 1301; x_wconf 81' lang='lat' dir='ltr'>examen</span> <span class='ocrx_word' id='word_1_106' title='bbox 1747 1259 1801 1301; x_wconf 91' lang='lat' dir='ltr'>ad</span> <span class='ocrx_word' id='word_1_107' title='bbox 1833 1259 2023 1312; x_wconf 84' lang='lat' dir='ltr'>gradum.</span> 
     </span>
    </p>

    <p class='ocr_par' dir='ltr' id='par_1_8' title="bbox 295 1333 2026 1614">
     <span class='ocr_line' id='line_1_14' title="bbox 437 1333 2026 1388; baseline 0.003 -15"><span class='ocrx_word' id='word_1_108' title='bbox 437 1333 486 1374; x_wconf 92' lang='lat' dir='ltr'>N.</span> <span class='ocrx_word' id='word_1_109' title='bbox 510 1334 578 1377; x_wconf 83' lang='lat'>47.</span> <span class='ocrx_word' id='word_1_110' title='bbox 640 1333 711 1374; x_wconf 87' lang='lat' dir='ltr'>Ad</span> <span class='ocrx_word' id='word_1_111' title='bbox 744 1345 840 1386; x_wconf 88' lang='lat' dir='ltr'>reg.</span> <span class='ocrx_word' id='word_1_112' title='bbox 869 1334 932 1374; x_wconf 55' lang='lat'>14.</span> <span class='ocrx_word' id='word_1_113' title='bbox 986 1333 1072 1374; x_wconf 89' lang='grc' dir='ltr'>ΡΡ.</span> <span class='ocrx_word' id='word_1_114' title='bbox 1095 1334 1301 1386; x_wconf 87' lang='lat' dir='ltr'>Deputati</span> <span class='ocrx_word' id='word_1_115' title='bbox 1335 1334 1498 1376; x_wconf 87' lang='lat' dir='ltr'>Galliae</span> <span class='ocrx_word' id='word_1_116' title='bbox 1521 1339 1563 1376; x_wconf 90' lang='lat' dir='ltr'>et</span> <span class='ocrx_word' id='word_1_117' title='bbox 1590 1335 1820 1388; x_wconf 87' lang='lat' dir='ltr'>Hispaniae</span> <span class='ocrx_word' id='word_1_118' title='bbox 1851 1335 2026 1377; x_wconf 84' lang='lat' dir='ltr'>mallent</span> 
     </span>
     <span class='ocr_line' id='line_1_15' title="bbox 299 1408 2025 1466; baseline 0.002 -17"><span class='ocrx_word' id='word_1_119' title='bbox 299 1411 590 1450; x_wconf 86' lang='lat' dir='ltr'>conservatam</span> <span class='ocrx_word' id='word_1_120' title='bbox 621 1420 764 1450; x_wconf 83' lang='lat' dir='ltr'>vocem</span> <span class='ocrx_word' id='word_1_121' title='bbox 797 1408 944 1449; x_wconf 89' lang='lat' dir='ltr'>nimis</span> <span class='ocrx_word' id='word_1_122' title='bbox 977 1408 1179 1463; x_wconf 87' lang='lat' dir='ltr'>longae,</span> <span class='ocrx_word' id='word_1_123' title='bbox 1212 1413 1360 1462; x_wconf 89' lang='lat' dir='ltr'>utpote</span> <span class='ocrx_word' id='word_1_124' title='bbox 1393 1410 1648 1466; x_wconf 80' lang='lat' dir='ltr'>ambiguam,</span> <span class='ocrx_word' id='word_1_125' title='bbox 1682 1410 1780 1451; x_wconf 91' lang='lat' dir='ltr'>dum</span> <span class='ocrx_word' id='word_1_126' title='bbox 1815 1410 1884 1452; x_wconf 90' lang='lat' dir='ltr'>alii</span> <span class='ocrx_word' id='word_1_127' title='bbox 1905 1423 2025 1464; x_wconf 91' lang='lat' dir='ltr'>prae-</span> 
     </span>
     <span class='ocr_line' id='line_1_16' title="bbox 295 1482 2022 1538; baseline 0.002 -14"><span class='ocrx_word' id='word_1_128' title='bbox 295 1482 438 1524; x_wconf 83' lang='lat' dir='ltr'>ferunt</span> <span class='ocrx_word' id='word_1_129' title='bbox 477 1496 646 1526; x_wconf 88' lang='lat' dir='ltr'>sensum</span> <span class='ocrx_word' id='word_1_130' title='bbox 688 1484 866 1526; x_wconf 89' lang='lat' dir='ltr'>clarum:</span> <span class='ocrx_word' id='word_1_131' title='bbox 921 1486 967 1526; x_wconf 86' lang='lat' dir='ltr'>ut</span> <span class='ocrx_word' id='word_1_132' title='bbox 1013 1485 1368 1527; x_wconf 85' lang='lat' dir='ltr'>conclusiones</span> <span class='ocrx_word' id='word_1_133' title='bbox 1412 1486 1648 1538; x_wconf 81' lang='lat' dir='ltr'>singulae</span> <span class='ocrx_word' id='word_1_134' title='bbox 1690 1498 1788 1527; x_wconf 90' lang='lat' dir='ltr'>non</span> <span class='ocrx_word' id='word_1_135' title='bbox 1835 1486 2022 1528; x_wconf 91' lang='lat' dir='ltr'>nimias</span> 
     </span>
     <span class='ocr_line' id='line_1_17' title="bbox 297 1560 1092 1614; baseline 0 -14"><span class='ocrx_word' id='word_1_136' title='bbox 297 1560 628 1612; x_wconf 88' lang='lat' dir='ltr'>quaestiones</span> <span class='ocrx_word' id='word_1_137' title='bbox 663 1560 1092 1614; x_wconf 78' lang='lat' dir='ltr'>complectantur,</span> 
     </span>
    </p>

    <p class='ocr_par' dir='ltr' id='par_1_9' title="bbox 297 1635 2021 1763">
     <span class='ocr_line' id='line_1_18' title="bbox 435 1635 2021 1690; baseline 0.003 -15"><span class='ocrx_word' id='word_1_138' title='bbox 435 1635 485 1676; x_wconf 92' lang='lat' dir='ltr'>N.</span> <span class='ocrx_word' id='word_1_139' title='bbox 508 1635 584 1680; x_wconf 75' lang='lat'>48.</span> <span class='ocrx_word' id='word_1_140' title='bbox 646 1635 718 1677; x_wconf 88' lang='lat' dir='ltr'>Ad</span> <span class='ocrx_word' id='word_1_141' title='bbox 750 1649 848 1689; x_wconf 86' lang='lat' dir='ltr'>reg.</span> <span class='ocrx_word' id='word_1_142' title='bbox 877 1639 938 1677; x_wconf 82' lang='lat'>17.</span> <span class='ocrx_word' id='word_1_143' title='bbox 1003 1637 1160 1678; x_wconf 86' lang='lat' dir='ltr'>Addita</span> <span class='ocrx_word' id='word_1_144' title='bbox 1192 1650 1270 1678; x_wconf 90' lang='lat' dir='ltr'>vox</span> <span class='ocrx_word' id='word_1_145' title='bbox 1310 1638 1673 1690; x_wconf 82' lang='lat' dir='ltr'>praelegentes</span> <span class='ocrx_word' id='word_1_146' title='bbox 1707 1638 1759 1679; x_wconf 90' lang='lat' dir='ltr'>ad</span> <span class='ocrx_word' id='word_1_147' title='bbox 1793 1637 2021 1679; x_wconf 88' lang='lat' dir='ltr'>tollendam</span> 
     </span>
     <span class='ocr_line' id='line_1_19' title="bbox 297 1710 630 1763; baseline 0.003 -12"><span class='ocrx_word' id='word_1_148' title='bbox 297 1710 630 1763; x_wconf 76' lang='lat' dir='ltr'>ambiguitatem.</span> 
     </span>
    </p>

    <p class='ocr_par' dir='ltr' id='par_1_10' title="bbox 296 1786 2023 1915">
     <span class='ocr_line' id='line_1_20' title="bbox 434 1786 2023 1843; baseline 0.003 -17"><span class='ocrx_word' id='word_1_149' title='bbox 434 1786 484 1827; x_wconf 88' lang='lat' dir='ltr'>N.</span> <span class='ocrx_word' id='word_1_150' title='bbox 507 1787 582 1830; x_wconf 80' lang='lat'>49.</span> <span class='ocrx_word' id='word_1_151' title='bbox 644 1787 712 1828; x_wconf 87' lang='lat' dir='ltr'>Ad</span> <span class='ocrx_word' id='word_1_152' title='bbox 748 1799 847 1840; x_wconf 88' lang='lat' dir='ltr'>reg.</span> <span class='ocrx_word' id='word_1_153' title='bbox 876 1790 939 1829; x_wconf 82' lang='lat'>19.</span> <span class='ocrx_word' id='word_1_154' title='bbox 996 1788 1207 1830; x_wconf 83' lang='lat' dir='ltr'>Omissum</span> <span class='ocrx_word' id='word_1_155' title='bbox 1243 1789 1463 1830; x_wconf 85' lang='lat' dir='ltr'>»triennii«</span> <span class='ocrx_word' id='word_1_156' title='bbox 1499 1793 1674 1843; x_wconf 89' lang='lat' dir='ltr'>propter</span> <span class='ocrx_word' id='word_1_157' title='bbox 1704 1789 1889 1830; x_wconf 90' lang='lat' dir='ltr'>rationes</span> <span class='ocrx_word' id='word_1_158' title='bbox 1923 1788 2023 1830; x_wconf 88' lang='lat' dir='ltr'>alla-</span> 
     </span>
     <span class='ocr_line' id='line_1_21' title="bbox 296 1861 717 1915; baseline 0.005 -13"><span class='ocrx_word' id='word_1_159' title='bbox 296 1865 362 1904; x_wconf 89' lang='lat' dir='ltr'>tas</span> <span class='ocrx_word' id='word_1_160' title='bbox 396 1861 449 1902; x_wconf 88' lang='lat' dir='ltr'>ad</span> <span class='ocrx_word' id='word_1_161' title='bbox 480 1875 519 1903; x_wconf 91' lang='lat' dir='ltr'>n.</span> <span class='ocrx_word' id='word_1_162' title='bbox 547 1863 597 1904; x_wconf 89' lang='grc'>13</span> <span class='ocrx_word' id='word_1_163' title='bbox 632 1865 717 1915; x_wconf 55' lang='lat'>&amp;2-</span> 
     </span>
    </p>

    <p class='ocr_par' dir='ltr' id='par_1_11' title="bbox 296 1938 2020 2219">
     <span class='ocr_line' id='line_1_22' title="bbox 434 1938 2020 1994; baseline 0.002 -16"><span class='ocrx_word' id='word_1_164' title='bbox 434 1938 483 1979; x_wconf 91' lang='lat' dir='ltr'>N.</span> <span class='ocrx_word' id='word_1_165' title='bbox 508 1939 585 1982; x_wconf 79' lang='lat'>50.</span> <span class='ocrx_word' id='word_1_166' title='bbox 637 1939 707 1979; x_wconf 90' lang='lat' dir='ltr'>Ad</span> <span class='ocrx_word' id='word_1_167' title='bbox 740 1951 835 1992; x_wconf 89' lang='lat' dir='ltr'>reg.</span> <span class='ocrx_word' id='word_1_168' title='bbox 862 1940 926 1981; x_wconf 84' lang='lat'>20.</span> <span class='ocrx_word' id='word_1_169' title='bbox 985 1943 1034 1982; x_wconf 71' lang='lat'>19</span> <span class='ocrx_word' id='word_1_170' title='bbox 1067 1941 1235 1982; x_wconf 83' lang='lat' dir='ltr'>Mutata</span> <span class='ocrx_word' id='word_1_171' title='bbox 1257 1944 1358 1982; x_wconf 91' lang='lat' dir='ltr'>nota</span> <span class='ocrx_word' id='word_1_172' title='bbox 1380 1941 1624 1993; x_wconf 81' lang='lat' dir='ltr'>marginalis</span> <span class='ocrx_word' id='word_1_173' title='bbox 1647 1944 1822 1994; x_wconf 89' lang='lat' dir='ltr'>propter</span> <span class='ocrx_word' id='word_1_174' title='bbox 1843 1940 2020 1982; x_wconf 88' lang='lat' dir='ltr'>similem</span> 
     </span>
     <span class='ocr_line' id='line_1_23' title="bbox 297 2013 2019 2070; baseline 0.002 -17"><span class='ocrx_word' id='word_1_175' title='bbox 297 2013 515 2054; x_wconf 83' lang='lat' dir='ltr'>rationem.</span> <span class='ocrx_word' id='word_1_176' title='bbox 576 2015 630 2056; x_wconf 73' lang='lat'>29</span> <span class='ocrx_word' id='word_1_177' title='bbox 666 2014 822 2055; x_wconf 88' lang='lat' dir='ltr'>Addita</span> <span class='ocrx_word' id='word_1_178' title='bbox 854 2016 1076 2069; x_wconf 82' lang='lat' dir='ltr'>explicatio</span> <span class='ocrx_word' id='word_1_179' title='bbox 1109 2017 1150 2057; x_wconf 92' lang='lat' dir='ltr'>in</span> <span class='ocrx_word' id='word_1_180' title='bbox 1183 2020 1317 2069; x_wconf 84' lang='lat' dir='ltr'>textu,</span> <span class='ocrx_word' id='word_1_181' title='bbox 1351 2019 1399 2057; x_wconf 91' lang='lat' dir='ltr'>ut</span> <span class='ocrx_word' id='word_1_182' title='bbox 1430 2016 1535 2057; x_wconf 90' lang='lat' dir='ltr'>bene</span> <span class='ocrx_word' id='word_1_183' title='bbox 1568 2016 1843 2070; x_wconf 85' lang='lat' dir='ltr'>intelligatur,</span> <span class='ocrx_word' id='word_1_184' title='bbox 1875 2027 2019 2056; x_wconf 90' lang='lat' dir='ltr'>omnes</span> 
     </span>
     <span class='ocr_line' id='line_1_24' title="bbox 296 2088 2019 2146; baseline 0.001 -17"><span class='ocrx_word' id='word_1_185' title='bbox 296 2088 566 2141; x_wconf 89' lang='lat' dir='ltr'>philosophos</span> <span class='ocrx_word' id='word_1_186' title='bbox 599 2089 676 2131; x_wconf 87' lang='lat' dir='ltr'>hac</span> <span class='ocrx_word' id='word_1_187' title='bbox 708 2090 845 2131; x_wconf 86' lang='lat' dir='ltr'>forma</span> <span class='ocrx_word' id='word_1_188' title='bbox 883 2091 1114 2132; x_wconf 85' lang='lat' dir='ltr'>examinari</span> <span class='ocrx_word' id='word_1_189' title='bbox 1156 2091 1329 2146; x_wconf 91' lang='lat' dir='ltr'>debere,</span> <span class='ocrx_word' id='word_1_190' title='bbox 1372 2104 1454 2133; x_wconf 89' lang='lat' dir='ltr'>non</span> <span class='ocrx_word' id='word_1_191' title='bbox 1496 2093 1637 2132; x_wconf 90' lang='lat' dir='ltr'>autem</span> <span class='ocrx_word' id='word_1_192' title='bbox 1670 2103 1740 2132; x_wconf 90' lang='lat' dir='ltr'>eos</span> <span class='ocrx_word' id='word_1_193' title='bbox 1773 2090 1906 2145; x_wconf 89' lang='lat' dir='ltr'>solos,</span> <span class='ocrx_word' id='word_1_194' title='bbox 1947 2090 2019 2143; x_wconf 88' lang='lat' dir='ltr'>qui</span> 
     </span>
     <span class='ocr_line' id='line_1_25' title="bbox 296 2163 1104 2219; baseline 0.002 -15"><span class='ocrx_word' id='word_1_195' title='bbox 296 2163 498 2216; x_wconf 85' lang='lat' dir='ltr'>seligendi</span> <span class='ocrx_word' id='word_1_196' title='bbox 530 2169 629 2206; x_wconf 90' lang='lat' dir='ltr'>sunt</span> <span class='ocrx_word' id='word_1_197' title='bbox 661 2166 717 2206; x_wconf 88' lang='lat' dir='ltr'>ad</span> <span class='ocrx_word' id='word_1_198' title='bbox 750 2169 870 2208; x_wconf 88' lang='lat' dir='ltr'>actus</span> <span class='ocrx_word' id='word_1_199' title='bbox 902 2167 1104 2219; x_wconf 88' lang='lat' dir='ltr'>publicos.</span> 
     </span>
    </p>

    <p class='ocr_par' dir='ltr' id='par_1_12' title="bbox 294 2240 2018 2672">
     <span class='ocr_line' id='line_1_26' title="bbox 434 2240 2018 2296; baseline 0.001 -15"><span class='ocrx_word' id='word_1_200' title='bbox 434 2240 482 2281; x_wconf 91' lang='lat' dir='ltr'>N.</span> <span class='ocrx_word' id='word_1_201' title='bbox 507 2241 571 2283; x_wconf 90' lang='lat'>51.</span> <span class='ocrx_word' id='word_1_202' title='bbox 632 2241 703 2282; x_wconf 90' lang='lat' dir='ltr'>Ad</span> <span class='ocrx_word' id='word_1_203' title='bbox 735 2254 833 2294; x_wconf 90' lang='lat' dir='ltr'>reg.</span> <span class='ocrx_word' id='word_1_204' title='bbox 859 2244 925 2283; x_wconf 92' lang='lat'>22.</span> <span class='ocrx_word' id='word_1_205' title='bbox 987 2243 1072 2284; x_wconf 85' lang='grc' dir='ltr'>ΡΡ.</span> <span class='ocrx_word' id='word_1_206' title='bbox 1108 2243 1313 2296; x_wconf 90' lang='lat' dir='ltr'>Deputati</span> <span class='ocrx_word' id='word_1_207' title='bbox 1345 2242 1512 2284; x_wconf 82' lang='lat' dir='ltr'>Siciliae</span> <span class='ocrx_word' id='word_1_208' title='bbox 1554 2244 1596 2283; x_wconf 90' lang='lat' dir='ltr'>et</span> <span class='ocrx_word' id='word_1_209' title='bbox 1628 2240 1881 2283; x_wconf 85' lang='lat' dir='ltr'>Germaniae</span> <span class='ocrx_word' id='word_1_210' title='bbox 1925 2253 2018 2282; x_wconf 86' lang='lat' dir='ltr'>cen-</span> 
     </span>
     <span class='ocr_line' id='line_1_27' title="bbox 296 2316 2015 2371; baseline 0.001 -16"><span class='ocrx_word' id='word_1_211' title='bbox 296 2319 391 2356; x_wconf 88' lang='lat' dir='ltr'>sent</span> <span class='ocrx_word' id='word_1_212' title='bbox 421 2317 744 2368; x_wconf 84' lang='lat' dir='ltr'>expungendum</span> <span class='ocrx_word' id='word_1_213' title='bbox 780 2318 971 2371; x_wconf 86' lang='lat' dir='ltr'>»fere«,</span> <span class='ocrx_word' id='word_1_214' title='bbox 1015 2319 1114 2371; x_wconf 87' lang='lat' dir='ltr'>quia</span> <span class='ocrx_word' id='word_1_215' title='bbox 1146 2318 1287 2359; x_wconf 89' lang='lat' dir='ltr'>nullus</span> <span class='ocrx_word' id='word_1_216' title='bbox 1320 2318 1401 2360; x_wconf 91' lang='lat' dir='ltr'>illis</span> <span class='ocrx_word' id='word_1_217' title='bbox 1434 2317 1603 2359; x_wconf 88' lang='lat' dir='ltr'>videtur</span> <span class='ocrx_word' id='word_1_218' title='bbox 1634 2330 1756 2359; x_wconf 89' lang='lat' dir='ltr'>casus</span> <span class='ocrx_word' id='word_1_219' title='bbox 1789 2316 2015 2371; x_wconf 86' lang='lat' dir='ltr'>possibilis,</span> 
     </span>
     <span class='ocr_line' id='line_1_28' title="bbox 295 2390 2018 2446; baseline 0.002 -16"><span class='ocrx_word' id='word_1_220' title='bbox 295 2390 335 2431; x_wconf 90' lang='lat' dir='ltr'>in</span> <span class='ocrx_word' id='word_1_221' title='bbox 360 2403 442 2443; x_wconf 91' lang='lat' dir='ltr'>quo</span> <span class='ocrx_word' id='word_1_222' title='bbox 475 2393 637 2433; x_wconf 86' lang='lat' dir='ltr'>nostri</span> <span class='ocrx_word' id='word_1_223' title='bbox 670 2392 829 2445; x_wconf 90' lang='lat' dir='ltr'>absque</span> <span class='ocrx_word' id='word_1_224' title='bbox 853 2394 1041 2434; x_wconf 80' lang='lat' dir='ltr'>examine</span> <span class='ocrx_word' id='word_1_225' title='bbox 1073 2394 1311 2446; x_wconf 86' lang='lat' dir='ltr'>promoveri</span> <span class='ocrx_word' id='word_1_226' title='bbox 1344 2394 1524 2446; x_wconf 87' lang='lat' dir='ltr'>possint:</span> <span class='ocrx_word' id='word_1_227' title='bbox 1558 2393 1627 2434; x_wconf 92' lang='lat' dir='ltr'>alii</span> <span class='ocrx_word' id='word_1_228' title='bbox 1661 2394 1808 2434; x_wconf 87' lang='lat' dir='ltr'>contra</span> <span class='ocrx_word' id='word_1_229' title='bbox 1836 2393 2018 2434; x_wconf 89' lang='lat' dir='ltr'>retinen-</span> 
     </span>
     <span class='ocr_line' id='line_1_29' title="bbox 296 2465 2016 2523; baseline 0.001 -17"><span class='ocrx_word' id='word_1_230' title='bbox 296 2465 396 2507; x_wconf 91' lang='lat' dir='ltr'>dum</span> <span class='ocrx_word' id='word_1_231' title='bbox 428 2470 594 2523; x_wconf 86' lang='lat' dir='ltr'>putant,</span> <span class='ocrx_word' id='word_1_232' title='bbox 627 2468 738 2521; x_wconf 77' lang='lat' dir='ltr'>quia,</span> <span class='ocrx_word' id='word_1_233' title='bbox 772 2469 850 2510; x_wconf 88' lang='lat' dir='ltr'>etsi</span> <span class='ocrx_word' id='word_1_234' title='bbox 884 2469 1026 2510; x_wconf 89' lang='lat' dir='ltr'>nullus</span> <span class='ocrx_word' id='word_1_235' title='bbox 1060 2469 1256 2510; x_wconf 87' lang='lat' dir='ltr'>videatur</span> <span class='ocrx_word' id='word_1_236' title='bbox 1288 2481 1425 2523; x_wconf 88' lang='lat' dir='ltr'>casus,</span> <span class='ocrx_word' id='word_1_237' title='bbox 1458 2481 1549 2510; x_wconf 90' lang='lat' dir='ltr'>esse</span> <span class='ocrx_word' id='word_1_238' title='bbox 1582 2472 1721 2510; x_wconf 85' lang='lat' dir='ltr'>tamen</span> <span class='ocrx_word' id='word_1_239' title='bbox 1754 2471 1909 2521; x_wconf 89' lang='lat' dir='ltr'>potest,</span> <span class='ocrx_word' id='word_1_240' title='bbox 1941 2479 2016 2508; x_wconf 90' lang='lat' dir='ltr'>nec</span> 
     </span>
     <span class='ocr_line' id='line_1_30' title="bbox 295 2541 2015 2596; baseline 0.001 -14"><span class='ocrx_word' id='word_1_241' title='bbox 295 2541 384 2583; x_wconf 89' lang='lat' dir='ltr'>sine</span> <span class='ocrx_word' id='word_1_242' title='bbox 417 2543 578 2584; x_wconf 88' lang='lat' dir='ltr'>ratione</span> <span class='ocrx_word' id='word_1_243' title='bbox 617 2544 798 2596; x_wconf 70' lang='lat' dir='ltr'>majores</span> <span class='ocrx_word' id='word_1_244' title='bbox 841 2544 975 2585; x_wconf 89' lang='lat' dir='ltr'>nostri</span> <span class='ocrx_word' id='word_1_245' title='bbox 1013 2544 1090 2586; x_wconf 92' lang='lat' dir='ltr'>hoc</span> <span class='ocrx_word' id='word_1_246' title='bbox 1133 2544 1335 2586; x_wconf 87' lang='lat' dir='ltr'>vocabulo</span> <span class='ocrx_word' id='word_1_247' title='bbox 1374 2544 1438 2585; x_wconf 87' lang='lat' dir='ltr'>usi</span> <span class='ocrx_word' id='word_1_248' title='bbox 1479 2544 1667 2585; x_wconf 88' lang='lat' dir='ltr'>fuerunt:</span> <span class='ocrx_word' id='word_1_249' title='bbox 1715 2543 1797 2584; x_wconf 89' lang='lat' dir='ltr'>imo</span> <span class='ocrx_word' id='word_1_250' title='bbox 1840 2542 2015 2595; x_wconf 85' lang='lat' dir='ltr'>intelligi</span> 
     </span>
     <span class='ocr_line' id='line_1_31' title="bbox 294 2618 1678 2672; baseline 0.001 -14"><span class='ocrx_word' id='word_1_251' title='bbox 294 2618 447 2670; x_wconf 86' lang='lat' dir='ltr'>potest,</span> <span class='ocrx_word' id='word_1_252' title='bbox 480 2618 686 2671; x_wconf 85' lang='lat' dir='ltr'>cogendos</span> <span class='ocrx_word' id='word_1_253' title='bbox 720 2632 810 2660; x_wconf 86' lang='lat' dir='ltr'>esse</span> <span class='ocrx_word' id='word_1_254' title='bbox 842 2619 894 2660; x_wconf 83' lang='lat' dir='ltr'>ad</span> <span class='ocrx_word' id='word_1_255' title='bbox 927 2632 1100 2661; x_wconf 86' lang='lat' dir='ltr'>examen</span> <span class='ocrx_word' id='word_1_256' title='bbox 1134 2620 1204 2672; x_wconf 89' lang='lat' dir='ltr'>qui</span> <span class='ocrx_word' id='word_1_257' title='bbox 1238 2620 1481 2660; x_wconf 89' lang='lat' dir='ltr'>renuntiare</span> <span class='ocrx_word' id='word_1_258' title='bbox 1513 2619 1678 2660; x_wconf 90' lang='lat' dir='ltr'>vellent.</span> 
     </span>
    </p>

    <p class='ocr_par' dir='ltr' id='par_1_13' title="bbox 433 2692 2011 2747">
     <span class='ocr_line' id='line_1_32' title="bbox 433 2692 2011 2747; baseline 0 -15"><span class='ocrx_word' id='word_1_259' title='bbox 433 2692 482 2733; x_wconf 90' lang='lat' dir='ltr'>N.</span> <span class='ocrx_word' id='word_1_260' title='bbox 506 2693 577 2736; x_wconf 87' lang='grc'>52.</span> <span class='ocrx_word' id='word_1_261' title='bbox 638 2693 709 2734; x_wconf 89' lang='lat' dir='ltr'>Ad</span> <span class='ocrx_word' id='word_1_262' title='bbox 741 2706 840 2746; x_wconf 91' lang='lat' dir='ltr'>reg.</span> <span class='ocrx_word' id='word_1_263' title='bbox 866 2695 930 2735; x_wconf 87' lang='lat'>23</span> <span class='ocrx_word' id='word_1_264' title='bbox 985 2694 1165 2735; x_wconf 90' lang='lat' dir='ltr'>Mutatio</span> <span class='ocrx_word' id='word_1_265' title='bbox 1199 2697 1374 2747; x_wconf 89' lang='lat' dir='ltr'>propter</span> <span class='ocrx_word' id='word_1_266' title='bbox 1406 2695 1589 2735; x_wconf 84' lang='lat' dir='ltr'>rationes</span> <span class='ocrx_word' id='word_1_267' title='bbox 1613 2694 1764 2735; x_wconf 86' lang='lat' dir='ltr'>allatas</span> <span class='ocrx_word' id='word_1_268' title='bbox 1796 2707 1834 2734; x_wconf 89' lang='lat' dir='ltr'>n.</span> <span class='ocrx_word' id='word_1_269' title='bbox 1860 2694 1908 2733; x_wconf 86' lang='grc'>15</span> <span class='ocrx_word' id='word_1_270' title='bbox 1933 2692 2011 2746; x_wconf 68' lang='lat'>§3</span> 
     </span>
    </p>

    <p class='ocr_par' dir='ltr' id='par_1_14' title="bbox 434 2767 1805 2823">
     <span class='ocr_line' id='line_1_33' title="bbox 434 2767 1805 2823; baseline 0.001 -15"><span class='ocrx_word' id='word_1_271' title='bbox 434 2767 483 2808; x_wconf 90' lang='lat' dir='ltr'>N.</span> <span class='ocrx_word' id='word_1_272' title='bbox 507 2769 578 2812; x_wconf 83' lang='lat'>53.</span> <span class='ocrx_word' id='word_1_273' title='bbox 638 2769 707 2809; x_wconf 89' lang='lat' dir='ltr'>Ad</span> <span class='ocrx_word' id='word_1_274' title='bbox 741 2782 837 2821; x_wconf 83' lang='lat' dir='ltr'>reg.</span> <span class='ocrx_word' id='word_1_275' title='bbox 864 2771 930 2810; x_wconf 86' lang='lat'>25.</span> <span class='ocrx_word' id='word_1_276' title='bbox 993 2770 1263 2823; x_wconf 83' lang='lat' dir='ltr'>Expunctum</span> <span class='ocrx_word' id='word_1_277' title='bbox 1295 2782 1343 2811; x_wconf 85' lang='lat' dir='ltr'>ex</span> <span class='ocrx_word' id='word_1_278' title='bbox 1376 2770 1559 2811; x_wconf 85' lang='lat' dir='ltr'>editione</span> <span class='ocrx_word' id='word_1_279' title='bbox 1590 2769 1805 2822; x_wconf 87' lang='lat' dir='ltr'>Pragensi.</span> 
     </span>
    </p>

    <p class='ocr_par' dir='ltr' id='par_1_15' title="bbox 432 2843 1676 2897">
     <span class='ocr_line' id='line_1_34' title="bbox 432 2843 1676 2897; baseline 0.002 -14"><span class='ocrx_word' id='word_1_280' title='bbox 432 2843 483 2883; x_wconf 94' lang='lat' dir='ltr'>N.</span> <span class='ocrx_word' id='word_1_281' title='bbox 507 2844 577 2886; x_wconf 90' lang='lat'>54.</span> <span class='ocrx_word' id='word_1_282' title='bbox 637 2844 707 2884; x_wconf 90' lang='lat' dir='ltr'>Ad</span> <span class='ocrx_word' id='word_1_283' title='bbox 740 2857 835 2897; x_wconf 87' lang='lat' dir='ltr'>reg.</span> <span class='ocrx_word' id='word_1_284' title='bbox 862 2846 926 2886; x_wconf 81' lang='lat'>28.</span> <span class='ocrx_word' id='word_1_285' title='bbox 992 2846 1133 2886; x_wconf 80' lang='lat' dir='ltr'>Lectio</span> <span class='ocrx_word' id='word_1_286' title='bbox 1167 2858 1215 2886; x_wconf 88' lang='lat' dir='ltr'>ex</span> <span class='ocrx_word' id='word_1_287' title='bbox 1247 2845 1430 2887; x_wconf 83' lang='lat' dir='ltr'>editione</span> <span class='ocrx_word' id='word_1_288' title='bbox 1463 2845 1676 2897; x_wconf 90' lang='lat' dir='ltr'>Pragensi.</span> 
     </span>
    </p>

    <p class='ocr_par' dir='ltr' id='par_1_16' title="bbox 295 2917 2009 3048">
     <span class='ocr_line' id='line_1_35' title="bbox 432 2917 2009 2973; baseline 0 -15"><span class='ocrx_word' id='word_1_289' title='bbox 432 2918 481 2958; x_wconf 87' lang='lat' dir='ltr'>N.</span> <span class='ocrx_word' id='word_1_290' title='bbox 506 2919 577 2962; x_wconf 89' lang='lat'>55.</span> <span class='ocrx_word' id='word_1_291' title='bbox 638 2919 709 2959; x_wconf 87' lang='lat' dir='ltr'>Ad</span> <span class='ocrx_word' id='word_1_292' title='bbox 741 2932 838 2973; x_wconf 88' lang='lat' dir='ltr'>reg.</span> <span class='ocrx_word' id='word_1_293' title='bbox 863 2922 928 2961; x_wconf 82' lang='lat'>30.</span> <span class='ocrx_word' id='word_1_294' title='bbox 992 2921 1172 2963; x_wconf 88' lang='lat' dir='ltr'>Mutatio</span> <span class='ocrx_word' id='word_1_295' title='bbox 1214 2921 1317 2963; x_wconf 85' lang='lat' dir='ltr'>haec</span> <span class='ocrx_word' id='word_1_296' title='bbox 1359 2923 1423 2963; x_wconf 87' lang='lat' dir='ltr'>est</span> <span class='ocrx_word' id='word_1_297' title='bbox 1458 2920 1630 2972; x_wconf 84' lang='lat' dir='ltr'>sequela</span> <span class='ocrx_word' id='word_1_298' title='bbox 1667 2920 1779 2973; x_wconf 86' lang='lat' dir='ltr'>ejus,</span> <span class='ocrx_word' id='word_1_299' title='bbox 1823 2918 1937 2971; x_wconf 86' lang='lat' dir='ltr'>quod</span> <span class='ocrx_word' id='word_1_300' title='bbox 1969 2917 2009 2959; x_wconf 82' lang='lat' dir='ltr'>S.</span> 
     </span>
     <span class='ocr_line' id='line_1_36' title="bbox 295 2993 1452 3048; baseline 0.002 -14"><span class='ocrx_word' id='word_1_301' title='bbox 295 2993 475 3035; x_wconf 87' lang='lat' dir='ltr'>Thomas</span> <span class='ocrx_word' id='word_1_302' title='bbox 509 2996 550 3035; x_wconf 87' lang='lat' dir='ltr'>et</span> <span class='ocrx_word' id='word_1_303' title='bbox 581 2994 829 3036; x_wconf 86' lang='lat' dir='ltr'>Aristoteles</span> <span class='ocrx_word' id='word_1_304' title='bbox 862 2996 902 3036; x_wconf 88' lang='lat' dir='ltr'>in</span> <span class='ocrx_word' id='word_1_305' title='bbox 936 2995 1098 3038; x_wconf 84' lang='lat' dir='ltr'>Scholis</span> <span class='ocrx_word' id='word_1_306' title='bbox 1131 3009 1211 3037; x_wconf 90' lang='lat' dir='ltr'>non</span> <span class='ocrx_word' id='word_1_307' title='bbox 1246 2996 1452 3048; x_wconf 81' lang='lat' dir='ltr'>legantur.</span> 
     </span>
    </p>
   </div>
   <div class='ocr_carea' id='block_1_5' title="bbox 435 3143 1043 3187">
    <p class='ocr_par' dir='ltr' id='par_1_17' title="bbox 435 3143 1043 3187">
     <span class='ocr_line' id='line_1_37' title="bbox 435 3143 1043 3187; baseline 0.002 -10"><span class='ocrx_word' id='word_1_308' title='bbox 435 3145 461 3187; x_wconf 85' lang='lat'>¹)</span> <span class='ocrx_word' id='word_1_309' title='bbox 488 3143 636 3178; x_wconf 89' lang='lat' dir='ltr'>Rectius</span> <span class='ocrx_word' id='word_1_310' title='bbox 662 3144 814 3179; x_wconf 82' lang='lat' dir='ltr'>fortasse</span> <span class='ocrx_word' id='word_1_311' title='bbox 844 3144 1043 3178; x_wconf 75' lang='lat' dir='ltr'>»additur«.</span> 
     </span>
    </p>
   </div>
  </div>
 </body>
</html>
