2164 3535
520 214 682 249 Aelteste
709 214 877 249 Statuten
902 213 965 248 des
992 214 1126 249 Wirzb.
1153 214 1436 249 Pr.·Seminars.
1480 217 1577 250 1608.
1824 218 1905 259 303

188 357 329 396 rentes
375 366 579 408 persaepe
623 367 699 396 nec
744 355 954 396 immerito
1000 354 1121 408 queri
1171 353 1337 396 soleant
1384 353 1436 395 de
1481 354 1721 408 sumptibus
1773 358 1911 396 extra-

188 429 411 472 ordinariis
452 429 573 471 factis
617 442 641 471 a
682 428 776 471 filiis
819 430 928 481 suis,
970 441 1119 482 regens
1162 428 1443 482 imposterum
1475 428 1578 469 nulli
1610 427 1731 470 facile
1762 431 1913 482 potum

190 508 310 546 extra
341 504 565 558 prandium
598 508 673 546 aut
703 517 875 546 coenam
910 503 1137 558 concedet,
1168 503 1248 545 nisi
1281 502 1533 544 iudicaverit
1563 514 1805 556 expressam
1837 515 1911 545 seu

186 579 360 620 tacitam
392 580 618 631 parentum
650 591 724 620 seu
755 580 949 619 tutorum
982 591 1029 620 ac
1058 583 1350 621 maecenatum
1374 578 1523 620 adesse
1544 577 1820 619 voluntatem.
1871 578 1912 618 in

187 653 474 695 trimestribus
517 651 754 694 rationibus
796 652 849 693 ab
891 664 1117 694 oeconomo
1161 652 1433 706 conscriptis,
1473 664 1525 694 ne
1557 651 1675 693 fraus
1707 651 1914 694 committi

187 730 337 782 queat,
380 727 569 780 singulas
613 739 707 767 cum
747 726 910 778 collegii
942 726 1233 768 visitatoribus
1266 727 1480 780 inspiciet,
1524 725 1800 781 examinabit,
1842 726 1914 767 ad-

187 802 330 844 hibitis
363 802 491 844 etiam
525 800 855 850 convictoribus;
890 800 1010 853 sique
1040 800 1081 842 in
1106 801 1246 854 aliquo
1269 804 1491 854 peccatum
1513 799 1643 842 fuisse
1665 800 1912 855 adverterit,

187 877 344 919 erroris
385 888 661 918 oeconomum
701 875 958 917 admonebit.
1024 875 1192 928 regulas
1233 875 1383 917 domus
1415 874 1630 917 mensibus
1664 875 1839 927 singulis
1872 878 1915 916 et

187 951 357 1005 quidem
407 954 526 993 sexta
570 950 676 992 feria
718 950 884 1003 vesperi
931 950 972 991 in
1021 963 1165 992 mensa
1207 950 1288 1003 legi
1328 950 1506 992 curabit.
1569 949 1746 1002 singulis
1788 950 1913 991 lunae

188 1027 349 1082 diebus,
381 1026 417 1067 si
449 1026 551 1079 quid
582 1026 623 1067 in
657 1025 831 1079 collegio
863 1029 1059 1067 occurrat
1082 1024 1347 1067 referendum
1370 1025 1422 1067 ad
1444 1024 1778 1066 illustrissimum
1800 1025 1913 1077 prin-

188 1102 340 1155 cipem,
383 1101 425 1143 id
465 1101 622 1154 scripto
665 1101 851 1143 breviter
889 1103 1080 1153 exponet.
1144 1099 1292 1142 diebus
1325 1098 1544 1141 dominicis
1578 1101 1626 1140 ut
1657 1098 1841 1151 theologi
1871 1099 1912 1140 in

186 1175 542 1229 praelectionibus
584 1175 634 1217 iis
675 1175 963 1230 potissimum,
1006 1187 1115 1228 quae
1158 1174 1211 1216 ad
1254 1187 1401 1216 curam
1433 1173 1671 1215 animarum
1703 1176 1912 1228 spectant,

187 1255 483 1306 exerceantur,
526 1251 631 1292 hora
669 1251 818 1303 quinta
850 1250 1090 1304 vespertina
1122 1249 1447 1303 repetitionibus
1480 1249 1524 1290 et
1556 1248 1914 1301 disputationibus

186 1327 375 1380 ipsorum
421 1325 616 1368 intererit
660 1337 817 1378 eosque
860 1325 903 1367 in
950 1323 1255 1366 difficilioribus
1304 1323 1532 1377 propositis
1575 1322 1914 1365 dubitationibus

187 1401 361 1444 iuvabit.
422 1405 470 1443 ut
511 1400 670 1442 alumni
712 1400 753 1441 in
796 1412 970 1441 munere
1010 1398 1285 1442 concionandi
1319 1410 1401 1440 non
1434 1398 1536 1439 foris
1569 1397 1728 1452 solum,
1768 1409 1914 1438 verum
1961 1420 1966 1425 ·

188 1477 314 1518 etiam
358 1476 471 1517 intra
517 1475 770 1517 domesticos
815 1475 998 1528 parietes
1046 1476 1343 1525 exerceantur,
1390 1472 1554 1525 aliquot
1600 1472 1719 1513 iuxta
1765 1484 1910 1513 eorum

186 1564 409 1593 nnmerum
441 1563 517 1604 per
547 1550 843 1605 septimanam,
877 1549 1040 1603 vesperi
1071 1548 1113 1590 in
1147 1548 1330 1590 triclinio
1365 1560 1387 1589 e
1419 1546 1624 1589 cathedra
1658 1546 1818 1599 aliquid
1849 1546 1913 1588 vel

187 1639 235 1668 ex
268 1625 484 1678 evangelio
517 1625 582 1667 vel
614 1625 666 1667 de
697 1624 777 1666 alio
802 1624 862 1666 rei
884 1636 1030 1666 sacrae
1053 1627 1303 1676 argumento
1331 1623 1480 1664 docere
1498 1621 1680 1677 jubebit,
1713 1625 1756 1663 et
1777 1621 1911 1674 primo

187 1704 390 1755 tempore,
423 1701 458 1743 si
488 1700 755 1755 impegerint,
788 1699 969 1752 docebit,
1001 1711 1068 1753 ne,
1102 1698 1204 1740 dum
1236 1701 1394 1748 errant,
1428 1709 1472 1739 se
1504 1696 1776 1738 nihilominus
1801 1699 1914 1737 recte

189 1777 343 1819 dixisse
375 1775 648 1818 arbitrentur.
676 1799 727 1805 —-
752 1774 976 1827 aliquoties
1008 1786 1083 1827 per
1116 1786 1273 1815 annum
1304 1771 1619 1814 exhortationes
1643 1770 1696 1812 ad
1719 1770 1911 1812 alumnos

189 1855 465 1904 caeterosque
507 1851 768 1893 convictores
811 1848 1005 1904 habebit,
1045 1848 1087 1889 in
1119 1848 1273 1902 quibus
1307 1861 1356 1890 ea
1388 1847 1659 1901 potissimum
1690 1850 1914 1901 proponet,

188 1939 298 1980 quae
328 1926 370 1967 in
402 1925 559 1978 regulis
590 1924 760 1966 minime
792 1923 1008 1965 observari
1040 1922 1282 1965 adverterit.
1333 1926 1375 1965 et
1396 1935 1491 1965 cum
1514 1935 1665 1975 parum
1690 1921 1912 1974 collegium

188 2001 324 2043 maius
366 2013 391 2043 a
422 2001 584 2042 minore
615 1999 766 2055 distet,
809 1999 986 2051 singulis
1018 1998 1266 2051 septimanis
1298 1998 1378 2040 hoc
1409 1997 1599 2039 visitabit
1630 2001 1672 2038 et
1703 1996 1745 2037 in
1776 2008 1914 2037 mores

187 2076 343 2119 ibidem
375 2075 617 2129 degentium
648 2074 861 2128 inspiciet,
904 2077 951 2115 ut
982 2074 1187 2127 paulatim
1221 2085 1312 2128 eos,
1355 2072 1428 2126 qui
1460 2072 1556 2113 inde
1589 2071 1641 2112 ad
1675 2071 1915 2112 Kilianeum

188 2151 470 2194 transferendi
502 2154 615 2206 sunt,
648 2163 900 2204 cognoscere
931 2150 1116 2203 incipiat.

240 2418 314 2461 De
357 2416 721 2460 alumnorum
763 2414 1131 2459 admissione
1172 2413 1466 2469 aliisque,
1509 2425 1656 2466 quae
1697 2411 1867 2465 ipsos

868 2498 1248 2539 concernunt

330 2608 436 2651 Cum
477 2608 518 2650 in
558 2607 670 2650 omni
710 2620 773 2659 re,
817 2609 907 2648 tum
945 2605 1126 2647 maxime
1164 2605 1275 2646 inter
1306 2603 1615 2658 adolescentes,
1659 2603 1731 2656 qui
1763 2602 1816 2643 ad
1850 2602 1916 2644 dei

192 2683 411 2726 servitium
453 2687 496 2724 et
536 2683 736 2725 ecclesiae
778 2681 1058 2723 ministerium
1102 2681 1402 2733 assumuntur,
1445 2677 1634 2720 delectus
1681 2677 1913 2719 habendus.

194 2761 354 2811 quanto
387 2757 497 2799 enim
531 2757 733 2799 excelsior
765 2758 902 2798 status
936 2757 1014 2807 est,
1048 2754 1101 2795 ad
1134 2766 1259 2807 quem
1290 2754 1371 2807 ipsi
1401 2754 1612 2808 aspirant,
1644 2756 1762 2794 tanto
1797 2764 1917 2793 accu-

192 2833 327 2875 ratius
360 2832 412 2874 de
441 2832 590 2875 iisdem
621 2831 929 2874 instituendum
961 2832 1026 2871 est
1058 2841 1244 2870 examen.
1306 2828 1532 2881 utriusque
1564 2827 1709 2880 itaque
1753 2826 1915 2878 collegii

192 2908 433 2951 visitatores
465 2910 508 2949 et
538 2907 797 2961 inspectores
830 2909 929 2947 ante
961 2903 1202 2946 studiorum
1233 2903 1549 2945 renovationem
1570 2902 1756 2951 iuvenes,
1793 2903 1915 2953 quot-

192 2987 298 3036 quot
337 2983 513 3035 cupiunt
549 2982 592 3023 in
633 2981 901 3023 alumnorum
942 2991 1166 3021 numerum
1206 2977 1412 3031 adscribi,
1458 2976 1800 3029 diligentissime,
1842 2974 1914 3015 ad-

192 3058 334 3100 hibitis
375 3069 520 3098 eorum
561 3055 929 3110 praeceptoribus,
971 3053 1272 3095 examinabunt
1310 3056 1352 3094 et
1394 3052 1445 3094 de
1484 3051 1659 3104 singulis
1701 3062 1809 3103 quae
1852 3062 1915 3091 se-
