2164 3535
427 200 639 235 Beibericht
663 200 727 235 der
753 200 1182 235 Studien-Kommissare
1208 211 1272 234 zur
1297 200 1338 235 R.
1367 205 1409 234 st.
1436 210 1501 235 von
1532 203 1628 236 1832.
1803 205 1884 245 485

156 339 285 381 fuerit
316 352 518 382 numerus
552 340 845 383 Professorum
880 340 1154 396 Theologiae,
1198 341 1353 383 nostris
1387 353 1555 394 semper
1585 340 1697 382 tradi
1730 341 1885 383 debent

157 427 207 456 ea
240 414 400 469 omnia,
433 427 542 467 quae
576 415 901 457 constitutiones
934 416 1176 471 requirunt,
1210 419 1258 457 ut
1290 416 1343 458 ad
1376 415 1685 457 Professionem
1719 428 1883 468 promo-

157 488 243 531 veri
284 490 467 543 possint3
516 502 591 542 pro
633 490 861 531 externis
906 503 1003 532 vero
1047 503 1195 533 cursus
1239 491 1461 533 universus
1501 491 1883 534 accommodandus

157 563 323 606 videtur
355 564 594 617 regionibus
628 567 670 605 et
691 564 939 607 Academiis.
995 566 1280 620 Supponinius
1314 570 1454 608 tamen
1482 566 1671 619 singulas
1696 566 1883 619 quotidie

157 652 205 680 ex
237 638 413 681 diversis
446 638 701 681 tractatibus
735 639 826 680 dari
860 639 1070 682 lectiones.

842 824 978 865 Anno
1022 823 1198 864 Primo.

193 929 224 970 I.
274 929 335 970 De
381 929 664 971 Revelatione.
739 929 800 970 De
846 928 1067 981 Scriptura
1114 930 1155 968 ct
1197 927 1523 969 Traditionibus.
1587 929 1648 970 De
1696 929 1884 971 Ecclesia

269 1003 445 1057 ejusque
477 1003 635 1057 Capite.

168 1077 221 1119 II.
271 1078 333 1120 De
364 1078 452 1121 Deo
484 1079 578 1121 Uno
611 1082 653 1121 et
685 1079 823 1121 Trino.

811 1264 943 1304 Anno
983 1262 1229 1305 Secundo.

190 1368 220 1409 I.
272 1368 333 1409 De
364 1368 549 1421 Angelis„
583 1367 633 1409 (le
666 1366 809 1408 mundi
842 1367 1027 1420 Opificio.
1092 1367 1154 1409 De
1185 1367 1491 1409 Incarnatione.

169 1442 222 1483 II.
272 1443 333 1483 De
367 1442 562 1495 Legibus.
628 1442 687 1483 De
719 1442 887 1483 Iustitia
920 1447 961 1483 et
994 1442 1103 1483 Iure.
1168 1442 1230 1483 De
1262 1442 1438 1484 Actibus
1470 1443 1677 1485 humanis.

836 1629 968 1669 Anno
1008 1627 1196 1669 Tertio.

193 1731 224 1772 Ι.
274 1731 335 1772 De
387 1730 671 1773 Sacramentis
724 1732 763 1773 in
817 1745 981 1783 genere.
1058 1733 1117 1773 De
1164 1731 1404 1785 Baptismo7
1460 1732 1787 1774 Confirmatione
1840 1735 1881 1774 et

272 1806 552 1849 Eucharistia.

171 1881 222 1923 II.
273 1882 334 1923 De
375 1882 650 1924 Poenitentia.
724 1883 784 1924 De
834 1882 1123 1935 Indulgentiis.
1197 1883 1258 1924 De
1307 1887 1495 1924 extrema
1548 1883 1778 1929 Unctione,
1829 1882 1880 1924 de

271 1957 440 2009 Ordine,
474 1958 524 2000 de
555 1958 839 2000 Matrimonio.

827 2144 960 2185 Anno
999 2143 1198 2194 Quarto,

190 2247 221 2288 I.
271 2247 332 2289 De
364 2246 515 2289 Gratia
547 2252 588 2289 et
620 2247 670 2289 de
704 2247 984 2289 Beatitudine.

170 2321 221 2363 II.
272 2322 333 2364 De
364 2322 617 2364 Virtutibus.
682 2323 743 2364 De
776 2322 964 2364 Peccatis
997 2335 1228 2376 eorumque
1261 2324 1419 2377 poenis.

292 2460 397 2502 Cum
439 2461 567 2514 aliqui
608 2461 658 2502 de
702 2461 956 2503 eliminando
990 2462 1030 2503 S.
1063 2461 1223 2502 Thoma
1255 2461 1384 2503 locuti
1417 2460 1616 2509 fuisse11t‚
1660 2461 1705 2501 P.
1738 2460 1878 2513 Depu—

155 2538 271 2577 tatus
303 2536 533 2589 Hispaniae
574 2537 755 2589 censuit,
799 2549 878 2577 non
920 2536 1055 2577 solum
1097 2536 1332 2578 doctrinam
1365 2536 1405 2577 S.
1432 2536 1625 2578 Doctoris
1659 2548 1750 2577 esse
1782 2536 1879 2577 reti-

156 2610 350 2663 nendam,
383 2611 456 2653 sed
489 2612 616 2653 etiam
650 2616 697 2653 ut
729 2612 879 2653 saltem
912 2612 952 2652 in
986 2611 1240 2664 quibusdam
1265 2611 1364 2653 locis
1389 2612 1520 2652 nostri
1554 2611 1693 2663 ipsum
1716 2613 1878 2652 textum

156 2690 456 2741 sequerentur,
501 2687 672 2728 resectis
705 2687 945 2738 inutilibus,
980 2692 1021 2729 et
1052 2687 1260 2740 suppletis
1294 2699 1402 2739 quae
1437 2687 1607 2728 desunt:
1657 2689 1745 2726 tum
1780 2685 1878 2737 quia

155 2761 309 2803 omisso
343 2763 460 2803 textu
494 2760 547 2803 St}
576 2761 774 2813 Thomae,
807 2762 1032 2814 Theologia
1066 2761 1319 2803 scholastica
1354 2761 1521 2802 difficile
1544 2759 1878 2814 conservabitur,

155 2848 281 2889 quam
324 2840 464 2878 tamen
508 2836 773 2877 commendat
813 2836 965 2878 decret.
995 2838 1044 2878 13
1079 2836 1284 2889 Congreg.
1319 2837 1382 2877 ult
1406 2869 1415 2884 ,
1460 2840 1548 2877 tum
1590 2835 1688 2887 qnia
1728 2834 1877 2875 melius

156 2911 394 2952 formantur
438 2913 698 2964 professores
742 2912 988 2965 explicando
1037 2915 1199 2953 textum
1243 2911 1282 2953 S.
1318 2911 1525 2959 Tliomae,
1576 2922 1702 2962 quam
1750 2909 1878 2950 alium

159 2985 387 3027 Auctorem
420 2986 702 3039 explanando,
747 2990 785 3028 et
818 2986 896 3028 hac
930 2986 1094 3028 ratione
1126 2987 1166 3027 iu
1200 2986 1427 3039 'l'heologia
1459 2985 1609 3027 summi
1651 2987 1879 3026 evaserunt

158 3060 229 3113 qui
263 3073 284 3102 e
318 3060 527 3102 Societate
561 3067 701 3101 nosti-21
739 3062 923 3113 primarii
949 3061 1147 3109 Theologi
1181 3061 1364 3102 fuerunt.
1427 3060 1611 3113 Cuperet
1642 3061 1877 3112 praeterea,

158 3139 206 3176 ut
231 3136 355 3188 juxta
388 3140 568 3178 mentem
602 3142 640 3178 ct
675 3137 863 3178 ordinem
898 3136 936 3177 S.
969 3136 1154 3178 'l‘liomae
1186 3140 1397 3179 tractatus
1432 3135 1798 3176 distribuerentur.
