2164 3535
315 246 398 288 516
521 244 753 288 Einfl'ihrung
777 244 840 279 der
865 254 982 279 neuen
1003 243 1044 279 R.
1073 248 1115 279 st.
1142 244 1178 279 in
1207 244 1271 279 der
1297 243 1583 280 oberdeutschen
1601 244 1704 280 Prov.
1734 248 1831 282 1834.

316 386 447 429 dividi
467 388 621 442 potest,
653 398 835 440 quorum
866 385 1022 439 singuli
1053 385 1138 428 sint
1169 386 1443 440 professores.
1498 385 1591 427 Etsi
1623 386 1731 428 ratio
1765 386 1877 429 stud.
1900 386 2041 429 in'ad-

315 461 531 503 mittendis
564 461 617 503 ad
648 461 890 503 inferiorem
923 460 1113 503 ordinem
1145 460 1313 504 infimae
1336 468 1517 516 graina&
1550 461 1667 503 nulla
1692 461 1862 515 linguae
1884 462 2042 504 latinae

315 537 521 591 principia
562 536 779 589 requirere
811 535 1007 578 videatur
1040 536 1159 589 (Reg,
1184 538 1209 578 8
1243 537 1356 592 53),
1398 540 1539 578 tamen
1582 537 1623 578 in
1655 537 1812 579 nostris
1845 536 2042 590 Collegiis

315 610 520 664 exigenda
551 610 735 664 cognitio
767 610 1097 653 declinationum
1130 614 1172 653 et
1203 612 1549 665 conjugationum
1571 612 1816 667 latinarum,
1849 612 2040 665 adeoque

315 688 490 728 eatenus
521 685 666 729 schola
695 686 1006 740 praeliminaris
1038 699 1123 729 non
1155 687 1429 741 prohibetur,
1473 686 1701 729 dummodo
1732 687 1843 729 inter
1885 687 2041 729 classes

315 761 522 815 gymnasii
552 773 635 803 non
669 764 950 815 computetur.

452 837 490 878 3.
540 835 694 893 Curet,
737 839 785 878 ut
826 837 1007 891 quisque
1048 837 1251 891 magister
1293 837 1448 879 librum
1491 849 1593 879 suae
1634 836 1758 881 classi
1789 837 2043 880 attributum

314 911 449 966 primo
481 911 568 954 fere
600 913 794 955 semestri
827 912 1039 967 absolvat,
1073 913 1206 956 altero
1238 927 1263 956 a
1285 915 1424 968 capite
1456 917 1623 968 repetat
1655 916 1759 967 (reg.
1784 913 1808 955 8
1841 913 1952 968 §3);
1984 913 2045 954 ita

313 986 404 1029 fieri
444 986 621 1042 poterit,
663 990 712 1029 ut
749 987 1005 1042 quandoque
1045 988 1099 1030 ad
1132 989 1296 1032 Pascha
1328 990 1399 1044 qui
1430 990 1626 1033 fortiores
1659 992 1803 1032 essent
1834 988 1887 1031 ad
1920 1001 2043 1043 supe-

314 1062 469 1104 riorem
502 1061 679 1105 classem
713 1062 941 1106 ascendere
972 1063 1150 1116 possint.

452 1151 490 1191 4.
541 1149 691 1205 Curet,
734 1153 902 1193 mature
943 1163 988 1193 re
1030 1152 1339 1194 communicata
1382 1164 1476 1194 cum
1518 1153 1698 1195 Rectore
1738 1154 1782 1193 et
1820 1151 2039 1193 Praefecto

314 1225 499 1277 generali
531 1238 579 1268 ac
610 1226 847 1282 magistris,
888 1225 1033 1269 confici
1064 1226 1270 1269 librorum
1302 1227 1562 1283 catalogum,
1601 1228 1674 1281 qui
1707 1239 1815 1270 anno
1848 1226 2038 1281 proximo

314 1299 549 1353 explicandi
581 1300 772 1354 adeoque
804 1302 1076 1356 comparandi
1109 1306 1262 1345 essent.
1327 1304 1444 1356 (Reg.
1470 1305 1522 1345 27
1556 1303 1707 1358 ejusd.)

455 1390 492 1430 5.
546 1387 747 1430 Ordinem
789 1387 962 1431 sedendi
1004 1388 1045 1430 in
1088 1389 1261 1443 Templo
1301 1390 1516 1441 omnibus,
1564 1391 1692 1433 etiam
1734 1390 2038 1445 superioribus,

315 1463 405 1517 ipse
447 1463 651 1516 assignetg
692 1464 733 1505 in
774 1462 928 1506 scholis
972 1464 1186 1517 magistris
1228 1465 1331 1507 haec
1375 1478 1478 1507 cura
1512 1465 1804 1508 demandetur.
1842 1465 1962 1518 (Reg.
1987 1467 2039 1507 29

315 1538 453 1580 Praef.
487 1538 579 1592 inf.)

456 1615 492 1655 6.
547 1613 629 1656 Per
667 1627 711 1657 se
752 1614 816 1657 vel
864 1615 1091 1668 magistros
1133 1616 1316 1659 externis
1364 1616 1629 1659 auditoribus
1676 1618 1844 1670 tempus
1885 1616 2039 1670 privati

315 1688 445 1731 studii
477 1693 576 1743 apte
608 1689 804 1732 distribui
838 1692 969 1732 curet.
1033 1691 1149 1744 (Reg.
1176 1693 1262 1744 30.)

455 1773 492 1812 7.
542 1771 685 1824 Curet,
717 1774 766 1812 ut
788 1771 924 1824 quivis
946 1771 1151 1825 Magister
1173 1774 1238 1815 vel
1272 1773 1484 1827 publicum
1509 1774 1737 1816 Censorem
1759 1773 1927 1828 habeat,
1960 1773 2039 1815 sub

316 1845 396 1887 alio
429 1846 557 1888 etiam
589 1848 770 1903 nomine,
804 1850 882 1904 vel,
915 1849 950 1892 si
983 1848 1024 1890 id
1054 1848 1145 1890 fieri
1178 1852 1375 1902 nequeat,
1408 1849 1558 1891 saltem
1592 1852 1814 1891 secretum.

1134 2117 1219 2171 §a

459 2206 776 2262 scriptiones
814 2211 861 2251 et
901 2209 1134 2251 Examina
1175 2209 1468 2252 inferiorum
1509 2221 1597 2264 pro
1638 2209 1894 2252 Praemiis.

457 2325 491 2364 1.
540 2322 646 2365 Cum
677 2324 779 2378 Reg.
806 2327 825 2367 1
862 2325 913 2367 de
944 2338 1119 2368 numero
1142 2326 1432 2368 Praemiorum
1463 2325 1515 2367 ad
1547 2325 1734 2368 litteram
1766 2324 1925 2367 servari
1957 2335 2039 2366 non

315 2397 469 2452 possit,
508 2398 543 2441 si
576 2399 746 2452 quidem
779 2400 813 2443 is
846 2413 871 2443 a
902 2400 1106 2454 gubernio
1140 2401 1319 2442 maxime
1351 2400 1607 2454 dependeat,
1640 2400 1833 2442 ultimam
1867 2399 2039 2452 regulae

316 2475 500 2526 partem,
542 2486 651 2527 quae
688 2475 812 2528 plura
843 2476 1098 2529 pauciorave
1129 2489 1205 2530 pro
1239 2488 1415 2518 numero
1448 2476 1752 2530 discipulorum
1784 2474 1916 2517 statui
1947 2487 2039 2528 per-

317 2547 466 2602 mittit,
497 2548 722 2603 ipsumque
754 2551 950 2604 spiritum
981 2552 1168 2605 Regulae
1200 2552 1333 2594 secuti
1344 2585 1355 2607 7
1388 2551 1610 2605 sequentia
1640 2550 1781 2605 quoad
1813 2561 2037 2592 numerum

317 2623 601 2675 praemiorum
633 2625 674 2667 in
706 2626 863 2669 nostris
896 2627 1080 2680 collegiis
1112 2640 1189 2681 pro
1221 2626 1510 2670 uniformitate
1542 2626 1784 2669 statuimus.

455 2709 504 2751 In
545 2710 821 2755 Rhetorica
858 2713 1013 2756 dentur
1050 2714 1255 2768 praemia:
1300 2727 1348 2756 ex
1382 2726 1610 2767 progressu
1643 2726 1803 2764 annuo,
1847 2713 2038 2757 oratione

318 2781 406 2837 lat,
439 2786 544 2826 orat.
569 2786 664 2838 gall.
688 2788 753 2831 vel
776 2800 920 2844 germ„
954 2790 1151 2841 carmine,
1184 2789 1335 2832 litteris
1359 2790 1533 2845 graecis,
1566 2789 1770 2832 Doctrina
1793 2788 1842 2832 ch
1854 2796 1908 2840 ¹²3²,
1940 2788 2037 2832 hist.

319 2857 446 2914 univ.‚
478 2858 669 2903 Mathesi.

458 2945 506 2987 In
538 2945 855 2992 humanitate
886 2951 1076 3004 praemia
1107 2951 1277 2994 dentur:
1312 2965 1361 2994 ex
1392 2964 1620 3006 progressu
1652 2964 1805 3007 annuo,
1838 2951 2034 3003 carmine,

320 3019 429 3073 stylo
452 3019 548 3062 hist.
581 3021 677 3073 gall.
702 3023 766 3064 vel
788 3036 932 3081 germ„
965 3026 1124 3080 amplis.
1156 3027 1343 3069 oratoria
1374 3027 1462 3081 lat,
1496 3027 1649 3070 litteris
1682 3027 1860 3083 graecis,
1892 3027 2034 3070 Doctr.

321 3093 433 3149 chnt‘227
464 3094 561 3137 hist.
595 3096 771 3150 patriae,
805 3098 1036 3157 sphaerica,
1067 3102 1262 3145 Mathesi.

458 3182 505 3223 In
539 3194 771 3237 suprema
809 3183 970 3228 Grani.
1005 3187 1174 3230 dentur:
1217 3201 1265 3230 ex
1296 3200 1543 3244 p1·og1·essu‚
1578 3189 1767 3231 versione
1799 3188 1891 3244 lat,
1923 3188 2033 3243 stylo
