2164 3535
200 184 284 225 424
505 182 608 217 Neue
635 181 999 225 Studienvorschlage
1025 181 1090 216 der
1115 180 1314 216 deutschen
1339 181 1492 216 Provinz
1521 184 1619 218 1830.

201 325 250 364 ut
291 335 367 377 pro
407 322 610 365 hodierno
651 321 897 376 disputandi
927 336 1066 381 more,
1110 326 1207 379 post
1236 336 1366 366 unam
1399 324 1631 367 alteramve
1662 324 1928 379 instantiam,

201 398 309 441 ratio
348 398 556 453 concessi,
598 398 741 452 negati
781 400 847 441 vel
889 399 1077 443 distincti
1117 399 1348 443 adferatur.
1414 399 1523 442 Sunt
1562 400 1676 443 enim
1707 400 1772 441 vel
1817 399 1930 441 inter

202 474 455 529 mediocres,
488 474 559 527 qui
600 474 792 528 apposite
835 475 1085 527 concedere,
1126 488 1282 529 negare
1322 475 1388 518 vel
1431 475 1694 528 distinguere
1735 477 1929 530 possunt,

202 550 304 604 quin
344 549 596 592 defensionis
637 561 739 592 suae
778 551 986 592 rationem
1019 550 1197 593 solidam
1230 551 1408 594 reddere
1440 552 1620 593 valeant.
1687 576 1738 581 -
1802 550 1931 592 Forte

202 626 349 681 etiam,
391 625 505 678 quod
537 625 578 666 in
610 638 727 667 more
758 629 823 668 est
854 626 966 679 apud
1000 627 1227 682 quosdam,
1271 641 1338 670 res
1370 628 1431 669 ita
1463 626 1740 680 attemperari
1772 628 1930 681 posset,

202 704 274 755 ut,
326 704 553 754 postquam
604 714 715 743 unus
768 705 810 743 et
868 701 976 743 alter
1028 702 1068 743 in
1120 702 1255 744 forma
1306 702 1560 745 scholastica
1612 703 1931 755 argumentatas

205 776 346 832 fuerit,
378 776 530 818 tertius
563 776 631 831 sit,
664 776 738 829 qui
770 780 891 819 extra
920 778 1101 820 formam
1132 779 1283 833 maj0ri
1314 779 1542 821 verborum
1572 778 1691 832 copia
1715 781 1757 820 et
1779 779 1931 819 ornatu

209 851 537 905 disputationem
570 852 775 895 absolvat.

459 1210 683 1278 Regulae
722 1213 1026 1262 Professoris
1069 1213 1429 1280 Philosophiae
1469 1213 1688 1261 moralis.

342 1338 410 1380 Ad
442 1338 682 1382 Titulum‘
745 1341 794 1383 In
826 1341 971 1383 multis
1002 1341 1105 1384 locis
1137 1354 1214 1395 pro
1246 1340 1493 1385 Professore
1515 1340 1811 1395 Philosophiae
1844 1352 1934 1382 mo-

203 1413 303 1456 ralis
334 1414 519 1457 habetur
548 1415 770 1459 Professor
795 1416 905 1471 juris
937 1417 1149 1460 naturalis
1183 1422 1224 1460 et
1255 1418 1427 1474 publici7
1461 1431 1572 1471 quae
1603 1417 1805 1473 scientia,
1839 1427 1933 1458 cum

203 1489 313 1531 tanti
343 1488 419 1531 fiat
449 1492 493 1531 et
524 1491 722 1534 scientias
755 1493 936 1534 maxime
967 1493 1228 1547 periculosas
1261 1493 1504 1548 dispergere
1527 1493 1675 1542 soleat,
1716 1506 1741 1534 a
1762 1491 1930 1534 Nostris

203 1564 457 1618 negligenda
501 1578 584 1608 non
628 1566 805 1609 videtur.
871 1568 979 1610 Hinc
1022 1568 1353 1625 dispiciendum,
1400 1571 1543 1611 utrum
1587 1581 1670 1610 non
1710 1567 1933 1610 conveniat

205 1639 392 1694 aliquam
423 1641 464 1683 in
496 1641 620 1684 titulo
653 1642 1009 1686 modificationem
1040 1644 1203 1687 afferre.

341 1733 414 1775 Ad
452 1747 550 1789 reg.
587 1738 622 1779 1.
691 1735 889 1779 Citantur
930 1740 973 1780 et
1011 1738 1078 1780 hic
1122 1739 1211 1781 LL.
1252 1738 1505 1781 Ethicorum
1548 1737 1816 1792 Aristotelis,
1861 1735 1933 1789 qui

205 1810 317 1852 certe
360 1810 517 1852 nostris
559 1812 822 1865 temporibus
864 1826 947 1855 non
992 1814 1259 1856 conveniunt.
1335 1813 1418 1856 Sed
1457 1814 1498 1855 in
1539 1813 1618 1855 hac
1657 1815 1778 1866 parte
1818 1810 1934 1853 aliud

204 1885 373 1927 videtur
404 1885 554 1927 vitium
585 1887 765 1929 maxime
798 1889 1046 1944 cavendum,
1079 1892 1228 1943 utpote
1260 1889 1492 1931 multorum
1525 1901 1718 1931 errorum
1748 1901 1796 1930 ac
1818 1886 1933 1929 novi·

204 1963 343 2003 tatum
385 1961 680 2009 seminarium,
723 1976 807 2016 quo
849 1964 1009 2006 scilicet
1040 1978 1089 2006 ex
1121 1965 1427 2007 recentioribus
1460 1964 1646 2017 undique
1679 1962 1931 2005 authoribus

206 2036 491 2078 corraduntur
532 2049 641 2090 quae
682 2038 858 2081 Ethicae
905 2039 1185 2082 conficiendae
1234 2040 1454 2081 materiam
1501 2039 1704 2092 praebere
1750 2038 1928 2092 possint,

207 2111 328 2165 quasi
361 2124 459 2153 vero
492 2112 690 2155 scientiae
722 2126 875 2168 corpus
909 2115 1153 2169 opinionum
1186 2116 1365 2158 maxime
1405 2115 1672 2158 dissonarum
1713 2127 1933 2167 coagmen-

207 2187 367 2229 tatione
398 2188 666 2231 formaretur.

346 2280 416 2322 Ad
458 2293 555 2334 reg.
590 2283 628 2322 2.
699 2282 937 2325 Secundum
980 2284 1241 2337 propositam
1283 2284 1483 2326 tabellam
1530 2283 1583 2325 ad
1630 2296 1717 2336 reg.
1753 2284 1775 2323 7
1818 2280 1929 2323 Prof.

208 2356 312 2397 Phil.
347 2356 498 2399 Ethica
538 2357 602 2399 vel
637 2359 708 2412 Jus
741 2360 937 2401 naturale
969 2359 1224 2401 tradendum
1256 2362 1369 2402 esset
1401 2371 1509 2401 anno
1542 2357 1837 2411 Philosophiae
1869 2370 1932 2399 se-

209 2431 366 2485 cundo,
410 2436 563 2485 quater
593 2434 635 2475 in
666 2433 934 2476 hebdomada
966 2448 1042 2488 per
1073 2435 1240 2486 horam;
1283 2434 1396 2488 quod
1429 2437 1595 2487 tempus
1630 2431 1841 2475 sufficiens
1874 2431 1931 2473 vi-

209 2506 347 2561 detur,
380 2510 429 2548 ut
460 2508 595 2550 solida
622 2508 748 2563 hujus
780 2509 982 2552 scientiae
1013 2510 1291 2552 fundamenta
1320 2510 1418 2563 poni
1449 2509 1624 2562 possint.

346 2599 417 2641 Ad
450 2613 546 2654 reg.
581 2601 618 2642 3.
681 2601 863 2644 Videtur
893 2603 1018 2655 juxta
1056 2602 1170 2644 dicta
1208 2602 1261 2644 ad
1298 2614 1384 2655 reg.
1420 2604 1470 2643 17
1500 2602 1611 2644 Prof.
1645 2601 1801 2643 Philos.
1835 2612 1931 2643 con-

210 2674 464 2716 trahendum
496 2676 796 2729 repetitionum
831 2680 874 2719 et
906 2677 1242 2731 disputationum
1273 2680 1441 2730 tempus
1472 2680 1648 2730 propter
1687 2677 1930 2729 frequentes

207 2749 420 2792 lectiones.
