2164 3535
449 202 518 236 Die
546 200 805 236 oberdeutsche
833 200 983 234 Provinz
1009 199 1097 233 iiber
1122 197 1180 232 die
1207 207 1298 232 neue
1324 196 1365 231 R.
1394 199 1436 230 st.
1467 197 1563 230 1835.
1782 197 1864 238 535

464 444 723 510 Regulae
774 441 1138 491 Professoris
1188 437 1550 487 Rhetorices.

281 574 394 624 Reg.
423 575 457 613 1.
526 571 604 614 Vix
628 570 825 612 videntur
846 571 1073 623 praecepta
1094 579 1170 621 pro
1194 565 1321 608 variis
1344 563 1609 618 eloquentiae
1642 561 1866 616 generibus

147 652 195 691 ut
226 661 364 703 sacra,
396 648 569 690 militari
592 650 684 699 etc„
718 657 826 698 quae
849 644 972 686 hodie
994 643 1169 685 tractari
1193 642 1342 691 solent„
1375 644 1418 683 et
1439 651 1619 694 quorum
1640 640 1868 692 praecepta

144 723 284 766 danda
304 728 417 779 sunt,
449 736 497 765 ex
519 722 607 765 solo
633 720 844 775 Cicerone,
878 718 1150 769 Quintiliano,
1181 716 1409 758 Aristotele
1432 715 1521 768 capi
1545 725 1687 768 posse3
1718 712 1865 765 itaque

145 798 326 840 addendi
357 797 568 850 videntur,
599 796 750 838 saltem
783 793 1030 847 generatim,
1064 792 1317 834 recentiores
1347 802 1421 844 pro
1444 788 1608 831 ratione
1630 786 1860 840 regionum.

280 873 394 925 Reg.
420 874 457 914 5.
520 869 856 912 Exercitationes
899 867 1041 909 variae
1083 866 1279 908 videntur
1311 865 1506 918 propriae
1539 861 1863 907 Grammaticae.

143 950 192 990 ut
235 946 461 989 vernacula
502 950 687 997 vertere,
734 944 918 998 variare,
961 954 1184 996 excerpere
1226 941 1420 994 phrases:
1467 939 1573 981 aliae
1614 937 1866 980 conveniunt

143 1021 431 1077 Humanitati,
475 1025 523 1063 ut
563 1020 866 1074 descriptiones
907 1019 1065 1072 facere,
1109 1016 1223 1058 aliud
1265 1016 1306 1057 in
1338 1014 1452 1058 aliud
1484 1026 1651 1056 carmen
1683 1016 1862 1054 mutare.

142 1097 282 1148 Quare
318 1109 340 1138 e
373 1097 578 1150 dignitate
619 1100 862 1138 nostrorum
895 1093 1143 1135 Studiorum
1176 1091 1344 1132 videtur
1375 1089 1525 1131 horum
1557 1089 1647 1130 loco
1678 1087 1864 1133 indicare

142 1172 464 1215 exercitationes
496 1171 753 1214 Rhetoribus
786 1169 995 1223 proprias,
1029 1167 1177 1221 quales
1211 1169 1312 1209 sunt
1344 1165 1556 1208 orationes
1589 1175 1637 1205 ac
1668 1164 1864 1216 poemata

141 1247 274 1290 omnis
307 1247 472 1300 generis
505 1247 650 1300 lingua
681 1245 832 1299 latina,
877 1256 1029 1297 graeca
1061 1255 1109 1284 ac
1141 1241 1268 1284 etiam
1300 1239 1529 1282 vernacula
1560 1236 1858 1292 componenda.

279 1322 345 1364 Re
355 1334 392 1375 g.
419 1323 454 1363 6.
519 1321 633 1363 Haec
666 1320 826 1375 regula,
860 1319 959 1360 dum
994 1318 1081 1371 agit
1110 1317 1160 1359 de
1182 1316 1427 1358 auctoribus
1451 1327 1525 1368 pro
1549 1313 1659 1367 stylo
1683 1312 1861 1354 oratoris

143 1396 386 1452 formando,
426 1409 509 1438 non
550 1395 739 1437 meminit
781 1395 860 1436 nisi
903 1397 1124 1435 auctorum
1165 1392 1407 1433 latinorum.
1472 1390 1576 1432 Cum
1616 1389 1656 1430 in
1701 1387 1861 1429 Scholis

139 1473 294 1514 nostris
335 1472 463 1514 etiam
503 1471 638 1525 stylus
678 1470 841 1524 patrius
884 1468 1131 1511 formandus
1164 1467 1238 1517 sit,
1281 1466 1496 1507 videretur
1527 1462 1860 1518 adjungendum:

139 1548 232 1589 Pro
274 1547 406 1601 stylo
448 1545 721 1588 vernaculo
770 1545 932 1598 aliqui
974 1557 1027 1585 ex
1071 1542 1229 1595 magis
1278 1540 1513 1595 probatis
1562 1537 1862 1580 auctoribus

138 1621 429 1664 vernaculis
463 1624 804 1662 assumantur.

276 1697 388 1749 Reg.
418 1698 481 1738 14.
543 1696 731 1748 Regulae
773 1696 823 1737 de
866 1695 1006 1749 parvis
1039 1693 1305 1747 poematibus
1339 1691 1549 1734 ordinarie
1581 1690 1671 1743 jam
1702 1689 1743 1730 in
1776 1689 1863 1730 Hu-

138 1771 342 1813 manitatc
374 1771 486 1812 tradi
518 1771 671 1813 solent:
707 1769 817 1811 unde
849 1783 930 1811 non
965 1772 1155 1822 apparet,
1189 1768 1328 1810 curin
1351 1766 1579 1809 Rhetorica
1601 1767 1860 1818 repetantur.

138 1847 252 1888 Haec
284 1859 449 1899 urgere,
483 1846 648 1888 videtur
681 1858 773 1887 eam
797 1844 991 1886 Scholam
1024 1843 1133 1885 infra
1166 1855 1265 1885 suas
1299 1842 1487 1884 detinere
1520 1840 1734 1891 materias,
1767 1852 1861 1881 cum

138 1922 288 1967 nimias
320 1922 407 1963 fere
438 1922 606 1976 habeat,
638 1920 791 1973 quibus
825 1932 933 1961 anno
967 1932 1049 1960 11110
1085 1917 1277 1971 discipuli
1311 1916 1593 1959 detineantur.

276 1998 343 2039 Re
352 2009 390 2049 g.
418 1999 481 2038 17.
532 1997 741 2038 Videntur
763 1994 873 2037 infra
905 1994 1153 2047 dignitatem
1175 1992 1427 2035 Rhetoricae
1459 2003 1506 2032 ac
1529 1992 1677 2032 contra
1697 1989 1861 2031 hodier-

138 2085 239 2113 num
282 2084 441 2114 morem
479 2072 800 2125 Inscriptiones,
843 2074 891 2111 111
924 2070 1175 2123 Clypeorum
1208 2070 1306 2115 etc..
1349 2065 1651 2119 descriptiones
1692 2076 1861 2118 quoque

139 2147 315 2190 Scholae
346 2146 534 2189 inferiori
566 2149 822 2199 competunt.

276 2221 577 2263 Adnotandum
611 2221 776 2263 videtur
821 2220 1073 2273 generatim,
1118 2218 1256 2272 quoad
1298 2217 1499 2270 temporis
1540 2215 1784 2258 divisionem
1817 2214 1858 2256 in

140 2297 301 2339 Scholis
343 2296 631 2342 inferioribus,
683 2295 925 2337 accessoriis
971 2307 1017 2336 ac
1064 2294 1233 2344 linguae
1276 2292 1527 2334 vernaculae
1572 2292 1658 2332 fere
1700 2289 1858 2342 (nimis)

138 2385 288 2426 parum
320 2372 521 2425 temporis
543 2372 691 2413 tribui:
726 2383 858 2423 quare
882 2370 1025 2422 aliqua
1046 2368 1187 2421 quoad
1209 2368 1287 2409 hoc
1309 2366 1491 2408 latitudo
1516 2365 1655 2407 danda
1677 2364 1853 2407 videtur.

418 2704 677 2770 Regulae
727 2703 1092 2752 professoris
1143 2701 1568 2751 Humanitatis.

274 2832 386 2883 Reg.
410 2832 448 2871 4.
482 2830 610 2871 Prof.
646 2831 784 2871 Huni.
835 2830 1169 2872 Exercitationes
1201 2842 1282 2870 non
1315 2828 1511 2869 videntur
1542 2825 1737 2880 propriae
1768 2825 1856 2866 Hu-

137 2906 373 2954 manitatis,
415 2905 590 2958 phrases
632 2917 876 2957 excerpere,
920 2905 1102 2951 variare.
1135 2907 1212 2946 etc.
1274 2904 1461 2945 Econtra
1492 2900 1710 2943 addendae
1743 2912 1856 2941 exer-

138 2980 361 3022 citationes
393 2980 524 3032 magis
558 2979 767 3032 propriae,
802 2982 847 3020 ut
872 2979 1153 3024 narrationes,
1187 2978 1502 3031 descriptiones,
1535 2977 1729 3029 poemata
1763 2975 1855 3016 bre-

137 3055 254 3097 viora
285 3054 496 3108 perficere.

275 3130 388 3181 Reg.
425 3130 486 3170 13.
531 3129 733 3170 Extern.
781 3128 1010 3170 Auditor.
1074 3130 1157 3184 An,
1191 3129 1242 3170 ob
1275 3128 1532 3171 contrarium
1572 3128 1853 3182 quorumdam
