2164 3535
404 202 506 237 Neue
533 199 897 244 Studienvorschl'age
923 199 987 235 der
1012 199 1210 235 deutschen
1235 198 1388 234 Provinz
1416 201 1514 235 1830.
1731 201 1813 242 433

101 345 153 387 29
186 342 247 386 Ut
288 341 502 397 discipulis
543 341 804 395 explicentur
844 352 1075 394 eorumque
1116 340 1345 382 memoriae
1375 339 1633 382 mandentur
1663 339 1819 382 selecta

101 418 230 460 soluti
261 430 308 460 ac
339 417 457 471 ligati
488 416 693 459 sermonis
725 416 993 469 exemplaria.
1054 416 1108 457 39
1140 415 1200 458 Ut
1230 415 1270 457 in
1294 415 1572 469 explicatione
1592 414 1822 457 latinorum

103 506 151 536 ac
172 493 431 535 Graecorum
465 491 693 534 authorum
723 491 830 533 tales
852 491 1067 533 versiones
1099 489 1395 546 adhibeantur,
1428 503 1537 544 quae
1568 491 1820 543 monstrent,

103 568 228 622 quale
268 568 324 610 sit
361 568 573 620 ingenium
615 566 838 619 utriusque
878 566 1068 621 linguae,
1108 566 1170 607 ita
1208 570 1257 608 ut
1297 579 1373 619 per
1412 565 1824 620 interpretationem,

104 657 140 684 v.
164 656 201 697 g.
225 643 413 698 latinam,
447 643 574 684 etiam
605 642 857 684 vernaculae
888 642 1057 694 linguae
1087 641 1270 683 indolem
1302 641 1429 684 altius
1461 641 1678 691 hauriant;
1712 639 1825 694 quod

104 722 152 759 ut
182 717 346 759 facilius
378 716 466 772 fiat,
498 716 713 769 Magistris
736 715 1048 769 permittendus
1080 720 1195 758 esset
1225 729 1327 759 usus
1360 717 1602 759 versionum
1633 729 1658 758 a
1680 715 1825 758 Doctis

99 793 190 846 Jam
221 791 452 834 factarum:
483 790 740 844 impossibile
772 790 882 832 enim
912 794 990 845 est,
1023 790 1228 843 Magister
1259 803 1385 845 saepe
1411 792 1577 845 juvenis
1610 794 1652 833 et
1683 790 1827 832 multis

105 868 197 909 aliis
239 867 350 910 curis
389 866 598 908 distentus
642 869 885 908 accuratam
916 865 1100 919 expoliat
1130 866 1377 908 versionem.
1440 869 1493 908 49
1528 867 1588 909 Ut
1618 867 1711 920 pari
1741 866 1829 908 fere

106 955 280 984 numero
322 941 476 983 dentur
508 941 828 983 exercitationes
860 944 951 982 tum
982 941 1023 982 in
1056 941 1188 983 latina
1218 944 1310 983 tum
1341 942 1382 983 in
1414 942 1640 984 vernacula
1671 942 1828 994 lingua.

110 1016 215 1058 Vide
247 1029 378 1070 supra
408 1016 682 1070 appendicem
714 1023 767 1058 119
790 1018 827 1057 6.
863 1041 913 1046 —
948 1015 1056 1058 Sunt
1083 1017 1209 1058 etiam
1233 1017 1305 1070 qui
1327 1017 1495 1073 vellent,
1528 1022 1576 1059 ut
1597 1018 1830 1070 Praecepta

107 1091 351 1134 Rhetorices
384 1095 427 1134 et
448 1092 627 1133 Poeseos
651 1092 875 1133 vernacule
907 1091 1194 1146 traderentur,
1227 1092 1318 1134 aliis
1351 1092 1543 1145 pluribus
1567 1095 1608 1134 et
1630 1092 1831 1145 graviori-

110 1168 188 1210 bus
222 1168 630 1221 contradicentibus,
664 1181 758 1210 cum
791 1168 832 1210 in
864 1168 1018 1210 scholis
1049 1168 1301 1210 Rhetoricae
1333 1171 1375 1209 et
1406 1167 1695 1209 Humanitatis
1727 1167 1831 1209 satis

108 1243 238 1285 latine
260 1244 348 1297 jam
372 1244 554 1297 capiant,
587 1247 635 1285 ut
655 1244 851 1286 facillime
873 1247 1102 1298 praecepta
1124 1244 1372 1286 brevissima
1396 1243 1630 1296 intelligere
1652 1243 1828 1297 possint.

109 1319 300 1361 Historia
341 1331 459 1374 vero,
502 1319 771 1372 Geographia
811 1322 853 1361 et
884 1319 1090 1361 Mathesis
1124 1319 1323 1361 videntur
1355 1319 1580 1361 vernacule
1611 1318 1832 1361 tradenda.

110 1394 303 1446 Egressis
335 1393 445 1435 enim
477 1407 499 1435 e
530 1395 687 1436 nostris
719 1394 870 1437 scholis
893 1395 1086 1436 Alumnis
1120 1395 1289 1448 saepius
1313 1395 1498 1437 occurrit
1519 1395 1683 1437 occasio
1707 1395 1834 1437 collo-

111 1468 267 1522 quendi
299 1468 350 1510 de
382 1468 446 1510 his
478 1469 603 1510 rebus
635 1482 730 1511 cum
762 1470 868 1522 aliis,
900 1470 982 1511 imo
1016 1470 1209 1512 examina
1241 1470 1293 1511 ad
1326 1470 1507 1523 gradum
1537 1470 1769 1513 subeuntes
1794 1472 1836 1511 et

111 1544 296 1586 inustam
328 1544 408 1585 sibi
438 1544 703 1597 ignorantiae
734 1549 878 1587 notam
900 1548 1135 1601 reportant,
1168 1547 1202 1588 si
1225 1546 1417 1600 expedite
1439 1550 1482 1588 et
1504 1546 1672 1588 usitatis
1697 1546 1834 1588 verbis

113 1619 164 1661 de
194 1619 259 1661 his
293 1619 418 1661 rebus
452 1624 684 1673 nequeant,
727 1624 776 1663 ut
807 1622 1028 1677 usuvenit,
1062 1622 1281 1664 disserere.
1343 1621 1388 1663 Si
1419 1622 1764 1664 introduceretur
1793 1622 1835 1663 in

111 1694 190 1736 hac
220 1708 266 1736 re
297 1695 492 1749 mutatio,
524 1707 605 1736 non
638 1697 750 1737 esset
780 1697 1065 1737 necessarium
1098 1699 1162 1738 tot
1194 1696 1393 1738 adhibere
1415 1696 1606 1738 subsidia
1627 1697 1832 1751 (ceterum

114 1782 196 1811 non
228 1770 497 1823 negligenda)
531 1770 585 1811 ad
617 1770 885 1812 allevandum
917 1771 1160 1813 scholarum
1184 1771 1372 1813 laborem
1398 1775 1441 1814 et
1463 1772 1661 1814 taedium.
1714 1772 1840 1813 Prae-

115 1845 262 1898 cipuus
302 1845 411 1886 enim
457 1845 577 1887 labor
622 1846 927 1899 discipulorum
973 1847 1055 1888 erit
1100 1847 1142 1888 in
1190 1847 1422 1889 retinendis
1470 1847 1836 1901 explanationibus

114 1921 412 1962 historicorum
445 1924 487 1962 et
516 1925 753 1974 poetarum,
786 1922 826 1963 in
860 1922 1122 1964 conferendis
1153 1925 1357 1976 perpetuo
1392 1924 1502 1965 inter
1523 1936 1566 1965 se
1588 1923 1743 1976 linguis
1765 1935 1842 1976 per

116 1995 328 2037 versiones
368 1996 545 2048 latinas,
590 2009 785 2051 graecas,
830 1997 1076 2039 vernaculas
1109 2001 1214 2053 etc,
1258 2011 1367 2051 quae
1408 1999 1548 2040 omnia
1589 1998 1840 2040 varietatem

117 2070 332 2124 quandam
370 2071 576 2113 inducunt
617 2076 660 2114 et
700 2073 935 2114 inserviunt
977 2073 1031 2114 ad
1074 2073 1317 2126 pellendum
1356 2073 1543 2115 taedium
1586 2073 1703 2115 brevi
1743 2072 1842 2115 sub-

119 2149 355 2201 repturum,
387 2147 421 2188 si
453 2147 555 2188 nihil
587 2148 666 2189 nisi
697 2148 876 2189 latinum
903 2148 1109 2201 juvenum
1131 2148 1306 2191 auribus
1328 2149 1557 2191 insonaret.
1611 2149 1839 2190 Praeterea

121 2221 371 2276 accessoria,
403 2222 465 2263 uti
489 2222 770 2276 Geographia,
804 2223 996 2264 Historia
1028 2226 1121 2279 etc,
1155 2224 1191 2265 si
1223 2224 1362 2277 patrio
1386 2237 1579 2266 sermone
1601 2223 1842 2278 tradantur,

121 2308 168 2337 eo
210 2296 300 2348 ipso
336 2297 590 2349 jucundiora
628 2296 747 2339 fiunt.
809 2298 904 2339 Uno
937 2298 1086 2353 verbo,
1129 2298 1208 2340 hac
1253 2298 1451 2340 methodo
1483 2299 1611 2341 semel
1645 2298 1842 2349 admissa,

121 2370 264 2422 lingua
295 2371 434 2424 patria
466 2372 598 2424 magis
631 2371 856 2427 fovebitur,
889 2376 932 2414 et
964 2373 1122 2414 alumni
1153 2373 1289 2415 nostri
1321 2374 1451 2415 vitam
1475 2374 1637 2416 civilem
1664 2373 1844 2427 ingressi

122 2456 205 2485 non
245 2446 334 2498 jam
379 2449 428 2487 ut
472 2447 683 2500 peregrini
730 2446 903 2500 quidam
943 2447 984 2488 in
1026 2447 1198 2501 propria
1238 2448 1379 2501 patria
1420 2448 1725 2504 versabuntur,
1771 2460 1847 2490 nec

124 2519 269 2561 Nostri
301 2519 351 2562 de
382 2521 574 2574 neglecta
605 2522 749 2575 lingua
780 2522 1022 2577 vernacula,
1054 2525 1103 2563 ut
1134 2522 1303 2575 saepius
1337 2523 1502 2579 accidit,
1536 2527 1780 2577 arguentur.

261 2623 333 2664 Ad
366 2636 463 2676 reg.
500 2625 563 2666 13.
628 2625 872 2680 Optandum
915 2626 1104 2681 videtur,
1148 2629 1196 2668 ut
1236 2628 1328 2681 pari
1359 2641 1489 2682 passu
1521 2628 1665 2682 lingua
1697 2640 1849 2681 graeca

124 2697 327 2750 procedat
357 2710 451 2740 cum
481 2699 625 2752 lingua
655 2701 803 2756 latina,
835 2702 986 2743 saltem
1009 2702 1150 2755 quoad
1175 2702 1570 2756 interpretationem
1596 2703 1848 2754 authorum;

126 2772 317 2814 studium
348 2773 457 2815 enim
489 2774 657 2828 linguae
689 2788 865 2829 graecae
899 2777 1041 2829 magni
1073 2776 1118 2818 fit
1149 2777 1191 2818 in
1224 2777 1463 2820 Germania.

266 2871 336 2913 Ad
369 2885 465 2926 reg.
502 2876 566 2915 14.
631 2874 752 2916 Circa
787 2875 894 2917 hanc
927 2875 1118 2928 regulam
1150 2879 1215 2918 est
1246 2876 1388 2930 aliqua
1419 2877 1662 2931 opinionum
1694 2877 1848 2919 discre-

128 2946 286 3000 pantia.
341 2947 449 2989 Sunt
480 2948 551 3002 qui
584 2950 751 3004 vellent,
784 2954 832 2992 ut
864 2950 917 2992 ad
949 2950 1054 2993 duas
1086 2950 1213 2994 horas
1234 2955 1402 3006 tempus
1425 2952 1592 2994 scholae
1614 2952 1849 2994 matutinae

130 3024 173 3062 et
203 3022 470 3074 vespertinae
503 3024 845 3078 restringeretur,
878 3025 990 3077 quia,
1025 3031 1072 3067 ut
1103 3027 1236 3080 ajunt,
1268 3027 1381 3081 olim,
1413 3027 1581 3080 quando
1614 3040 1695 3068 non
1728 3030 1850 3068 erant

198 3114 388 3140 Monumenta
407 3114 583 3142 Germaniae
604 3115 813 3149 Paedagogica
832 3117 909 3142 xvi.
1579 3109 1622 3141 28
