2164 3535
756 219 986 254 Schriftliche
1013 219 1222 263 Uebungen.
1795 221 1847 261 95

136 385 185 390 —
229 360 277 402 In
311 360 571 402 Caracallam
604 360 713 402 actio
746 359 797 401 de
828 358 1071 400 Parricidio.
1120 382 1169 387 -—
1213 356 1276 398 Ad
1310 355 1596 398 Alexandrum
1629 357 1850 409 Severum3

134 439 183 477 ut
212 435 247 477 is
280 435 437 478 Christi
471 435 600 478 Sacra
632 435 923 488 amplectatur.

271 521 336 562 Ad
369 520 606 562 Gallienum
639 519 844 570 suasoria,
877 522 925 559 ut
946 518 1216 560 Valerianum
1249 517 1419 559 Patrem
1453 530 1477 558 a
1507 517 1647 560 Persis
1680 522 1850 572 captum

133 596 295 638 liberet.

271 670 491 711 Pannones
522 669 660 709 Probo
694 668 852 720 gratias
891 667 1048 708 habent
1080 667 1131 708 ob
1163 667 1312 708 vitium
1346 667 1556 708 culturam
1588 668 1848 720 permissam.

135 745 347 786 Invectiva
377 744 418 785 in
450 743 634 785 Probum
667 743 719 784 ob
752 743 940 784 eandem.

272 830 318 870 In
350 829 659 870 Diocletianum
693 828 1028 870 Christianorum
1062 828 1380 870 Persecutorem
1411 829 1654 882 Philippica.

271 904 335 946 Ad
376 904 698 946 Constantinum
732 903 786 944 M.
821 903 884 944 vel
923 902 1204 944 Theodosium
1237 903 1292 943 Μ.
1327 916 1378 944 ne
1417 903 1577 945 dividat
1608 905 1848 957 Imperium.

271 979 502 1021 Concilium
544 979 775 1020 Nieaenum
817 977 1093 1019 Constantino
1132 976 1186 1017 M.
1233 977 1285 1018 ob
1328 978 1581 1019 vindicatam
1624 992 1647 1020 a
1688 979 1852 1021 diutina

132 1053 356 1108 tyrannide
388 1054 631 1106 religionem
664 1052 947 1094 Christianam
980 1052 1213 1105 gratiarum
1247 1052 1417 1093 actoria.

270 1140 485 1182 Invectiva
516 1140 554 1181 in
585 1139 795 1181 Iulianum
819 1140 1080 1192 Apostatam.
1118 1164 1167 1169 —
1203 1139 1267 1180 Ad
1300 1139 1641 1181 Valentinianum
1664 1141 1740 1182 III.
1774 1153 1848 1193 pro

134 1215 269 1256 Actio.
306 1240 354 1245 ——
389 1215 454 1256 Ad
486 1214 733 1256 Zachariam
765 1214 1008 1256 Pontificem
1043 1214 1093 1256 de
1126 1214 1273 1267 Pipino
1307 1215 1449 1267 Regiis
1481 1215 1616 1257 titulis
1649 1215 1849 1257 ornando.

135 1315 184 1321 —
221 1290 285 1332 Ad
316 1290 524 1332 Iustinum
557 1302 633 1343 pro
655 1289 873 1331 Belisario.
908 1314 957 1319 —
992 1288 1057 1330 Ad
1079 1289 1323 1342 Britannos,
1356 1303 1407 1331 ne
1432 1290 1664 1343 Anglorum
1697 1290 1853 1331 auxilia

133 1364 349 1407 advocent.
400 1390 449 1395 —
497 1364 712 1406 Invectiva
745 1364 785 1404 in
818 1362 1032 1405 Ruffinum
1064 1364 1129 1404 vel
1162 1364 1417 1417 Eutropium
1451 1377 1472 1406 e
1505 1364 1751 1406 Claudiano.
1797 1389 1851 1395 —

132 1440 365 1481 Iustiniano
397 1439 694 1493 Panegyricus.
740 1463 787 1467 —
832 1438 1027 1480 Heraclio
1061 1438 1100 1480 S.
1137 1438 1282 1480 Crucis
1316 1439 1469 1480 vindici
1500 1439 1752 1481 laudatoria.
1798 1464 1851 1468 —

132 1515 178 1556 In
215 1515 402 1556 Leonum
434 1514 791 1556 Iconoclastarum
823 1513 1061 1567 Principem
1091 1513 1311 1555 invectiva.
1359 1539 1408 1544 —
1450 1514 1531 1555 Pro
1563 1515 1684 1556 Irene
1714 1515 1849 1567 Impe-

133 1590 288 1631 ratrice
320 1590 372 1631 ad
404 1590 701 1642 Nicephorum.

271 1674 335 1716 Ad
368 1675 548 1716 Leonem
580 1674 838 1730 Pontificem,
870 1679 917 1716 ut
949 1674 1147 1716 Carolum
1180 1675 1419 1717 Occidentis
1452 1676 1757 1730 Imperatorem
1790 1688 1852 1717 re-

132 1750 315 1792 nunciet.

271 1837 473 1879 Ludovici
504 1837 566 1878 Pii
599 1837 784 1878 defensio
818 1837 871 1878 ad
902 1836 1020 1878 filios.
1077 1862 1126 1867 —
1179 1837 1244 1878 Ad
1276 1837 1504 1879 Henricum
1537 1838 1768 1891 Aucupem,
1800 1850 1851 1879 ne

129 1912 337 1954 tributum
361 1912 544 1965 Ungaris
567 1911 735 1964 pendat.
756 1935 806 1941 —
829 1911 997 1953 Henrici
1020 1912 1090 1953 IV.
1126 1912 1274 1965 Legati
1298 1912 1351 1954 ad
1375 1912 1506 1954 filium
1530 1912 1687 1954 Leodio
1707 1913 1778 1965 (5²).
1800 1937 1848 1943 ——

131 1987 195 2042 Ad
228 1987 443 2039 Principes
483 1986 734 2028 Germaniae
772 1989 961 2039 tempore
998 1987 1240 2039 interregni.
1306 2012 1355 2016 —
1417 1987 1482 2028 Ad
1521 1987 1737 2029 Electores
1775 2000 1851 2040 pro

131 2062 353 2115 Rudolpho
386 2061 669 2117 Habspurgi0,
703 2061 767 2102 vel
798 2061 922 2114 hujus
956 2061 1254 2115 Panegyricus.
1295 2087 1344 2092 —
1377 2061 1442 2102 Ad
1476 2061 1717 2104 Cruciatam
1749 2063 1852 2104 invi-

130 2137 235 2178 tatio
269 2137 472 2178 Friderici
504 2137 535 2178 I.
589 2136 808 2178 Dissuasio
841 2136 1043 2189 ejusdem.
1091 2162 1141 2166 —
1186 2137 1399 2178 Invectiva
1430 2138 1470 2178 in
1504 2137 1688 2179 Graecos
1718 2138 1852 2191 Impe-

131 2216 308 2263 ratores,
342 2212 634 2254 Cruciatarum
668 2211 868 2253 inimicos.
906 2236 955 2241 -
990 2210 1192 2254 Suasoria
1224 2212 1277 2253 ad
1305 2212 1521 2254 Electores
1555 2213 1606 2254 de
1639 2212 1853 2254 Exautho-

132 2287 265 2329 raudo
299 2287 557 2328 WenceslaO.

269 2362 517 2404 Hortatoria
549 2362 602 2403 ad
635 2361 895 2404 Fridericum
929 2361 997 2403 IV.
1032 2364 1080 2403 ut
1116 2362 1313 2404 obsessae
1352 2362 1717 2416 Constantinopoli
1756 2376 1848 2405 suc-

132 2442 288 2480 currat.

246 2513 293 2554 In
325 2512 583 2554 Viennenses
615 2512 878 2553 Fridericum
911 2511 951 2553 in
984 2524 1080 2553 arce
1112 2511 1365 2554 obsidentes.
1412 2538 1461 2542 —
1510 2512 1786 2554 Maximiliani
1817 2513 1850 2555 I.

130 2587 427 2641 Panegyricus.
464 2613 516 2617 —
548 2587 613 2628 Ad
646 2587 864 2629 Electores
896 2599 972 2640 pro
1007 2586 1156 2628 Carolo
1190 2587 1238 2629 V.
1273 2588 1476 2640 eligendo.

268 2663 333 2704 Ad
366 2662 577 2718 Carolum7
610 2666 658 2704 ut
688 2675 782 2704 cum
815 2662 942 2715 gallia
972 2662 1195 2717 transigat,
1228 2666 1270 2704 et
1300 2662 1340 2704 in
1373 2663 1531 2705 Turcas
1565 2676 1683 2705 arma
1712 2662 1849 2705 felicia

131 2741 281 2780 vertat.

268 2813 526 2867 Philippicae
557 2813 599 2856 in
631 2813 879 2868 Lutherum,
913 2817 955 2855 et
986 2817 1222 2856 novatores.

268 2888 535 2930 Ferdinando
558 2889 612 2930 II.
637 2889 871 2942 gratiarum
901 2889 1074 2944 actoria,
1106 2890 1158 2931 ob
1180 2890 1422 2932 Provincias
1444 2890 1608 2933 haeresi
1630 2893 1846 2944 purgatas.

267 2963 331 3004 Ad
374 2965 625 3020 Richelium,
666 2978 717 3006 ne
757 2965 987 3006 extinctum
1014 2965 1101 3018 jam
1140 2965 1468 3018 Religionarium
1511 2966 1666 3008 bellum
1705 2966 1849 3019 adjuto

132 3038 264 3080 Sueco
298 3039 484 3080 suscitet.

268 3114 415 3166 Legati
448 3114 644 3156 Poloniae
677 3115 729 3156 ad
762 3114 1021 3168 Leopoldum
1054 3128 1129 3168 pro
1163 3116 1341 3157 auxiliis.
1390 3141 1440 3145 -
1488 3117 1637 3169 Legati
1671 3117 1848 3158 Patavo-
