2164 3535
424 203 634 240 Beibericht
660 203 723 239 der
749 203 1175 239 Studien-Kommissare
1201 214 1265 239 zur
1289 203 1331 239 R.
1359 208 1402 239 st.
1429 214 1496 239 von
1524 208 1621 241 1832.
1801 210 1879 251 471

164 344 458 398 praesentibus
492 345 818 387 circumstantiis
851 344 1067 399 provisum
1099 346 1167 401 sit,
1198 348 1254 401 et,
1286 345 1321 388 si
1354 345 1582 399 aliquando
1606 359 1715 400 quae
1741 348 1882 401 vigent

164 420 474 462 controversiae
513 419 821 475 deferbuerint,
873 420 1039 474 integra
1085 423 1226 462 tamen
1267 421 1470 463 manserit
1512 420 1637 475 hujus
1680 422 1881 465 scientiae

163 495 384 537 tractatio:
432 493 640 547 siquidem
683 495 840 537 multae
879 507 988 548 quae
1040 495 1388 548 praescribuntur
1430 496 1699 550 quaestiones
1746 497 1881 541 fusius

163 573 236 612 aut
267 569 452 624 pressius
486 569 620 611 evolvi
654 572 855 622 poterunt
879 581 954 622 pro
978 572 1218 623 temporum
1242 573 1284 612 et
1306 570 1497 612 locorum
1521 571 1694 613 ratione.
1750 572 1879 614 Porro

162 645 292 686 totius
324 644 541 687 doctrinae
573 656 792 686 censuram
826 644 868 685 in
901 656 949 686 eo
981 645 1214 700 posuimus,
1248 648 1295 686 ut
1325 646 1366 686 in
1400 645 1539 702 rebus,
1574 659 1684 700 quae
1708 650 1808 688 sunt
1829 647 1880 690 de

160 719 241 762 fide
263 723 338 762 aut
359 719 552 762 eamdem
573 719 763 773 proxime
786 719 1015 771 attingunt,
1048 719 1260 762 Ecclesiae
1283 719 1547 763 definitiones
1570 722 1879 777 custodiantur,

160 798 202 837 et
233 807 397 837 summa
429 794 759 837 orthodoxarum
791 794 1113 836 Academiarum
1148 795 1254 837 ratio
1287 795 1514 838 habeatur:
1548 796 1589 838 in
1623 797 1879 851 quaestioni-

161 869 238 912 bus
270 882 368 912 vero
401 869 661 912 scholasticis
695 868 734 910 S.
769 868 972 910 Thomam
1003 869 1270 912 Professores
1304 874 1549 924 sequantur.

297 945 345 986 In
367 944 714 999 philosophia,
746 947 916 997 praeter
941 944 1213 986 Aristotelem
1235 946 1559 999 expungendum
1581 958 1748 1003 magna,
1770 960 1879 1001 quae

159 1019 262 1062 haec
293 1019 470 1062 scientia
501 1019 629 1075 cepit,
672 1019 934 1061 incrementa
965 1031 1041 1061 nos
1075 1022 1322 1075 coegerunt,
1365 1023 1414 1062 ut
1443 1020 1626 1075 physicis
1659 1022 1877 1076 aliquanto

158 1094 253 1149 plus
286 1098 328 1137 et
359 1094 668 1137 Mathematicis
702 1094 1047 1149 concederemus,
1080 1093 1182 1148 quin
1213 1098 1439 1148 propterea
1471 1097 1618 1140 eadem
1651 1097 1804 1151 ubique
1836 1100 1879 1141 et

157 1170 352 1212 omnibus
384 1170 711 1224 praescribenda
742 1169 1045 1223 putaverimus.
1103 1169 1327 1212 Caeterum
1349 1170 1391 1212 in
1417 1171 1612 1214 conflictu
1635 1173 1877 1226 opinionum

158 1245 345 1300 undique
376 1246 679 1300 emergentium
712 1245 904 1299 regulam
936 1258 983 1287 ac
1015 1257 1208 1287 normam
1240 1246 1550 1303 constituimus,
1582 1259 1709 1301 quam
1731 1261 1874 1291 omnes

157 1321 275 1374 sequi
307 1320 482 1376 debent,
523 1323 572 1363 ut
602 1320 985 1375 Philosophicis
1028 1319 1486 1374 disquisitionibus
1528 1321 1686 1365 facem
1729 1336 1877 1377 prae-

156 1394 289 1438 ferat
319 1395 606 1449 Theologia.

293 1470 373 1512 Pro
406 1470 671 1513 Classibus
702 1470 1037 1514 inferioribus
1069 1471 1197 1526 patrii
1228 1473 1432 1515 sermonis
1455 1473 1590 1516 solide
1611 1474 1876 1527 perdiscendi

158 1545 389 1589 necessitas
425 1550 467 1588 et
499 1546 829 1602 disciplinarum,
862 1559 966 1600 quas
1000 1547 1254 1589 accessorias
1288 1547 1479 1604 dicimus,
1511 1548 1736 1606 institutio,
1769 1563 1878 1604 quae

155 1621 208 1663 ab
239 1621 433 1664 omnibus
465 1621 690 1675 provinciis
724 1621 1014 1675 postulantur,
1064 1621 1106 1663 in
1139 1634 1269 1664 causa
1299 1623 1491 1679 fuerunt,
1524 1636 1599 1666 cur
1629 1625 1876 1678 quotidiana

154 1697 355 1750 temporis
397 1696 544 1739 divisio
589 1697 837 1752 immutata,
887 1700 929 1739 et
968 1697 1257 1751 praescriptae
1297 1697 1395 1740 olim
1440 1699 1760 1742 exercitationes
1803 1701 1876 1743 ali-

154 1772 408 1825 quantulum
448 1775 691 1815 contractae
732 1772 907 1823 fuerint3
949 1784 1032 1814 non
1064 1772 1174 1814 enim
1206 1773 1289 1815 alia
1320 1773 1437 1829 [fuit]
1470 1775 1720 1817 succurendi
1752 1776 1874 1833 ratio,

153 1847 426 1900 gravissimae
450 1848 509 1890 rei
542 1848 801 1903 consulendi,
834 1848 1180 1902 quandoquidem
1212 1861 1367 1890 vanum
1399 1853 1512 1892 esset
1531 1850 1573 1892 in
1605 1851 1873 1904 generalibus

153 1923 310 1976 regulis
342 1923 632 1977 praescribere
664 1936 774 1977 quae
797 1924 838 1965 in
872 1923 1204 1977 particularibus
1236 1924 1374 1966 locum
1397 1923 1552 1967 habere
1582 1938 1664 1967 non
1686 1930 1873 1983 possent,

152 2001 228 2040 aut
257 1998 319 2040 ita
348 1999 497 2041 leviter
528 2003 571 2041 et
601 2012 698 2041 raro
730 1999 807 2041 has
838 1999 1126 2042 institutiones
1158 2000 1344 2055 tradere,
1376 2003 1425 2042 ut
1454 2001 1671 2044 illusoriae
1702 2002 1870 2045 omnino

151 2074 312 2116 censeri
344 2074 557 2116 deberent.
618 2075 709 2117 Hoc
741 2078 883 2117 autem
916 2078 1099 2132 tempus,
1131 2075 1245 2129 quod
1279 2076 1524 2119 accessoriis
1556 2076 1799 2133 tribuimus,
1830 2078 1871 2120 in

150 2149 307 2191 latinae
347 2149 516 2202 linguae
557 2149 857 2192 detrimentum
900 2150 1048 2193 cedere
1089 2164 1211 2194 nemo
1251 2152 1551 2203 arbitrabitur,
1594 2152 1666 2205 qui
1697 2166 1873 2207 perpen-

151 2223 273 2280 derit,
304 2237 380 2266 nos
413 2224 519 2267 duas
550 2224 676 2267 horas
709 2229 798 2267 tum
832 2238 955 2268 mane
988 2230 1079 2268 tum
1112 2240 1284 2281 vespere
1315 2228 1412 2270 huic
1445 2231 1670 2282 praecipue
1702 2228 1871 2282 linguae

150 2295 338 2352 integras
381 2300 636 2351 servavisse3
675 2301 711 2343 si
741 2301 862 2354 proin
894 2313 977 2343 non
1015 2301 1190 2344 nimium
1231 2303 1468 2356 praeceptis
1509 2303 1757 2360 haereatur,
1796 2304 1870 2345 sed

149 2375 291 2428 potius
324 2375 365 2417 in
398 2375 561 2429 analysi
593 2388 640 2417 ac
672 2376 907 2418 imitatione
939 2376 1167 2419 authorum
1200 2389 1248 2419 ac
1278 2377 1320 2418 in
1352 2377 1650 2431 scriptionibus
1698 2378 1868 2431 proprio

150 2454 287 2493 marte
318 2450 586 2495 conficiendis
619 2451 739 2505 pueri
771 2454 1061 2507 exerceantur,
1093 2451 1226 2496 facilis
1261 2454 1373 2495 certe
1404 2465 1452 2494 ac
1483 2454 1605 2495 tutus
1628 2452 1796 2495 videtur
1826 2453 1868 2494 in

147 2524 292 2579 lingua
321 2525 453 2567 latina
483 2537 746 2579 progressus.

287 2601 434 2654 Neque
463 2614 538 2644 nos
560 2602 793 2657 praeteriit,
824 2602 1081 2656 quotidianis
1104 2602 1448 2645 meditationibus
1471 2606 1605 2645 totam
1628 2603 1867 2645 studiorum

149 2676 355 2718 rationem
386 2679 725 2730 perscrutantes,
759 2677 914 2719 multas
946 2678 988 2719 in
1021 2691 1070 2720 ea
1100 2677 1332 2720 industrias
1365 2678 1591 2732 contineri,
1625 2679 1799 2733 quibus,
1832 2679 1867 2721 si

149 2751 321 2794 eaedem
353 2751 531 2807 curiose,
564 2751 788 2804 diligenter
819 2756 861 2794 et
894 2755 1138 2795 constanter
1169 2752 1484 2809 adhiberentur,
1515 2754 1638 2796 facile
1660 2754 1803 2797 studia
1825 2755 1866 2796 in

149 2826 333 2880 collegiis
374 2826 531 2869 nostris
572 2838 681 2868 nova
722 2826 763 2868 in
806 2826 893 2869 dies
934 2827 1192 2870 incrementa
1234 2831 1434 2882 caperent
1473 2832 1515 2871 et
1566 2828 1619 2871 ad
1668 2829 1867 2882 antiquae

149 2901 363 2944 societatis
395 2902 662 2956 splendorem
694 2903 867 2957 propius
900 2903 1161 2946 accederent.
1214 2903 1350 2946 Tanta
1380 2907 1446 2946 est
1476 2904 1586 2946 enim
1618 2904 1863 2957 regularum

149 2976 335 3018 omnium
368 2977 594 3033 junctura,
636 2981 756 3020 tanta
795 2978 836 3020 in
880 2979 929 3021 iis
969 2979 1107 3022 elucet
1144 2991 1212 3022 ars
1244 2983 1286 3022 et
1316 2980 1547 3036 sapientia,
1590 2983 1658 3035 ut,
1699 2980 1733 3022 si
1765 2980 1866 3034 quid

150 3051 258 3094 forte
290 3051 331 3093 in
364 3051 516 3095 scholis
547 3053 704 3096 nostris
737 3053 951 3096 hodiernis
983 3054 1123 3097 minus
1155 3067 1358 3109 prospere
1389 3055 1600 3110 procedit,
1640 3068 1721 3097 non
1761 3055 1864 3097 adeo

152 3127 470 3181 antiquatarum
523 3130 788 3182 quarundam
841 3130 1084 3183 regularum
1137 3130 1379 3185 inutilitati,
1431 3143 1558 3184 quam
1611 3130 1864 3184 optimarum
