2164 3535
686 223 961 268 Heranbildung
984 224 1048 258 der
1071 224 1210 259 Lehrer
1237 226 1335 260 1619.
1790 228 1839 268 17
1845 228 1869 268 9

150 364 339 417 linguae,
371 363 619 419 accendere,
652 367 780 417 atque
811 363 852 405 in
885 363 1106 417 disciplina
1135 376 1301 406 morum
1333 362 1522 405 suaviter
1556 366 1599 406 et
1630 365 1874 405 constanter

151 439 333 481 retinere
365 439 540 492 possint.

290 527 326 566 3.
376 526 535 567 Eorum
578 525 677 576 erit,
719 525 943 578 diligenter
982 524 1223 577 attendere,
1265 528 1332 577 ut,
1375 536 1485 577 quae
1519 536 1544 566 a
1576 524 1793 577 Magistris
1827 537 1876 566 ex

153 612 233 641 usu
268 600 446 653 probato
481 604 523 642 et
555 600 797 652 regularum
831 600 1092 653 praescripto
1124 600 1164 641 in
1189 600 1365 653 singulis
1389 599 1596 642 classibus
1618 599 1878 652 praestanda

151 677 264 723 sunt,
296 677 492 716 accurate
525 677 567 715 et
588 674 734 716 ordine
758 678 1050 727 praestentur:
1081 688 1135 717 sc.
1164 678 1392 728 praecepta
1417 675 1572 716 artium
1596 676 1877 727 auctoresque

150 749 375 801 utriusque
406 748 573 801 linguae
601 752 798 790 accurate
821 752 864 790 et
885 749 1192 801 praemeditate
1216 749 1439 805 explicent,
1472 762 1603 803 pensa
1626 749 1877 803 quotidiana

150 823 397 873 memoriae,
440 822 787 875 explicationum,
829 822 1127 877 scriptionum,
1168 824 1491 877 repetitionum,
1524 824 1875 879 disputationum,

150 910 233 939 non
276 900 443 938 tantum
486 897 710 949 diligenter
750 898 1067 953 praescribant,
1111 898 1185 940 sed
1228 898 1337 940 serio
1378 911 1547 952 quoque
1579 902 1623 940 et
1654 899 1878 951 diligenter

150 973 331 1025 exigant.
386 972 521 1014 Usum
553 972 723 1024 linguae
754 971 911 1013 latinae
943 975 1028 1013 tam
1063 972 1230 1025 publice
1262 973 1300 1014 in
1327 973 1493 1029 Schola,
1527 986 1654 1026 quam
1677 973 1876 1026 privatim

151 1050 344 1102 urgeant,
375 1059 451 1088 nec
484 1047 607 1088 aliter
628 1059 753 1099 quam
777 1047 908 1088 latine
928 1046 1149 1099 loquentes
1173 1047 1361 1094 audiant,
1395 1052 1437 1090 et
1458 1061 1564 1101 pure
1587 1060 1634 1090 ac
1656 1049 1872 1101 eleganter

151 1123 265 1175 loqui
299 1116 490 1173 doceant,
523 1134 659 1174 neque
692 1122 815 1163 aliter
846 1121 925 1175 ipsi
958 1121 1202 1174 loquantur.

289 1210 326 1250 4.
376 1208 535 1251 Curare
566 1209 667 1250 item
701 1209 868 1260 debent,
900 1211 948 1250 ut
969 1209 1163 1263 Magistri
1192 1212 1360 1263 tempus
1382 1209 1599 1252 fructuose
1621 1209 1876 1265 expendant,

151 1297 233 1326 non
267 1284 403 1336 otiosi,
435 1297 524 1338 nec,
557 1284 645 1326 sine
678 1288 794 1326 recta
827 1285 990 1326 ratione
1023 1285 1156 1327 literis
1186 1288 1228 1327 et
1249 1285 1368 1327 libris
1390 1285 1555 1337 intenti,
1589 1297 1694 1338 vage
1717 1284 1877 1338 absque

152 1359 298 1401 ordine
331 1362 374 1400 et
406 1358 570 1401 delectu
603 1358 774 1412 quosvis
807 1359 1136 1411 perlustrantes,
1175 1359 1249 1402 sed
1280 1359 1449 1401 utilium
1482 1360 1691 1401 duntaxat
1731 1359 1880 1401 autho-

151 1448 245 1476 rum
282 1434 449 1476 lectioni
493 1434 654 1486 optima
685 1433 883 1475 methodo
916 1434 1125 1476 insistant.
1189 1434 1312 1477 Unde
1345 1447 1440 1476 cum
1473 1434 1608 1476 solida
1640 1435 1878 1477 eruditione

152 1522 303 1563 puram
337 1512 379 1550 et
412 1509 567 1550 cultam
600 1508 854 1550 latinitatem
888 1509 1121 1561 addiscere,
1155 1513 1197 1551 et
1228 1510 1332 1551 alios
1366 1509 1516 1551 docere
1539 1510 1717 1566 possint,
1751 1512 1878 1563 atque

153 1587 201 1626 ut
233 1585 274 1625 in
307 1584 534 1636 scriptione
566 1585 651 1625 tam
687 1583 827 1625 soluta
859 1596 985 1637 quam
1017 1584 1150 1637 ligata
1181 1584 1406 1637 utriusque
1438 1584 1626 1637 linguae,
1671 1589 1876 1637 quantum

152 1663 318 1712 tempus
350 1659 457 1700 feret
488 1670 563 1711 pro
595 1670 670 1699 suo
703 1658 830 1699 etiam
861 1658 1028 1711 privato
1060 1659 1252 1712 profectu
1281 1672 1373 1701 sese
1406 1659 1568 1700 utiliter
1590 1663 1813 1701 exerceant
1837 1661 1879 1701 et

153 1733 377 1785 diligenter
408 1733 642 1775 attendant.

298 1821 334 1861 5.
385 1818 588 1860 Similiter
619 1821 666 1860 ut
706 1820 1022 1872 praeparationi
1064 1832 1140 1872 pro
1172 1832 1346 1861 munere
1389 1832 1465 1862 suo
1508 1820 1548 1861 in
1583 1819 1744 1862 Scholis
1784 1832 1878 1862 cum

154 1896 297 1937 fructu
330 1898 372 1937 et
406 1894 592 1936 utilitate
624 1894 817 1936 obeundo
859 1895 1061 1948 temporis
1104 1898 1145 1936 et
1187 1908 1339 1948 operae
1382 1895 1629 1948 impendant
1670 1897 1878 1948 quantum

153 1970 257 2012 satis
291 1973 375 2025 est,
418 1973 460 2011 et
491 1973 538 2010 ut
575 1969 627 2010 ad
661 1969 963 2022 discipulorum
1006 1970 1174 2022 ingenia
1215 1973 1363 2023 aptum
1406 1970 1569 2012 dicendi
1602 1970 1774 2012 modum
1815 1983 1878 2011 se-

153 2048 365 2100 quantur,
398 2044 615 2098 discipulis
648 2057 740 2086 sese
770 2044 1023 2097 liberaliter,
1055 2044 1237 2107 humane
1269 2049 1311 2086 et
1342 2047 1586 2087 constanter
1617 2044 1878 2100 impendant,

156 2133 242 2173 qua
275 2120 483 2175 docendo,
525 2132 609 2173 qua
641 2119 942 2169 examinando,
982 2132 1067 2173 qua
1100 2119 1281 2172 denique
1312 2119 1674 2172 interrogantibus
1706 2131 1880 2173 respon-

154 2195 301 2236 dendo.
363 2194 734 2248 Disputationibus
766 2207 849 2236 non
881 2198 1050 2236 tantum
1082 2195 1294 2249 intersint,
1328 2194 1401 2236 sed
1435 2195 1621 2247 dirigant
1653 2195 1796 2245 etiam,
1829 2197 1878 2234 ut

154 2282 248 2311 cum
280 2269 423 2311 fructu
455 2268 572 2323 fiant,
606 2272 648 2311 et
680 2270 784 2311 alios
816 2270 984 2311 interim
1018 2272 1205 2311 attentos
1236 2272 1420 2312 teneant.

292 2358 328 2397 6.
393 2356 611 2406 Quomodo
658 2359 800 2398 autem
848 2357 1028 2409 quisque
1073 2356 1377 2409 Magistrorum
1424 2357 1464 2397 in
1514 2356 1636 2398 dictis
1684 2355 1877 2397 omnibus

155 2430 339 2474 officium
371 2431 513 2487 faciat,
546 2432 703 2473 referre
735 2435 963 2473 teneantur
993 2430 1202 2473 Praefecti
1234 2431 1487 2472 Rectoribus
1519 2430 1695 2483 singulis
1727 2430 1879 2471 mensi-

153 2506 245 2559 bus,
279 2508 321 2547 et
351 2505 394 2547 hi
425 2506 675 2548 Provinciali
708 2506 770 2547 bis
804 2518 933 2560 anno,
974 2518 1117 2547 mense
1149 2505 1353 2547 Januario
1387 2509 1429 2547 et
1460 2506 1588 2561 Iulio,
1631 2505 1876 2559 explicando

153 2580 279 2622 simul
319 2580 540 2636 distincte,
583 2580 634 2622 ad
679 2593 806 2634 quam
846 2581 1026 2633 quisque
1069 2580 1244 2622 classem
1288 2580 1519 2622 docendam
1561 2580 1602 2622 in
1646 2580 1878 2633 proximam

154 2655 393 2697 studiorum
426 2655 742 2697 renovationem
775 2668 818 2697 se
850 2655 1014 2708 privato
1049 2655 1190 2697 studio
1222 2655 1420 2696 idoneum
1452 2655 1600 2698 fecisse
1631 2655 1839 2697 videatur.

293 2745 330 2784 7.
381 2742 634 2795 Praelegant
670 2743 871 2784 Rectores
911 2754 1048 2783 annue
1087 2741 1139 2783 ad
1176 2742 1344 2783 initium
1382 2742 1621 2784 studiorum
1658 2740 1877 2794 Magistris

155 2817 348 2859 omnibus
380 2818 867 2874 praesente-Praefecto,
900 2829 1008 2869 quae
1040 2817 1087 2858 R.
1112 2817 1156 2857 P.
1181 2817 1389 2859 Visitator
1413 2816 1607 2858 Busaeus
1630 2815 1875 2857 Provinciae

156 2905 191 2934 a.
221 2894 343 2934 1609.
377 2892 591 2946 sapienter
621 2893 914 2946 praescripsit3
946 2905 998 2934 ne
1028 2904 1084 2934 sc.
1118 2892 1258 2945 legere
1290 2893 1454 2946 possint
1474 2893 1641 2947 Poetas,
1675 2904 1747 2933 seu
1772 2891 1876 2932 alios

154 2967 286 3009 libros
337 2967 524 3020 impuros
577 2967 666 3010 sine
718 2967 921 3009 facultate
966 2967 1264 3023 Provincialis,
1311 2967 1499 3009 studium
1546 2978 1745 3019 graecum
1793 2978 1877 3018 qua

155 3042 320 3084 ratione
350 3042 681 3095 promovendum
721 3042 796 3096 sit,
838 3041 889 3083 de
929 3041 1113 3094 regenda
1149 3042 1375 3095 juventute
1416 3041 1605 3084 suaviter
1645 3040 1787 3093 potius
1829 3051 1877 3081 ac

155 3117 411 3171 liberaliter,
451 3129 576 3169 quam
608 3129 775 3171 severe,
816 3117 867 3158 de
909 3116 1130 3158 honestate
1173 3120 1215 3159 et
1258 3116 1547 3159 moderatione
1586 3114 1793 3158 servanda
1836 3114 1877 3156 in

1607 3186 1671 3218 12*
