2164 3535
231 218 312 260 348
812 215 887 250 Das
914 214 1176 249 Theresianum
1202 214 1238 249 in
1265 214 1384 249 Wien.

231 356 374 411 Syllae
419 356 661 399 libertatem
710 356 990 398 reddiderunt
1041 356 1377 410 impossibilem‘.>
1458 355 1567 406 Quid
1620 355 1958 409 Proscriptiones

230 431 371 485 Syllae
411 431 509 473 mali
547 431 785 473 intulerunt
817 432 1040 484 regimini?
1103 431 1322 482 Quomodo
1355 432 1510 474 sensim
1543 431 1721 473 Romani
1754 431 1958 484 deposue-

231 510 332 548 runt
363 506 505 548 odium
539 505 819 559 Tyrannidis‘?

370 581 486 631 Quae
525 581 642 633 origo
675 581 980 634 magnitudinis
1023 582 1065 623 in
1096 582 1330 635 Pompeio?
1392 582 1472 634 Qui
1515 582 1623 635 genii
1657 582 1819 633 Crassi,
1862 581 1962 624 Cae-

231 656 360 703 saris,
404 656 614 710 Pompeii,
657 656 892 707 Ciceronis,
935 656 1128 713 Catonis,
1172 657 1409 700 Catilinae?
1472 657 1633 708 Quibus
1680 656 1756 699 viis
1803 656 1962 699 Caesar

230 731 392 773 crevit‘?

370 807 588 857 Quomodo
622 807 954 849 Triumviratum
986 808 1203 850 instituit?
1266 808 1379 858 Quos
1419 807 1569 850 habuit
1606 808 1672 850 1116
1704 808 1961 850 successus?

368 882 484 932 Quae
515 882 580 924 hic
614 883 880 925 diversorum
911 883 1152 926 molimina?

369 957 589 1008 Quomodo
623 958 676 999 ad
710 958 865 1000 bellum
899 958 1018 1000 civile
1051 958 1314 1000 devenerunt
1346 958 1503 1000 Caesar
1535 961 1578 1000 et
1608 958 1865 1012 Pompeius?

369 1032 478 1083 Quid
509 1032 576 1075 hic
608 1046 633 1075 a
664 1032 825 1076 Senatu
857 1034 1111 1087 peccatum?
1173 1033 1282 1084 Quid
1314 1033 1499 1088 perdidit
1530 1033 1806 1087 Pompeium?

373 1107 482 1158 Quid
514 1112 801 1162 peccaverunt
832 1109 1054 1151 interfecto
1087 1108 1269 1151 Caesare
1302 1108 1536 1162 Conjurati„
1570 1108 1672 1162 quid
1704 1108 1916 1151 Senatus?

372 1183 592 1234 Quomodo
626 1196 671 1225 se
703 1188 804 1226 tunc
827 1187 1052 1237 gesserunt
1074 1184 1235 1239 Cicero,
1256 1184 1480 1239 Antonius,
1505 1183 1721 1240 Octavius,
1745 1183 1961 1238 Lepidus?

367 1259 477 1310 Quid
510 1259 562 1300 ad
596 1259 872 1302 obtinendum
907 1260 1128 1313 Imperium
1161 1259 1322 1313 profuit
1354 1260 1547 1312 Augusto
1579 1259 1792 1301 maxime?

369 1340 587 1390 Quomodo
619 1341 711 1394 ipsa
749 1341 808 1382 illi
840 1340 1095 1394 profuerunt
1126 1341 1261 1382 vitia?
1310 1353 1385 1382 cur
1426 1353 1509 1382 uno
1552 1340 1712 1393 praelio
1754 1340 1804 1382 lis
1848 1340 1961 1382 inter

230 1415 347 1456 illum
382 1418 424 1457 et
455 1416 687 1458 Antonium
728 1416 969 1469 dirempta?
1033 1416 1173 1466 Quare
1205 1416 1426 1469 Augustus
1459 1428 1597 1457 mores
1630 1415 1821 1469 publicos
1853 1416 1960 1458 frae-

232 1491 349 1531 navit
380 1504 485 1543 (11105
520 1492 743 1545 Pompeius
779 1492 933 1545 aliique
965 1493 1036 1545 11111
1070 1492 1122 1533 ad
1156 1492 1385 1545 Imperium
1419 1491 1728 1546 aspiraverant,
1763 1503 1961 1545 corrupe-

232 1567 357 1607 rant?
403 1566 514 1607 unde
547 1567 728 1609 clemens
761 1567 902 1609 subito
945 1566 1103 1617 factus,
1146 1567 1216 1620 (1111
1260 1569 1385 1608 antea
1425 1569 1513 1607 tam
1553 1566 1766 1609 crudelis‘.>
1828 1567 1961 1617 Quale

230 1641 414 1694 regimen
448 1641 714 1683 introduxit?
748 1655 823 1684 cur
854 1642 1015 1696 placuit
1047 1643 1137 1696 ejus
1170 1642 1355 1694 regimen
1388 1641 1438 1683 iis
1469 1641 1623 1695 quibus
1653 1641 1840 1694 regimen
1863 1643 1960 1684 Iulii

229 1716 423 1758 Caesaris
457 1717 763 1770 displicuerat?
811 1730 944 1770 quare
987 1717 1150 1759 rariora
1192 1717 1270 1759 sub
1314 1730 1361 1758 eo
1404 1717 1518 1758 facta
1558 1720 1656 1758 sunt
1696 1717 1838 1759 bella?
1885 1731 1960 1760 cur

230 1790 424 1833 Civitatis
459 1796 501 1833 et
524 1793 755 1835 Libertatis
789 1792 1010 1834 donandae
1042 1795 1131 1834 tam
1164 1792 1346 1846 parcus?
1378 1791 1589 1845 quomodo
1620 1805 1708 1834 rem
1732 1792 1958 1835 militarem

230 1867 469 1910 ordinavit?
502 1880 576 1909 cur
609 1872 722 1911 artes
756 1872 798 1911 et
829 1867 1026 1910 scientias
1061 1867 1216 1909 coluit?

368 1943 476 1994 Quid
515 1947 554 1985 in
599 1944 741 1986 decem
785 1944 931 1997 primis
965 1943 1218 1986 Caesaribus
1259 1956 1333 1985 5611
1368 1942 1507 1995 quoad
1548 1942 1716 1995 genium
1748 1955 1824 1985 seu
1856 1956 1958 1997 quo—

230 2018 282 2059 ad
332 2018 599 2061 characteres
646 2019 815 2060 illorum
860 2019 1094 2060 notandum
1142 2018 1350 2060 maxime?
1412 2030 1522 2071 quae
1569 2018 1793 2061 diversitas
1848 2019 1959 2061 inter

229 2093 397 2145 genium
431 2094 585 2135 Tiberii
619 2098 660 2135 et
690 2094 901 2147 Augusti?
946 2094 1058 2135 unde
1090 2093 1280 2135 adulatio
1313 2094 1514 2136 senatus?
1577 2094 1685 2144 Quid
1727 2094 1827 2136 mali
1858 2094 1958 2136 fecit

233 2168 425 2210 Tiberius
475 2169 704 2210 auferendo
748 2170 819 2222 jus
867 2169 1110 2210 nominandi
1157 2169 1439 2222 Magistratus
1494 2169 1684 2223 Populo?
1765 2169 1958 2223 Caligula

230 2243 342 2285 unde
374 2246 461 2284 tam
494 2244 630 2285 malus
654 2244 861 2285 Dominus
895 2245 966 2297 qui
999 2257 1147 2286 servus
1180 2248 1269 2286 tam
1302 2245 1468 2287 bonus?
1500 2258 1575 2287 cur
1607 2245 1791 2287 abolevit
1821 2245 1954 2298 legem

231 2318 467 2372 Maiestatis
508 2322 550 2360 et
582 2332 691 2371 quae
731 2319 828 2361 illa?
876 2319 987 2361 unde
1029 2322 1151 2361 tanta
1192 2320 1422 2362 crudelitas
1460 2320 1502 2361 in
1544 2320 1712 2362 homine
1740 2320 1957 2363 Romano?

230 2393 341 2435 unde
372 2393 529 2436 ferocia.
560 2395 600 2435 in
635 2395 755 2448 genio
789 2396 966 2437 Romani
998 2396 1169 2449 populi?
1216 2395 1328 2438 unde
1366 2396 1593 2449 placebant
1623 2396 1823 2438 Romanis
1855 2396 1955 2438 mali

229 2470 541 2522 Imperatores&
603 2470 712 2520 Quid
745 2470 947 2512 Claudius
981 2470 1090 2512 circa
1118 2470 1279 2523 judicia
1310 2471 1582 2514 immutavit?
1614 2471 1726 2513 unde
1758 2471 1956 2514 absoluta

230 2543 334 2585 adeo
384 2544 614 2586 Caesarum
661 2546 881 2598 potestas?
933 2559 1041 2599 quae
1089 2559 1217 2589 causa
1264 2547 1376 2600 quod
1424 2547 1484 2588 ita
1530 2547 1701 2589 viluerit
1746 2547 1956 2600 populus?

231 2619 351 2669 Quod
384 2620 541 2661 malum
574 2634 621 2661 ex
660 2621 944 2663 invalescente
985 2621 1166 2664 militia?
1214 2622 1315 2674 quid
1348 2622 1460 2663 Nero
1505 2622 1615 2664 circa
1656 2621 1954 2675 Congiarium?

230 2693 331 2746 quid
364 2694 415 2736 de
445 2695 720 2749 Vespasiano,
755 2696 863 2751 Tito,
894 2697 1163 2739 Domitiano?

369 2768 485 2819 Quae
520 2781 671 2812 causae
704 2770 934 2814 deficientis
975 2771 1152 2814 Saeculo
1195 2771 1380 2813 secundo
1422 2771 1622 2825 Imperii?
1670 2784 1745 2813 cur
1785 2771 1955 2825 Trajani

231 2844 282 2885 de
313 2844 483 2886 Parthis
516 2844 716 2887 victoriae
758 2849 844 2887 tam
885 2846 1099 2888 celebres?
1161 2846 1270 2896 Quid
1311 2846 1390 2887 sub
1422 2845 1669 2887 Hadriano?
1731 2846 1842 2897 Quid
1872 2846 1956 2888 An-

234 2919 370 2960 tonios
404 2921 489 2960 tam
523 2920 655 2960 bonos
690 2921 899 2963 reddidit?
932 2921 1043 2963 unde
1076 2932 1327 2974 progressus
1359 2920 1525 2962 Stoicae
1557 2924 1648 2961 tuin
1672 2921 1955 2974 Disciplinae?

231 2994 340 3043 Quid
379 2994 477 3035 mali
520 2995 619 3035 fecit
660 2995 843 3036 venditio
888 2996 1057 3048 Imperii
1100 2999 1196 3048 post
1239 2995 1545 3037 Commodum?
1595 2995 1687 3047 quis
1721 2995 1955 3038 Serverus?

230 3080 362 3120 quare
405 3070 491 3109 tam
540 3069 660 3110 facile
708 3072 801 3110 erat
848 3070 1006 3111 Romae
1052 3070 1197 3111 haberi
1244 3069 1480 3122 Principem
1529 3070 1801 3123 Tyrannum?
1852 3071 1953 3123 quid

230 3146 466 3184 nocuerunt
498 3143 671 3196 impeiio
705 3144 794 3196 ejus
824 3144 1186 3198 proscriptiones?
1218 3144 1327 3185 unde
1351 3147 1576 3186 enervatae
1599 3145 1811 3198 legiones?
1842 3145 1953 3188 unde
