2164 3535
177 198 259 237 ‘264
464 193 715 228 Gemeinsame
743 191 1080 235 Convictsordnung
1105 190 1169 225 der
1194 194 1320 225 osterr.
1348 190 1500 225 Provinz
1529 193 1627 226 1654.

767 528 1039 572 Instructio
1072 527 1135 570 Et
1165 527 1314 582 Leges

257 614 353 656 Pro
385 610 652 654 Praefectis
684 611 987 653 Musaeorum
1020 609 1072 651 in
1106 607 1415 652 Convictibus
1447 609 1496 652 et
1528 606 1832 663 Seminarijs.

324 741 358 780 1.
407 736 723 779 praefectorum
756 734 940 777 officium
972 734 1053 776 erit
1085 734 1287 776 adiuvare
1320 735 1551 786 Regentem
1583 734 1625 775 in
1658 733 1910 775 instruenda

186 817 227 857 et
269 812 529 855 moderanda
560 812 802 863 iuventute,
846 823 955 863 quae
997 810 1037 851 in
1071 809 1268 863 Collegijs
1297 812 1301 861 Ι
1331 812 1373 851 et
1405 809 1650 862 Seminarijs
1694 808 1831 863 degit,
1869 808 1911 850 in

185 890 260 944 ijs,
292 902 401 942 quae
434 887 487 930 ad
529 887 755 940 pietatem,
800 886 932 928 bonos
965 897 1128 933 mores,
1173 885 1225 926 ad
1267 885 1487 926 literarum
1519 884 1663 926 studia
1694 886 1911 938 spectant2

185 977 275 1007 eam
310 962 486 1017 proinde
517 962 691 1004 habebit
724 961 904 1014 quisque
928 962 1187 1014 potestatem
1219 960 1260 1001 in
1294 959 1372 1002 sibi
1397 959 1656 1009 commissos,
1689 971 1798 1012 quae
1830 958 1912 1001 illis

185 1038 494 1082 communicata
525 1037 665 1080 fuerit.

329 1127 366 1167 2.
417 1126 558 1176 Quare
589 1124 835 1167 facultatem
869 1124 933 1166 vel
965 1123 1277 1164 immunitatem
1319 1122 1473 1164 nemini
1515 1122 1645 1164 ullam
1685 1121 1916 1164 concedent

187 1203 276 1245 sine
308 1201 484 1244 arbitrio
517 1200 733 1253 Regentis,
766 1212 904 1252 neque
938 1198 1120 1250 aliquem
1155 1197 1279 1239 domo
1313 1197 1521 1247 emittent,
1556 1199 1631 1238 aut
1662 1197 1752 1240 eius
1786 1209 1915 1250 opera

188 1278 273 1327 ullo
317 1276 442 1318 modo
485 1278 685 1330 utentur,
732 1287 869 1327 neque
909 1273 1081 1326 gravius
1125 1272 1408 1325 castigabunt.
1472 1273 1520 1314 In
1564 1272 1915 1325 gubernationem
1962 1309 1964 1312 .

187 1365 286 1395 vero
331 1352 481 1394 domus
523 1350 639 1392 nulla
682 1349 845 1391 ratione
888 1361 981 1391 sese
1021 1348 1237 1400 ingerent,
1280 1360 1416 1401 neque
1455 1347 1640 1390 familiae
1682 1347 1914 1401 quidquam

187 1428 470 1482 imperabunt.

329 1517 367 1558 3.
416 1514 500 1557 Sed
535 1513 645 1556 omni
684 1512 826 1555 studio
868 1511 1103 1561 enitantur,
1146 1514 1194 1552 ut
1224 1511 1503 1552 Alumnorum
1544 1514 1586 1551 et
1618 1510 1917 1552 Convictorum

190 1595 303 1647 leges
337 1591 390 1634 ab
423 1589 617 1632 omnibus
650 1591 892 1642 serventur,
935 1600 1005 1629 eas
1048 1587 1203 1628 idcirco
1236 1589 1480 1640 perspectas
1513 1588 1555 1627 et
1586 1584 1815 1627 familiares
1846 1585 1919 1627 ha-

192 1669 343 1723 beant,
387 1669 428 1708 et
461 1665 512 1707 ad
545 1676 691 1706 earum
732 1662 1046 1705 observantiam
1087 1661 1266 1704 subinde
1307 1661 1387 1715 pijs
1427 1660 1671 1716 colloquijs,
1712 1660 1918 1714 imprimis

191 1746 335 1786 autem
367 1741 476 1783 bono
509 1739 697 1792 exemplo
732 1738 900 1780 ducant.

331 1831 369 1871 4.
410 1827 643 1878 Cavebunt,
675 1839 749 1881 ue,
782 1825 883 1866 dum
914 1825 955 1866 in
989 1824 1167 1866 aliorum
1200 1824 1403 1865 auxilium
1435 1824 1678 1878 mittuntur,
1711 1824 1918 1865 iacturam

192 1907 273 1960 ipsi
304 1904 525 1958 patiantur
555 1902 596 1943 in
630 1900 816 1955 Spiritu,
857 1900 1010 1954 studijs
1051 1913 1097 1942 ac
1130 1899 1396 1954 valetudine,
1431 1898 1616 1952 alioquin
1657 1897 1919 1952 superiorem

193 1979 491 2024 admonebunt.
540 1976 721 2019 Proinde
743 1975 1045 2028 meditationis,
1078 1975 1280 2017 examinis
1314 1974 1593 2017 conscientiae
1628 1973 1915 2026 orationisque

193 2062 386 2109 tempora
419 2056 564 2095 exacte
596 2051 847 2100 servabunt,
888 2064 969 2092 non
999 2054 1003 2102 1
1032 2063 1152 2092 secus
1185 2063 1312 2104 quam
1344 2051 1386 2091 in
1420 2049 1629 2103 Collegijs.
1694 2049 1756 2090 Ex
1788 2048 1919 2091 sacris

195 2144 293 2174 vero
327 2134 369 2172 et
400 2127 670 2172 concionibus
703 2141 755 2169 ne
787 2127 966 2168 Iuvenes
1000 2128 1228 2168 excurrant
1260 2126 1323 2166 vel
1356 2125 1596 2166 immodesti
1628 2125 1733 2179 sint,
1772 2123 1919 2177 invigi-

195 2206 356 2249 labunt.

336 2294 372 2333 5.
414 2292 552 2333 Curae
582 2302 685 2332 suae
718 2289 961 2331 commissos
994 2289 1055 2330 ita
1086 2289 1127 2329 in
1160 2288 1453 2342 spiritualibus
1485 2287 1726 2339 instituant,
1759 2290 1808 2328 ut
1838 2299 1920 2328 non

199 2369 334 2410 solum
369 2366 529 2408 assidui
561 2366 646 2407 sint
684 2365 725 2406 in
758 2364 915 2417 sacris,
955 2363 1224 2406 concionibus
1258 2363 1435 2417 alijsque
1479 2361 1623 2415 officijs
1665 2362 1706 2403 in
1750 2361 1922 2417 templo,

198 2443 260 2484 uti
294 2442 422 2483 etiam
455 2440 508 2482 ad
541 2452 687 2481 eorum
719 2439 971 2480 modestiam
1012 2438 1156 2480 sedulo
1200 2437 1502 2490 invigilabunt,
1545 2437 1618 2479 sed
1655 2437 1830 2490 insuper
1870 2436 1922 2478 ad

198 2517 438 2560 recitandas
470 2515 518 2558 B.
552 2514 738 2567 Virginis
771 2513 922 2565 horas,
962 2513 1014 2555 ad
1048 2512 1369 2555 examinandam
1403 2512 1701 2554 conscientiam
1734 2511 1924 2564 aliasque

199 2605 344 2647 preces
377 2590 566 2644 quotidie
598 2588 898 2642 persolvendas
933 2600 1004 2629 eos
1027 2587 1244 2643 inducant,
1278 2587 1594 2640 monebuntque
1616 2587 1849 2639 Regentem
1872 2585 1923 2627 de

200 2668 348 2709 diebus
393 2664 658 2717 assignandis
692 2663 764 2705 SS.
801 2662 1062 2705 Confessioni
1104 2666 1146 2704 et
1178 2661 1494 2713 Communioni,
1538 2661 1799 2715 schedasque
1842 2664 1924 2703 exi-

203 2746 303 2796 gent
334 2745 598 2791 menstruas,
641 2742 688 2780 ut
719 2739 986 2780 Professores
1029 2742 1070 2779 et
1108 2737 1338 2790 Magistros
1381 2736 1622 2779 scholarum
1663 2737 1714 2778 de
1751 2738 1925 2789 peracta

201 2817 461 2861 confessione
494 2815 693 2857 certiores
726 2814 903 2856 reddere
934 2814 1109 2867 possint.

341 2906 378 2945 6.
431 2903 618 2955 Quisque
660 2915 759 2944 suos
802 2902 855 2943 ad
898 2901 1104 2943 orandum
1139 2904 1281 2953 coget:
1324 2911 1468 2946 mane,
1513 2902 1740 2952 postquam
1778 2911 1822 2940 se
1865 2898 1925 2939 in-

204 2978 387 3031 duerint,
420 2981 462 3019 et
483 2977 660 3030 vesperi,
685 2980 913 3029 antequam
938 2976 1206 3029 decumbant,
1239 2976 1288 3028 ijs
1312 2975 1516 3020 aderunt;
1549 2974 1760 3015 curabunt
1781 2973 1923 3023 etiam,

205 3059 253 3096 ut
283 3054 455 3096 modum
488 3053 752 3095 ministrandi
785 3065 925 3103 sacro,
965 3051 1239 3094 benedicendi
1271 3062 1459 3092 mensam
1493 3054 1535 3090 et
1566 3049 1725 3101 gratias
1759 3047 1923 3100 agendi,

205 3129 469 3171 examinandi
503 3129 801 3171 conscientiam
834 3133 876 3169 et
908 3127 1131 3169 confitendi
1164 3126 1293 3179 probe
1327 3128 1508 3166 teneant.
1541 3128 1545 3176 l

2131 7 2151 130 ''i-..22-;
