2164 3535
681 275 756 309 Fur
781 275 850 309 den
877 273 1220 318 Studienprafekten
1248 275 1345 308 1832.
1789 274 1869 314 451

157 427 283 456 cursu
315 414 600 467 philosophico
633 414 806 467 (Logica
837 413 1014 467 scilieet,
1046 412 1225 466 Physica
1256 413 1298 453 et
1329 410 1654 465 Metaphysica),
1688 421 1871 462 quarum

158 502 437 542 unaquaeque
470 490 553 530 tria
585 489 771 530 membra
803 489 953 530 saltem
985 487 1176 542 habebit,
1216 485 1519 528 examinandus
1551 483 1776 526 defendere
1807 483 1877 525 de-

156 564 290 613 bebit,
334 576 407 605 eae
448 567 590 605 tamen
631 577 722 606 esse
762 564 916 605 debent
948 563 1256 617 conclusiones,
1299 566 1348 603 ut
1379 561 1597 603 minimum
1628 559 1877 613 praecipuas

156 638 407 690 Theologiae
449 643 491 680 et
532 638 827 692 Philosophiae
868 637 1139 679 difficultates
1183 640 1224 679 et
1261 636 1460 678 materias
1499 634 1728 676 involvant.
1793 633 1879 687 (In-

155 715 304 754 struct.
333 714 381 754 19
415 713 438 766 §
462 713 518 763 3.)

292 789 329 829 2.
380 787 562 829 Materia
600 787 848 828 examinis
889 787 1041 828 annui
1084 789 1149 828 est
1186 798 1235 828 ea
1273 786 1421 841 omnis,
1463 799 1572 840 quae
1605 798 1630 827 a
1660 783 1876 837 Magistris

155 866 246 904 toto
279 862 377 904 anni
410 861 618 903 currentis
651 861 789 914 spatio
823 861 982 902 tradita
1014 860 1113 915 fuit,
1145 861 1344 913 exceptiis
1377 860 1447 916 iis,
1488 873 1597 913 quae
1629 860 1708 902 sub
1739 860 1879 912 ipsum

155 937 356 978 examinis
388 940 554 989 tempus
588 936 885 991 decurruntur,
917 934 1125 977 Praefecti
1153 935 1391 976 studiorum
1410 934 1570 988 judicio
1595 933 1877 988 designandis,

155 1010 281 1064 idque
323 1011 409 1053 sive
450 1011 590 1053 theses
631 1010 914 1052 adhibeantur
946 1009 999 1051 ad
1031 1022 1226 1063 examen,
1269 1009 1356 1050 sive
1386 1021 1481 1050 non.
1541 1008 1763 1061 (Congreg.
1796 1007 1870 1049 XI.

155 1085 323 1127 decreto
356 1087 442 1137 24.)

293 1162 330 1202 3.
380 1160 559 1202 Materia
602 1160 846 1202 examinis
892 1160 940 1201 in
987 1159 1165 1201 ordine
1202 1158 1263 1200 ad
1302 1157 1661 1200 Sacerdotium
1703 1160 1746 1198 et
1786 1169 1880 1198 con-

155 1236 358 1278 fessiones
397 1235 685 1290 excipiendas,
727 1239 775 1277 ut
813 1248 888 1288 per
919 1247 964 1277 se
995 1237 1136 1289 patet,
1181 1234 1316 1276 omnis
1348 1234 1420 1275 illa
1452 1245 1544 1275 esse
1578 1232 1724 1283 debet,
1768 1232 1880 1273 unde

158 1315 319 1353 certum
337 1310 544 1363 judicium
569 1309 741 1352 formari
762 1310 897 1364 possit
929 1309 1277 1362 (comprehendat
1300 1309 1459 1351 scilicet
1487 1308 1727 1349 universam
1750 1307 1881 1348 Theo-

156 1386 310 1438 logiam
332 1385 570 1439 moralem),
602 1397 860 1438 quemquam
883 1387 1047 1426 tantam
1070 1384 1225 1426 habere
1247 1384 1497 1439 doctrinam,
1529 1387 1578 1425 ut
1599 1382 1879 1425 confessiones

157 1459 372 1501 fructuose
406 1460 552 1501 audire
584 1460 741 1513 possit,
772 1460 813 1500 in
848 1472 929 1512 quo
964 1459 1151 1512 graviter
1183 1462 1387 1500 oneratur
1418 1458 1754 1500 examinatorum
1786 1469 1881 1498 con-

158 1534 331 1576 scientia
362 1538 410 1576 ut
441 1535 481 1575 in
515 1547 560 1576 re
591 1535 732 1587 magni
764 1534 964 1576 momenti
998 1533 1050 1575 ad
1080 1534 1353 1587 praecipuam
1374 1533 1632 1574 functionem
1656 1532 1878 1574 Societatis

158 1613 200 1651 et
232 1609 413 1651 salutem
446 1609 693 1650 animarum.
756 1609 978 1663 (Congreg.
1001 1609 1118 1651 XIII.
1154 1610 1274 1651 Decr.
1303 1610 1387 1661 16.)

295 1692 332 1731 4.
380 1690 563 1731 Materia
601 1690 801 1731 examinis
841 1702 889 1731 ex
922 1689 1275 1744 Metaphysica
1312 1691 1400 1731 sive
1431 1702 1481 1731 ex
1514 1689 1713 1731 universa
1743 1688 1880 1730 Philo-

157 1764 305 1818 sophia
336 1764 653 1818 comprehendit
684 1768 727 1806 et
756 1765 955 1818 Logicam
986 1768 1030 1806 et
1060 1764 1296 1819 Physicam,
1328 1764 1427 1806 lieet
1458 1767 1584 1806 antea
1615 1776 1664 1805 ex
1696 1763 1758 1805 his
1790 1764 1874 1816 jam

159 1838 287 1880 fuerit
317 1839 476 1880 factum
508 1852 701 1895 examen,
740 1843 867 1892 prout
898 1842 1018 1893 patet
1049 1852 1098 1880 ex
1130 1840 1153 1893 ξ
1179 1842 1197 1880 1
1234 1851 1318 1892 reg.
1346 1840 1396 1880 19
1428 1838 1723 1893 Provincialis,
1756 1837 1881 1879 Prae-

157 1914 256 1956 fecti
289 1914 527 1956 studiorum
558 1927 643 1967 reg.
669 1915 722 1956 23
755 1918 797 1956 et
828 1916 852 1968 ξ
878 1917 894 1955 1
932 1914 1111 1957 decretis
1135 1916 1159 1956 3
1193 1914 1397 1967 Congreg.
1422 1914 1515 1955 VII.

188 2004 190 2006 ’
295 1989 343 2031 B.
405 1990 581 2033 Modus
624 1990 839 2033 Examinis
880 1991 915 2032 is
959 2003 1051 2032 esse
1090 1990 1216 2032 debet
1255 1994 1296 2032 et
1336 1990 1445 2031 solet
1482 1990 1524 2030 in
1557 1988 1790 2041 Societate,
1832 1991 1881 2029 ut

160 2065 482 2107 Examinatores
514 2078 596 2107 non
619 2066 793 2106 nimium
816 2065 1016 2107 insistant
1038 2065 1300 2118 argumentis
1324 2064 1397 2107 sed
1420 2078 1496 2118 per
1517 2064 1654 2105 varias
1678 2062 1877 2104 materias

160 2140 401 2181 discurrant
432 2141 594 2196 potius,
638 2144 686 2181 ut
718 2144 945 2193 appareat,
980 2140 1190 2193 quomodo
1221 2140 1262 2181 in
1295 2140 1344 2181 iis
1378 2139 1645 2181 examinandi
1677 2138 1762 2179 sint
1792 2150 1882 2179 ver-

158 2215 240 2256 sati
272 2215 399 2267 (visit.
425 2214 534 2257 Sicil.
572 2217 636 2257 13.
662 2216 758 2257 Iulii
792 2216 916 2271 1601,
948 2216 1048 2257 item
1080 2216 1159 2257 hoc
1191 2218 1256 2257 est
1286 2216 1498 2257 conforme
1530 2215 1631 2266 Reg.
1657 2214 1709 2254 23
1742 2211 1881 2254 Praef.

157 2289 269 2331 stud.
304 2290 425 2332 Prov.
460 2290 631 2332 Bohem.
658 2292 712 2332 20
743 2291 846 2333 febr.
873 2293 1014 2343 1644).

299 2365 341 2407 Ο.
406 2365 518 2407 Ordo
562 2366 763 2407 examinis
804 2365 881 2407 hac
922 2366 1085 2407 ratione
1125 2365 1381 2420 servandus,
1423 2367 1471 2405 ut
1502 2363 1646 2416 quiin
1679 2362 1880 2415 religione

159 2440 415 2492 antiquitate
446 2441 563 2493 prior
594 2443 658 2482 est
689 2441 800 2482 inter
832 2441 1173 2493 Examinatores,
1214 2440 1342 2481 etiam
1374 2439 1489 2492 prior
1531 2438 1758 2491 examinet,
1800 2437 1881 2478 nisi

159 2514 335 2556 Praeses
367 2515 568 2557 examinis
601 2516 731 2557 alium
762 2519 926 2558 statuat
957 2516 1159 2557 ordinem.

296 2589 347 2630 D.
409 2590 590 2644 Tempus
633 2591 720 2633 sive
752 2591 920 2632 duratio
953 2590 1154 2632 examinis
1199 2593 1247 2631 19
1281 2601 1358 2642 pro
1390 2588 1525 2641 gradu
1558 2590 1623 2630 est
1660 2587 1880 2629 minimum

161 2664 340 2706 duarum
372 2665 573 2706 horarum
606 2678 681 2718 pro
706 2678 973 2719 unoquoque.
1025 2666 1206 2717 (Decret.
1231 2665 1285 2706 33
1319 2664 1524 2716 Congreg.
1541 2663 1676 2715 VIII.)
1729 2664 1782 2705 29
1806 2675 1882 2715 per

160 2751 286 2780 unam
321 2739 466 2781 horam
498 2753 573 2793 pro
606 2740 893 2782 examinandis
926 2753 975 2782 ex
1007 2740 1204 2781 universa
1233 2739 1402 2789 morali,
1447 2751 1523 2792 pro
1556 2737 1618 2780 Ss.
1654 2738 1880 2780 Ordinibus

161 2813 439 2866 suscipiendis
481 2816 523 2856 et
561 2815 855 2867 promovendis
899 2815 952 2856 ad
991 2814 1273 2856 confessiones
1321 2813 1608 2868 excipiendas,
1660 2813 1761 2854 item
1805 2824 1881 2864 per

162 2901 288 2930 unam
321 2889 469 2930 horam
492 2890 770 2944 Metaphysici
801 2890 955 2931 facturi
988 2889 1166 2941 gradum
1195 2888 1248 2929 ad
1270 2887 1540 2940 Theologiam
1563 2886 1880 2940 Scholasticam,

163 2964 205 3004 et
230 2963 429 3017 Theologi
461 2965 683 3006 transituri
716 2978 739 3005 a
771 2965 895 3005 tertio
929 2963 982 3004 ad
1014 2966 1213 3016 quartum
1246 2974 1417 3004 cursum
1440 2962 1702 3014 Theologiae.
1757 2960 1882 3014 (Con-

164 3049 277 3089 greg.
302 3037 374 3079 XI.
409 3038 563 3080 decret.
589 3041 675 3091 24.)
738 3039 792 3081 39
824 3051 899 3092 per
939 3037 1118 3079 mediam
1157 3037 1376 3078 minimum
1406 3037 1554 3078 horam
1587 3035 1882 3077 examinantur

164 3111 310 3153 Nostri
341 3112 383 3153 in
415 3112 586 3165 reliquis
617 3114 735 3155 annis
757 3116 846 3155 tum
869 3111 1176 3167 Philosophiae,
1209 3116 1298 3153 tum
1321 3111 1573 3164 Theologiae
1597 3108 1881 3151 Scholasticae

164 3186 206 3227 et
237 3186 421 3228 moralis.
485 3186 707 3240 (Congreg.
731 3187 804 3229 XI.
840 3187 1005 3229 Decret.
1031 3186 1116 3239 24.)

1607 3253 1675 3287 29*
