2164 3535
691 223 964 267 Heranbildung
989 223 1052 257 der
1078 222 1215 257 Lehrer
1244 225 1340 257 1622.

1792 227 1873 267 209

156 363 433 416 septimanas,
476 363 557 405 imo
599 367 640 404 et
683 375 846 404 menses
885 363 966 404 illis
999 361 1255 404 instruendis
1287 361 1528 415 impendere
1561 365 1600 403 et
1634 375 1679 403 se
1712 362 1872 403 interea

156 450 418 491 suorumque
450 438 753 491 discipulorum
786 437 1019 490 profectum
1053 437 1276 489 negligere.

294 533 331 571 5.
381 529 468 571 Iam
501 540 599 570 vero
633 531 680 568 ut
710 540 877 578 eorum,
919 541 1027 581 quae
1059 527 1170 569 (licta
1201 531 1320 579 sunt,
1359 527 1554 580 expedita
1585 531 1627 569 et
1658 527 1789 570 facilis
1822 529 1877 569 sit

157 604 357 653 executio,
393 603 674 645 necessarium
707 603 801 651 erit,
835 605 881 643 ut
912 602 1102 654 magistri
1136 615 1333 653 magnum
1365 602 1405 643 in
1435 614 1479 643 se
1502 601 1757 644 desiderium
1781 615 1874 655 pro-

156 677 319 720 ficiendi
356 678 395 718 in
429 677 507 719 hoc
539 677 680 718 studio
714 677 938 731 concitent,
970 678 1098 730 prout
1128 680 1271 718 monet
1303 677 1524 718 instructio
1557 677 1604 718 R.
1629 677 1672 718 P.
1704 677 1876 718 Provin-

155 752 268 794 cialis
301 765 410 794 anno
451 755 554 793 1615)
588 751 641 793 ad
674 751 922 805 Superiores
955 751 1068 793 data.
1122 751 1362 805 Praeterea,
1392 755 1439 792 ut
1469 763 1624 804 magna
1657 764 1751 793 cum
1781 764 1875 793 con-

154 826 326 868 fidentia
366 830 409 868 et
450 826 686 867 humilitate
726 826 930 868 rationem
970 826 1209 868 studiorum
1242 840 1415 869 suorum
1448 840 1541 868 cum
1575 827 1874 880 Superioribus

155 901 218 942 vel
250 901 340 942 aliis
374 902 425 942 ab
459 901 507 942 iis
541 901 770 953 designatis
802 901 982 943 libenter
1014 901 1321 943 communicent
1349 906 1390 943 et
1411 902 1578 954 saepius
1601 901 1652 943 de
1674 915 1872 944 successu

154 975 205 1017 ad
239 976 330 1017 illos
365 976 562 1026 referant,
594 975 809 1028 cupientes
842 975 895 1016 ab
917 975 965 1016 iis
990 975 1110 1028 dirigi
1133 979 1176 1017 et
1198 975 1401 1028 adiuvari.
1452 976 1598 1029 Neque
1621 976 1871 1029 Superiores

154 1051 230 1092 bac
262 1051 300 1091 in
336 1064 378 1091 re
411 1051 635 1103 quicquam
670 1050 887 1103 patientur
919 1049 1165 1100 desiderari,
1198 1050 1422 1103 quominus
1439 1051 1564 1103 juxta
1587 1064 1670 1103 reg.
1696 1055 1738 1093 et
1760 1052 1872 1093 ordi-

153 1125 343 1166 nationes
377 1125 604 1177 magistros
637 1138 712 1178 per
743 1125 849 1166 hanc
883 1125 990 1166 viam
1023 1126 1143 1178 quasi
1176 1138 1301 1166 manu
1337 1125 1506 1175 ducant,
1539 1127 1709 1167 foveant
1740 1129 1782 1167 et
1803 1127 1871 1179 ju-

154 1203 268 1242 vent:
316 1212 363 1241 ac
395 1200 566 1252 insuper
599 1203 773 1253 paterne
806 1199 1077 1253 provideant,
1120 1213 1171 1242 ne
1204 1200 1296 1241 libri
1328 1201 1553 1242 necessarii
1595 1201 1755 1251 desint,
1798 1203 1872 1242 aut

152 1274 498 1316 extraordinariis
533 1275 880 1328 occupationibus
913 1275 966 1316 ab
998 1275 1060 1317 his
1093 1276 1244 1317 studiis
1277 1276 1557 1318 abducantur.

273 1722 331 1770 E.
408 1722 486 1769 De
539 1724 935 1788 scriptoribus
987 1725 1195 1773 latinis
1244 1725 1525 1791 legendis,
1607 1730 1751 1778 1622.

436 1826 615 1869 (Archiv.
643 1828 762 1863 Prov.
789 1829 919 1864 Germ.
946 1830 986 1865 S.
1004 1829 1066 1871 J.;
1093 1830 1194 1864 XIII
1224 1829 1307 1864 A.2
1335 1840 1373 1874 p.
1391 1830 1470 1865 360
1482 1832 1588 1875 sqq.)

910 1955 1066 2010 Caput
1099 1957 1124 1997 Ι.

292 2068 336 2109 In
370 2068 576 2121 scriptore
607 2070 755 2121 quovis
789 2070 919 2111 latino
953 2070 1149 2122 legendo,
1189 2070 1397 2123 siquidem
1430 2084 1478 2111 ex
1510 2084 1559 2112 ea
1591 2072 1767 2113 lectione
1801 2073 1874 2113 sti-

153 2142 238 2184 lum
272 2146 314 2183 et
345 2143 577 2185 orationem
610 2144 791 2186 formare
824 2146 1015 2193 velimus,
1048 2149 1234 2198 quatuor
1265 2145 1529 2188 observanda
1561 2149 1681 2188 sunt:
1722 2150 1752 2188 1.
1787 2147 1873 2188 Ma-

153 2218 273 2268 teria,
307 2221 343 2259 2.
380 2219 617 2270 Formulae,
651 2222 688 2259 3.
727 2221 874 2272 Dictio,
907 2222 946 2261 4.
981 2222 1252 2262 Ornamenta.
1318 2222 1379 2262 De
1410 2221 1586 2274 singulis
1617 2234 1726 2263 nunc
1749 2234 1872 2274 gene—

154 2292 292 2341 ratim,
325 2296 419 2345 post
453 2294 670 2346 speciatim
704 2307 888 2347 agemus.

294 2385 354 2426 De
389 2385 573 2427 Materia.
639 2386 875 2428 Videndum
913 2390 960 2430 19
990 2387 1126 2440 qualis
1160 2388 1231 2429 sit:
1265 2387 1447 2437 humilis,
1480 2388 1685 2442 sublimis,
1719 2402 1769 2430 an
1795 2402 1878 2432 me-

155 2458 319 2500 diocris.
383 2460 631 2502 Humilem
676 2462 862 2515 appello,
905 2474 1034 2514 quae,
1077 2476 1170 2503 cum
1212 2462 1305 2503 rudi
1346 2463 1473 2504 etiam
1514 2464 1669 2516 populo
1702 2468 1803 2506 nota
1836 2468 1878 2506 et

155 2533 258 2574 trita
289 2534 357 2582 sit,
390 2539 559 2587 praeter
591 2548 740 2588 puram
774 2540 817 2577 et
847 2536 1112 2589 perspicuam
1146 2536 1371 2578 dictionem
1405 2537 1562 2579 nullam
1590 2552 1786 2592 pompam
1810 2539 1878 2581 de-

155 2607 327 2649 siderat.
391 2609 503 2650 Talis
538 2614 715 2663 apparet
746 2611 786 2651 in
821 2611 998 2663 dialogis
1033 2611 1177 2652 vilium
1201 2611 1436 2659 hominum:
1469 2613 1509 2653 in
1533 2613 1736 2666 epistolis,
1769 2627 1878 2667 quae

150 2683 268 2734 jocos
300 2686 342 2725 et
374 2697 439 2725 res
472 2685 740 2737 quotidianas
774 2686 1130 2739 con‘1plectuntur3
1177 2686 1216 2727 in
1250 2688 1584 2741 narrationibus,
1617 2701 1726 2741 quae
1770 2689 1881 2730 nude

157 2770 243 2798 reni
289 2762 624 2811 persequuntur,
667 2760 709 2801 in
751 2761 1062 2803 commentariis
1104 2763 1294 2803 veterum
1337 2762 1388 2803 de
1430 2763 1573 2815 lingua
1611 2763 1753 2805 latina.
1820 2764 1880 2804 Ex

157 2832 329 2884 poeticis
362 2833 442 2875 huc
472 2834 685 2886 pertinent
708 2835 920 2885 Bucolica,
954 2836 1217 2879 Comoediae.
1252 2836 1382 2889 Mimi,
1416 2838 1746 2890 epigrammata:
1779 2838 1878 2880 item

156 2905 281 2959 odae,
320 2907 446 2960 elegi,
485 2912 676 2963 satyrae,
717 2923 826 2963 quae
857 2914 990 2963 agunt
1021 2910 1072 2952 de
1098 2911 1226 2963 ¹jocis,
1259 2911 1310 2954 de
1342 2912 1557 2961 conviciis,
1591 2912 1641 2954 de
1674 2912 1880 2953 similibus

157 2979 282 3022 rebus
316 2995 337 3023 e
370 2982 505 3024 medio
538 2984 692 3037 petitis.
730 3010 779 3014 —
813 2985 994 3027 Materia
1027 2986 1300 3028 mediocris
1333 2990 1410 3037 est,
1444 3000 1553 3039 quae
1576 2987 1687 3039 vulgi
1711 2987 1879 3040 quidem

156 3057 326 3108 captum
370 3057 552 3111 excedit,
594 3059 753 3100 nullam
792 3062 932 3101 tamen
977 3061 1286 3103 contentionem
1331 3062 1557 3109 orationis,
1600 3062 1673 3104 sed
1713 3065 1880 3103 tantum

156 3135 352 3172 ornatum
394 3133 603 3184 quendam
645 3136 846 3188 majorem
889 3136 1125 3187 desiderat,
1167 3138 1303 3190 qualis
1346 3141 1557 3179 tractatur
1598 3139 1788 3191 epistolis
1828 3138 1881 3179 ad

228 3207 415 3234 Mouuumnm
443 3210 615 3235 Germaniae
638 3212 839 3244 1¹.icrl.1g‹)gi=ta
864 3214 940 3237 XVl.
1616 3209 1653 3240 Η
