2164 3535
295 240 349 282 82
912 239 1123 283 Erklarung
1147 239 1211 274 der
1236 240 1410 275 Antoren.

566 540 841 607 Beispiel
888 541 1051 589 einer
1097 541 1757 609 Antoren-Erkl‘arung.

780 668 850 710 De
882 668 1244 723 explanatione
1276 669 1536 712 Authoris.

730 749 979 795 (Wagner,
1017 749 1235 785 Instructio
1267 761 1308 795 p.
1333 750 1584 796 235-240.)

430 842 632 884 Authoris
673 842 936 896 explanatio,
983 843 1063 885 etsi
1103 843 1303 897 Princeps
1347 848 1412 886 est
1452 847 1494 886 et
1536 845 1787 886 utilissimus
1837 845 2023 886 omnium

293 916 541 959 Scholarurn
564 918 698 969 labor,
720 918 761 959 in
780 918 1008 960 Rhetorica
1030 922 1170 960 tamen
1194 919 1420 972 praecipue
1443 920 1738 962 commendata
1759 919 1814 961 sit
1839 921 2022 973 oportet,

292 1004 387 1033 cum
429 992 645 1036 auditores
688 1007 763 1035 nec
805 994 846 1035 in
888 994 1115 1035 authorum
1153 994 1335 1036 lectione
1371 995 1458 1048 J‘am
1501 995 1733 1049 peregrini,
1783 998 1826 1037 et
1861 994 2022 1048 judicio

292 1067 559 1123 valentiores,
592 1072 634 1110 et
665 1069 876 1111 latinitate
909 1070 1042 1122 magis
1076 1068 1324 1111 confirmata
1355 1074 1582 1123 ponantur.
1640 1070 1780 1123 Igitur
1803 1071 1958 1112 author
1980 1074 2023 1112 et

291 1147 518 1196 praecepta
551 1145 760 1186 alternum
792 1145 961 1195 facient,
994 1148 1036 1186 et
1067 1145 1101 1186 si
1134 1144 1235 1198 quid
1259 1145 1455 1187 alterutri
1479 1145 1645 1187 detrahi
1668 1146 1816 1199 possit,
1849 1144 2018 1187 authori

291 1218 571 1272 adjiciendum
604 1219 725 1262 foret.
788 1220 1025 1261 Dicendum
1058 1223 1123 1262 est
1155 1224 1297 1262 autem
1331 1221 1424 1274 quis
1459 1220 1657 1262 Author?
1701 1221 1939 1273 quantum?
1978 1223 2021 1261 et

290 1305 376 1346 qua
406 1293 541 1336 forma
574 1295 864 1349 explanandus
896 1295 982 1336 sit?

429 1371 592 1424 Regula
624 1372 782 1414 diserte
813 1372 938 1414 unius
971 1371 1184 1414 Ciceronis
1217 1371 1441 1413 Orationes
1474 1371 1778 1424 praelegendas
1815 1370 2020 1423 praescri-

290 1445 363 1487 bit.
427 1446 461 1488 E
494 1447 636 1489 Poetis
669 1448 893 1503 Virgilius,
926 1447 1117 1489 nonnihil
1150 1460 1199 1488 ex
1231 1446 1322 1488 odis
1355 1447 1541 1495 Horatii,
1576 1459 1623 1488 ac
1655 1446 1891 1501 Iuvenalis,
1924 1449 1967 1488 et
1997 1459 2019 1488 e

290 1521 435 1563 Tacito
458 1522 632 1576 aliquid,
655 1535 898 1576 quanquam
921 1522 1035 1565 haud
1058 1522 1185 1576 paulo
1208 1522 1378 1575 parcius
1401 1522 1714 1576 explanandum
1732 1526 1808 1563 est.
1850 1522 1884 1563 E
1908 1521 2017 1563 Tulii

291 1596 565 1640 Orationibus
607 1601 715 1653 tres,
758 1599 823 1640 vel
855 1599 890 1641 si
923 1599 1137 1641 breviores
1168 1597 1347 1650 fuerint,
1389 1610 1602 1639 summum
1635 1601 1820 1651 quatuor
1851 1597 2016 1639 numeri

289 1666 487 1719 explicari
529 1672 719 1721 possunt.
783 1668 1050 1721 Conandum,
1091 1675 1140 1713 ut
1181 1686 1257 1726 per
1288 1686 1446 1714 annum
1476 1672 1584 1714 duae
1616 1673 1818 1726 maJores,
1860 1676 1909 1713 ut
1939 1685 2015 1726 pro

289 1742 440 1784 Roscio
479 1755 527 1784 ac
558 1742 733 1799 Milone,
773 1744 951 1786 totidem
993 1746 1176 1789 minores
1218 1751 1266 1789 ut
1304 1760 1380 1801 pro
1419 1747 1621 1790 Marcello
1663 1750 1704 1789 et
1740 1747 1945 1800 Philipica
1978 1750 2014 1789 7.

289 1817 411 1870 plene
449 1821 491 1859 et
532 1818 750 1860 enucleate
781 1824 1058 1872 exponantur.
1121 1821 1307 1876 Singulis
1341 1823 1394 1865 ad
1427 1823 1702 1875 varietatem,
1745 1822 1910 1876 Virgilii
1942 1826 2018 1864 aut

290 1892 465 1935 alterius
488 1893 643 1936 Poetae
675 1894 970 1948 interpretatio
1003 1896 1182 1950 interjici
1216 1898 1383 1951 poterit.
1432 1898 1531 1939 Dies
1562 1898 1644 1939 130
1675 1896 1753 1938 hoc
1784 1896 1893 1940 forte
1915 1901 2015 1952 typo

290 1967 468 2020 dispesci
500 1972 722 2022 poterunt:
758 1970 903 2012 Oratio
935 1983 1011 2025 pro
1044 1972 1200 2014 Milone
1233 1976 1403 2015 constat
1425 1972 1622 2015 Numeris
1658 1973 1737 2013 105
1770 1972 1901 2025 igitur
1931 1986 2017 2015 me-

288 2047 452 2085 morato
484 2057 614 2097 penso
646 2047 829 2098 ternum,
862 2046 1041 2088 subinde
1073 2052 1328 2100 quaternum
1360 2061 1655 2103 numerorum,
1688 2048 1911 2101 occupabit
1939 2049 2016 2091 cir-

288 2119 392 2160 citer
423 2119 510 2162 dies
543 2121 616 2172 30,
658 2125 895 2174 sequantur
924 2123 1228 2176 praelectiones
1262 2125 1316 2165 20
1349 2136 1370 2165 e
1404 2124 1599 2176 Virgilio:
1643 2124 1779 2166 oratio
1812 2136 1887 2178 pro
1921 2124 2012 2165 Mu-

287 2207 389 2235 rena
419 2207 692 2237 numerorum
716 2197 770 2237 90
803 2196 890 2239 dies
922 2201 1039 2250 petet
1071 2200 1136 2239 28.
1190 2198 1501 2241 Praelectiones
1534 2212 1581 2240 ex
1606 2199 1782 2240 Horatio
1812 2200 1876 2240 10.
1929 2199 2011 2240 Pro

287 2269 377 2322 lege
400 2269 573 2312 Manilia
595 2271 879 2314 Numerorum
902 2274 970 2324 27,
1004 2273 1091 2315 dies
1117 2276 1154 2314 7.
1212 2274 1521 2316 praelectiones
1554 2286 1603 2316 ex
1625 2274 1825 2316 Iuvenale
1852 2275 1903 2315 10
1933 2286 2010 2327 pro

286 2344 520 2398 Philippica
550 2346 834 2389 Numerorum
868 2349 943 2402 27,
984 2348 1072 2390 dies
1106 2350 1143 2390 6.
1206 2350 1518 2392 Praelectiones
1561 2363 1583 2392 e
1616 2350 1760 2392 Tacito
1795 2352 1818 2391 6
1850 2350 2012 2391 faciunt

286 2421 529 2463 universum
564 2424 639 2464 111
669 2423 722 2476 (P)
755 2422 855 2464 dies.
917 2423 1084 2476 Reliqui
1115 2437 1140 2466 a
1172 2424 1492 2467 Canicularibus
1525 2425 1808 2467 absorbentur

424 2497 579 2539 Forma
609 2498 915 2551 explanationis
948 2502 996 2540 ut
1026 2499 1067 2541 in
1101 2501 1248 2553 regula
1282 2500 1550 2555 describitur,
1583 2513 1683 2542 sane
1712 2513 1903 2556 operosa,
1936 2514 2010 2543 nec

284 2572 481 2626 imparati
523 2574 774 2628 professoris
815 2579 901 2624 est,
942 2577 1061 2630 cujus
1104 2588 1203 2629 pars
1244 2575 1381 2629 prima
1421 2580 1485 2617 est
1517 2576 1723 2629 expositio
1756 2576 1887 2619 totius
1919 2588 2010 2618 sen-

288 2649 445 2690 tentiae
484 2649 679 2692 dilucida.
743 2654 767 2693 2
814 2651 1050 2693 Artificium
1081 2651 1354 2693 Rhetoricum
1388 2651 1666 2706 Inventionis,
1706 2651 2007 2705 dispositionis,

284 2735 392 2775 quae
431 2725 763 2780 argumentatio,
805 2727 1184 2779 argumentationis
1225 2725 1513 2781 amplificatio,
1553 2739 1575 2768 e
1614 2726 1767 2779 quibus
1798 2726 1900 2768 locis
1940 2725 2009 2768 de-

283 2801 472 2853 sumpta,
515 2812 623 2852 quae
654 2798 815 2853 figurae
846 2801 1151 2843 sententiarum
1184 2805 1260 2843 aut
1292 2801 1540 2855 verborum,
1581 2801 1651 2854 qui
1685 2799 1879 2852 affectus,
1912 2804 1955 2842 et
1985 2813 2007 2842 e

283 2874 436 2926 quibus
469 2874 688 2917 fontibus?
740 2877 776 2916 3.
812 2876 911 2918 Loci
944 2877 1100 2919 similes
1123 2890 1170 2919 ex
1195 2876 1286 2918 aliis
1310 2876 1560 2918 authoribus
1584 2875 1796 2918 afferendi.
1850 2877 1887 2917 4.
1923 2875 2006 2917 Res

283 2949 428 2991 eadem
468 2949 715 3003 Sapientum
758 2952 978 2993 sententiis
1023 2951 1319 2993 confirmanda.
1390 2952 1427 2991 5.
1470 2951 1531 2992 Ex
1574 2950 1764 2992 Historia
1804 2950 2005 3003 variaque

283 3023 519 3066 eruditione
553 3025 816 3067 illustranda.
882 3028 918 3066 6.
953 3026 1191 3068 Verborum
1229 3026 1491 3079 proprietas,
1534 3037 1729 3080 acumen,
1773 3025 1912 3078 copia,
1956 3036 2004 3065 ac

282 3099 507 3151 praecipue
547 3112 748 3142 numerus
790 3100 1101 3153 expendendus.
1166 3101 1282 3151 Quae
1313 3102 1454 3142 tamen
1488 3112 1756 3153 nequaquam
1790 3099 1930 3140 omnia
1960 3102 2002 3140 et

283 3185 448 3227 semper
481 3175 775 3229 consectanda,
808 3175 882 3216 sed
914 3176 1234 3228 opportunitate
1266 3175 1482 3229 seligenda
