2164 3535
1224 64 1238 81 0

210 217 292 258 408
441 213 481 250 P.
499 213 691 249 Roothaan
714 212 852 248 fordert
873 223 918 247 zu
941 222 1060 247 neuen
1078 211 1468 256 Studienvorschlagen
1492 212 1563 247 auf.
1604 215 1703 248 1830.

211 363 253 397 et
283 368 333 397 ex
364 355 558 398 omnibus
591 352 962 396 observationibus
994 353 1219 407 diligenter
1251 353 1452 396 discussis
1485 353 1695 396 communi
1730 365 1936 396 consensu

211 431 372 485 aliquid
404 429 604 473 definient
634 431 809 472 nostrae
840 429 1138 483 approbationi
1170 428 1491 483 subjiciendum.

351 524 542 577 Cumque
574 535 641 566 res
673 525 765 564 tota
790 524 959 564 mature
982 534 1076 564 cum
1098 522 1177 564 ΡΡ.
1201 521 1510 564 Assistentibus
1534 523 1775 565 examinata
1795 522 1938 579 fuerit,

212 611 329 641 mens
370 601 518 641 nostra
556 601 640 654 est,
681 597 863 651 primum
905 597 1076 651 quidem
1117 610 1192 651 per
1233 598 1537 651 temporariam
1569 599 1797 651 quamdam
1830 598 1941 640 ordi-

213 674 427 716 nationem
459 673 629 727 urgenti
660 673 842 715 maxime
872 673 1116 715 necessitati
1147 673 1389 726 providere,
1423 686 1557 727 eaque
1585 677 1796 726 statuere,
1833 687 1941 728 quae

214 749 267 792 ad
308 749 444 803 majus
476 748 704 802 Religionis
744 748 925 804 bonum,
968 747 1022 789 ad
1063 748 1335 791 scientiarum
1376 749 1418 791 in
1461 749 1671 792 Societate
1711 750 1943 793 incremen-

214 828 306 867 tum
351 824 524 867 utiliora
571 836 664 866 esse
715 823 1020 875 censebuntur;
1070 824 1356 878 experimento
1405 824 1499 867 dein
1546 828 1675 879 atque
1720 839 1802 868 usu
1849 838 1944 879 pro-

214 899 375 953 banda,
424 900 674 954 priusquam
722 899 825 952 legis
867 899 1037 953 proprie
1084 899 1221 942 (lictae
1267 903 1396 953 atque
1442 900 1691 943 universalis
1740 901 1823 943 vim
1874 900 1945 943 ob-

216 975 434 1028 tineant1).

355 1069 526 1112 Interea
565 1069 782 1123 negotium
825 1081 926 1112 sane
957 1069 1256 1124 gravissimum
1288 1070 1527 1123 summique
1559 1070 1613 1112 ad
1646 1070 1724 1112 Dei
1757 1070 1948 1112 Gloriam

218 1157 266 1187 ac
299 1144 523 1188 Societatis
564 1145 825 1188 incrementa
863 1146 1088 1202 momenti,
1130 1158 1206 1188 nec
1246 1144 1434 1200 paucis2)
1479 1159 1614 1199 neque
1646 1147 1807 1200 exiguis
1843 1145 1948 1188 diffi-

220 1220 450 1262 cultatibus
504 1220 732 1263 obnoxium
784 1221 966 1263 multum
1013 1224 1056 1263 et
1102 1224 1300 1264 accurate
1347 1222 1435 1264 Deo
1486 1222 1665 1263 Domino
1714 1224 1859 1264 nostro
1906 1221 1949 1263 in
2009 1268 2011 1272 y

221 1295 294 1338 SS.
321 1295 543 1338 Sacrificiis
577 1308 625 1338 ac
656 1296 853 1349 precibus
886 1296 938 1338 ab
969 1297 1161 1339 omnibus
1192 1297 1348 1339 nostris
1372 1296 1754 1339 commendandum
1777 1297 1869 1339 erit.
1897 1322 1947 1327 -

222 1371 354 1426 Cupio
385 1372 434 1414 R.
469 1372 518 1414 V.
551 1371 658 1415 bene
689 1372 830 1415 valere
863 1404 871 1413 .
905 1404 914 1413 .
950 1405 958 1413 .
993 1404 1001 1413 .
1036 1373 1196 1415 Romae
1228 1374 1293 1415 29.
1317 1373 1417 1415 maii
1451 1373 1574 1415 1830.

364 1493 602 1535 Concordat
633 1506 727 1533 cum
758 1494 988 1545 Oriyinalz'‚
1023 1495 1133 1544 quod
1162 1497 1209 1534 in
1239 1494 1443 1534 Archivio
1475 1495 1643 1534 Domus
1674 1495 1869 1546 Profess.

498 1574 621 1614 Rom.
655 1579 915 1614 asservatur.

569 1656 731 1696 Romae
759 1658 801 1696 2.
828 1658 939 1707 Sept.
972 1658 1094 1696 1854.

1237 1764 1548 1802 Bonaventura
1577 1763 1749 1801 Benettz'

1613 1858 1640 1884 a
1673 1846 1865 1885 Secretis.

366 1978 394 2020 ι)
426 1977 515 2012 Dies
552 1978 687 2012 konnte
731 1989 800 2012 nur
843 1977 957 2013 durch
1000 1978 1193 2012 Beschluss
1239 1978 1340 2012 einer
1384 1977 1849 2022 General-Congregation
1893 1987 1954 2020 ge-

229 2035 396 2071 schehen.

370 2105 399 2151 2)
431 2105 540 2140 Diese
566 2106 653 2140 zwei
679 2105 826 2140 Worter
850 2106 887 2140 in
913 2105 1004 2140 Rom
1031 2104 1232 2140 schriftlich
1258 2104 1590 2149 hineinkorrigiert.
