2164 3535
747 198 821 233 Das
846 198 1108 234 Theresianum
1134 199 1170 233 in
1195 199 1313 234 Wien.
1805 205 1888 247 343

305 338 468 391 Corpus
500 337 757 392 diaphanum
789 351 871 380 non
905 338 1086 381 habetur
1108 351 1184 392 per
1205 339 1463 382 rectilineam
1487 353 1687 393 pororum
1710 341 1889 396 disposi-

166 413 339 458 tionem:
373 413 446 455 sed

304 499 501 541 Habetin·
531 512 606 552 per
638 499 1078 552 compressibilitatem
1110 501 1310 554 partium*
1344 513 1577 553 earumque
1609 501 1682 543 tali
1711 502 1822 544 inter
1844 515 1888 545 se

166 586 295 623 nexu,
336 576 384 615 ut
424 573 571 626 pulsus
616 573 856 628 aethereos,
904 587 1010 627 quos
1053 575 1232 617 extimae
1274 578 1417 629 partes
1460 588 1484 616 a
1523 576 1641 618 radio
1680 577 1888 620 incidente

165 648 400 701 accipiunt,
442 647 734 702 interioribus,
776 652 905 701 atque
947 649 1026 691 hae
1068 663 1216 692 rursus
1260 650 1532 693 ulterioribus
1576 652 1886 694 communicare

164 722 339 775 possint.

799 941 875 982 De
923 941 1246 983 coloribus.

847 1021 1196 1071 Quaestiones.

299 1124 407 1174 Quid
439 1125 599 1166 colores
632 1125 892 1178 prismatici‘?
925 1125 1026 1178 quid
1059 1126 1220 1169 colores
1254 1127 1294 1168 in
1328 1127 1576 1180 corporibus
1609 1130 1784 1182 opacis?

297 1199 389 1250 Qua
420 1200 616 1242 methodo
650 1214 751 1243 usus
785 1201 843 1243 Cl.
878 1201 1107 1244 Newtonus
1141 1201 1181 1243 in
1214 1202 1512 1255 experimentis
1545 1203 1764 1245 colorum?

836 1466 1201 1509 Assertiones.

296 1556 529 1599 Diversitas
560 1558 747 1600 colorum
770 1559 1112 1612 prismaticorum
1136 1559 1328 1601 consistit
1348 1559 1389 1601 in
1414 1559 1661 1602 diversitate
1683 1561 1883 1614 pulsuum

157 1630 465 1685 aethereorum,
496 1636 626 1685 atque
658 1633 761 1675 adeo
794 1632 837 1674 in
870 1632 1038 1675 diversa
1069 1633 1286 1676 radiorum
1319 1635 1682 1687 refrangibilitate.

298 1719 456 1761 Albedo
488 1723 554 1761 est
586 1720 824 1761 commixtio
858 1719 1086 1762 radiorum.

294 1806 453 1848 Radius
487 1805 604 1847 rubri
638 1806 789 1848 coloris
822 1807 991 1848 minime
1024 1807 1292 1859 refringitur:
1325 1807 1552 1849 maximam
1584 1807 1880 1850 refractionem

155 1881 320 1934 patitur
352 1881 497 1923 radius
529 1881 700 1923 violacei
734 1882 896 1923 coloris.

294 1966 483 2020 Corpora
515 1979 646 2020 opaca
679 1967 876 2010 videntur
906 1981 982 2021 per
1012 1968 1159 2022 pulsus
1193 1968 1245 2010 ab
1271 1968 1372 2021 ipsis
1397 1969 1645 2023 corporibus
1669 1974 1880 2012 causatos.

293 2053 464 2096 Colores
506 2053 548 2094 in
588 2054 835 2107 corporibus
878 2055 1019 2107 opacis
1060 2055 1299 2097 consistunt
1336 2054 1377 2095 in
1419 2057 1533 2096 certo
1576 2068 1751 2097 numero
1792 2056 1882 2109 pul-

154 2142 278 2171 suum
320 2129 419 2170 dato
461 2132 651 2182 tempore
693 2129 733 2170 in
775 2130 918 2171 oculos
951 2130 1254 2172 incurrentium
1288 2133 1381 2172 orto
1415 2143 1439 2171 a
1470 2134 1586 2172 certa
1617 2131 1808 2173 tensione
1841 2134 1883 2173 et

154 2204 410 2246 elasticitate
458 2204 644 2257 partium
691 2205 1016 2260 integrantium,
1063 2205 1102 2245 vi
1150 2205 1269 2257 cujus
1315 2204 1411 2246 illae
1453 2205 1494 2246 in
1537 2206 1755 2258 proprium
1803 2205 1881 2247 sibi

154 2283 314 2321 motum
364 2280 666 2321 oscillatorium
712 2280 847 2321 instar
894 2279 1147 2321 chordarum
1197 2280 1391 2331 excitari,
1439 2280 1681 2333 similesque
1733 2280 1880 2333 pulsus

155 2355 241 2396 aeri
275 2354 475 2397 ambienti
507 2354 748 2407 imprimere
780 2354 954 2407 possint.

705 2630 778 2671 Ex
818 2628 1041 2683 physica
1082 2629 1330 2682 speciali.

785 2710 857 2751 Ex
901 2709 1253 2752 astronomia.

850 2789 1198 2840 Quaestiones.

293 2896 415 2946 Quod
455 2899 643 2950 systema
681 2895 918 2949 Tychonis?
963 2893 1077 2946 quod
1115 2893 1364 2947 Copernici‘?
1426 2894 1536 2945 Quid
1575 2895 1722 2937 stellae
1762 2894 1881 2949 fixae,

155 2984 264 3025 quae
304 2984 449 3012 earum
490 2983 515 3012 a
555 2974 669 3013 terra
712 2969 942 3011 distantia?
1010 2970 1072 3010 An
1115 2969 1175 3010 sol
1223 2970 1278 3011 sit
1327 2982 1480 3023 corpus
1532 2969 1732 3021 igneum?
1778 2969 1880 3022 quid

156 3045 347 3087 maculae
370 3045 558 3088 solares?
608 3045 716 3096 Quid
740 3045 960 3086 Lunares?
1014 3044 1130 3094 Quae
1157 3043 1309 3097 phases
1332 3044 1506 3086 Lunae?
1562 3043 1669 3094 Quid
1701 3043 1879 3097 Eclipsis

157 3121 306 3163 solaris
341 3124 382 3162 et
414 3121 609 3176 Lunaris,
643 3124 684 3162 et
715 3120 885 3174 quando
917 3124 1099 3172 utraque
1133 3119 1377 3172 contingat?
