2164 3535
538 234 720 269 Deutsche
747 234 1106 278 Reformvorschlage
1134 235 1192 269 fur
1217 235 1275 269 die
1302 236 1344 269 R.
1371 240 1414 270 st.
1443 239 1540 272 1829.
1816 241 1898 281 399

177 373 216 414 111
258 385 515 427 unaquaque
555 373 698 416 schola
741 374 952 429 absolvat,
992 374 1064 427 qui
1106 386 1208 416 usus
1247 374 1288 416 in
1333 374 1525 427 plurimis
1563 375 1664 417 locis
1696 388 1779 417 non
1812 377 1900 418 sine

180 447 434 490 detrimento
468 449 708 501 negligitur,
743 449 933 502 adeoque
965 449 1122 502 ubique
1154 449 1444 492 restituendus
1476 449 1656 492 videtur.

316 539 388 581 Ad
419 553 516 593 reg.
543 542 608 581 32.
671 540 786 582 Haec
820 541 966 593 regula
998 540 1065 582 vix
1096 544 1237 594 potest
1268 542 1503 584 executioni
1536 542 1749 597 mandari,
1780 555 1900 596 prae-

179 614 327 656 sertim
370 613 441 655 ubi
484 617 585 656 sunt
616 613 757 656 studia
790 615 1022 667 superiora.
1087 615 1353 669 Computatis
1386 617 1495 658 enim
1528 616 1899 672 disputationibus,

177 688 340 731 actibus
379 688 703 731 solemnioribus
736 691 836 741 etc.,
880 689 1057 741 singulis
1089 689 1364 732 hebdomadis
1397 694 1439 732 et
1470 691 1698 745 aliquando
1730 692 1899 746 saepius

181 762 513 805 conveniendum
546 762 675 817 foret,
715 775 797 805 non
830 763 919 805 sine
950 776 1105 817 magna
1136 764 1424 817 professorum
1455 765 1783 820 auditorumque
1814 780 1900 809 mo-

175 837 311 893 lestia,
343 849 504 880 necnon
536 837 776 879 scholarum
808 838 1140 891 perturbatione.
1196 839 1304 881 Hinc
1336 840 1490 881 mirum
1521 853 1603 882 non
1627 844 1705 895 est,
1738 841 1773 883 si
1794 841 1897 884 haec

176 913 325 965 regula
362 912 487 954 hodie
526 912 674 954 nullibi
716 912 965 955 observetur
1006 916 1048 955 et
1089 913 1187 954 olim
1229 925 1325 955 raro
1359 914 1584 957 observata
1615 916 1755 958 fuerit.
1820 917 1898 959 Hic

174 987 254 1030 loci
286 987 610 1030 declamationes
644 987 781 1029 locum
815 987 1006 1030 obtinent
1036 990 1102 1030 ter
1133 991 1338 1041 quaterve
1371 1001 1446 1042 per
1477 1002 1635 1032 annum
1656 991 1698 1032 in
1722 991 1898 1043 scholis,

175 1066 217 1105 et
259 1063 387 1105 semel
430 1063 493 1104 vel
531 1062 685 1104 iterum
726 1063 892 1116 publice
932 1076 1026 1105 cum
1060 1066 1289 1117 apparatu,
1332 1064 1394 1105 uti
1426 1063 1473 1106 fit
1505 1077 1579 1118 pro
1612 1067 1895 1118 praemiorum

176 1137 482 1180 distributione.
546 1137 581 1178 A
613 1149 695 1190 quo
729 1141 918 1190 tempore
950 1137 1018 1179 ille
1052 1150 1140 1179 mos
1174 1138 1442 1180 introductus
1475 1139 1575 1194 fuit,
1618 1141 1799 1182 maxima
1832 1141 1896 1183 hic

175 1213 253 1255 loci
285 1213 477 1266 (Seduni)
520 1213 631 1266 viget
670 1213 780 1255 inter
821 1213 1048 1266 discipulos
1092 1214 1340 1267 aemulatio,
1383 1215 1534 1256 crescit
1571 1215 1612 1256 in
1655 1215 1743 1257 dies
1787 1215 1896 1256 bona

174 1288 413 1330 studiorum
454 1288 585 1344 fama,
627 1293 669 1331 et
708 1293 875 1331 tantuin
919 1289 1058 1343 abest,
1101 1292 1147 1330 ut
1180 1289 1276 1330 inde
1309 1289 1451 1331 studia
1483 1294 1525 1331 et
1557 1303 1695 1332 mores
1728 1290 1898 1343 aliquod

174 1363 474 1405 detrimentum
513 1364 722 1417 ceperint,
764 1368 809 1406 ut
852 1368 999 1406 contra
1041 1377 1257 1417 nunquam
1301 1365 1435 1416 major
1466 1365 1593 1406 fuerit
1625 1377 1770 1406 eorum
1801 1378 1899 1418 pro-

174 1451 345 1491 gressus
378 1438 441 1479 vel
474 1439 620 1481 tutela.

555 1729 579 1783 ξ
629 1729 692 1770 18.
755 1727 827 1770 Dc
868 1727 1088 1781 legibus
1132 1727 1514 1781 praemiorum.

310 1843 383 1884 Ad
415 1856 511 1895 reg.
551 1846 585 1885 1.
658 1844 950 1886 Praemiorum
997 1856 1198 1885 numerus
1239 1844 1326 1897 Jam
1375 1857 1455 1885 usu
1499 1846 1666 1898 recepto
1706 1844 1897 1886 diversus

175 1921 250 1959 est.
314 1918 460 1960 Multis
493 1918 631 1971 placet
663 1931 844 1972 sequens
878 1918 994 1974 ordo,
1027 1919 1098 1972 qui
1130 1918 1197 1960 hic
1228 1918 1308 1960 loci
1340 1922 1549 1961 servatur.

230 2011 261 2054 I.
311 2011 365 2053 In
397 2024 701 2065 unaquaque
732 2011 927 2054 schola:

313 2100 348 2140 1.
396 2097 637 2140 Praemium
669 2111 717 2140 ex
750 2110 978 2152 progressu
1011 2111 1165 2152 annuo,
1199 2111 1274 2152 pro
1307 2111 1391 2152 quo
1424 2101 1725 2152 computantur
1756 2099 1896 2141 omnia

174 2172 367 2214 examina
398 2177 440 2214 et
479 2173 802 2226 compositiones
834 2174 1146 2226 lectionumque
1178 2177 1304 2215 notae
1337 2173 1388 2215 de
1431 2186 1685 2227 unaquaque
1718 2174 1895 2216 materia

173 2260 248 2300 per
279 2247 376 2289 anni
409 2247 646 2289 decursum.

310 2324 347 2364 2.
396 2323 459 2364 Ex
492 2323 684 2365 doctrina
716 2323 968 2365 Christiana.

310 2398 346 2439 3.
397 2398 459 2438 Ex
491 2397 669 2439 historia
700 2401 740 2440 et
769 2397 1026 2450 geographia
1059 2398 1185 2451 (quae
1215 2397 1312 2448 duo,
1346 2411 1439 2439 mea
1470 2397 1638 2450 quidem
1672 2398 1896 2451 sententia,

173 2484 390 2525 nunquam
422 2473 611 2526 separari
645 2473 874 2525 deberent).

311 2549 349 2588 4.
398 2547 461 2589 Ex
493 2548 771 2590 arithmetica.

229 2639 284 2680 ΙΙ.
332 2639 386 2681 111
419 2643 638 2693 utraque
669 2640 944 2683 rhetorica.

312 2729 347 2769 1.
397 2727 461 2768 Ex
493 2727 682 2769 oratione
713 2739 788 2769 seu
820 2726 1145 2780 amplificatione
1175 2727 1318 2769 latina.

310 2803 347 2843 2.
397 2802 460 2843 Ex
490 2801 635 2855 lingua
666 2802 729 2844 vel
762 2802 1086 2855 amplificatione
1118 2814 1281 2854 graeca.

309 2877 346 2918 3.
395 2877 458 2919 Ex
489 2877 680 2919 oratione
712 2890 786 2920 seu
818 2876 1142 2931 amplificatione
1174 2878 1412 2919 vernacula.

310 2954 349 2993 4.
398 2952 461 2993 Ex
492 2952 695 3003 carmine,
729 2965 804 3006 pro
837 2953 1000 2994 ratione
1031 2952 1110 2994 loci
1143 2955 1185 2994 et
1216 2952 1454 3006 frequentia
1487 2951 1790 3004 discipulorum
1825 2950 1887 2992 vel

172 3039 303 3068 unum
342 3027 597 3081 praemium,
640 3027 704 3069 vel
742 3027 894 3081 triplex
926 3040 975 3068 ex
1018 3027 1202 3069 carmine
1241 3027 1475 3080 praemium
1519 3026 1809 3078 distribuitur,
1854 3025 1895 3066 id

172 3104 249 3157 est,
283 3101 509 3154 unicuique
540 3102 711 3155 linguae
742 3115 878 3144 suum.
