2164 3535
357 243 641 289 Tagesordnung
666 242 723 276 fur
749 241 805 276 die
832 238 1116 275 obex-deutschen
1142 236 1371 282 Gymnasien.
1421 235 1519 272 1737.
1746 236 1798 277 65

219 385 336 427 Hora
367 384 483 426 VIII.
519 383 713 426 omnibus
745 383 786 424 in
810 380 1025 424 Classibus
1058 377 1241 431 exigitur
1271 389 1318 419 ac
1349 376 1556 430 repetitur
1577 373 1800 427 explicatio

83 461 323 504 catechismi
356 461 656 513 doctrinaeque
681 458 947 501 Christianae
979 455 1149 498 octiduo
1182 456 1279 496 ante
1310 451 1471 494 tradita
1492 452 1535 492 et
1556 461 1665 491 nova
1689 455 1802 502 post-

83 538 254 579 modum
277 536 475 578 traditur.
520 534 735 589 (Consuet.
760 533 881 575 Prov.
916 544 948 573 c.
974 532 997 572 6
1029 543 1068 572 n.
1095 531 1119 572 8
1153 532 1195 571 et
1227 527 1371 570 Ordin.
1395 527 1516 568 Prov.
1549 526 1621 579 §8
1653 537 1692 565 n.
1716 525 1802 575 22.)

85 614 117 654 A
158 612 282 653 tertio
324 614 465 652 autem
505 609 670 651 circiter
709 607 946 660 quadrante
978 605 1189 658 repetitur
1220 601 1445 656 praelectio
1479 601 1803 655 praeceptorum

85 687 142 737 (in
176 685 400 727 Rhetorica
439 687 480 725 et
511 682 787 724 Humanitate
828 681 957 722 etiam
997 679 1208 730 authoris)
1252 690 1445 731 novaque
1486 676 1721 731 explicatur
1762 677 1805 717 et

84 760 277 812 exigitur.

220 834 336 876 Hora
367 832 440 874 IX.
481 832 609 874 finitis
647 832 717 886 iis,
759 843 869 884 quae
910 829 1124 883 pertinent
1162 828 1215 870 ad
1249 827 1595 882 praelectionem,
1639 825 1690 868 de
1721 837 1806 879 qua

84 909 207 952 modo
249 909 406 950 dictum
448 910 533 957 est,
576 906 800 960 subjicitur
830 905 871 946 in
905 904 1111 957 Suprema
1143 902 1313 956 quidem
1346 902 1632 944 Grammatica
1663 901 1802 944 brevis

29 1037 33 1044 Ι
85 984 292 1038 quaedam
330 983 550 1037 explicatio
582 982 685 1023 artis
717 980 916 1023 metricae
948 979 989 1021 in
1021 978 1195 1031 reliquis
1228 981 1372 1020 autem
1405 976 1620 1019 Classibus
1654 976 1804 1018 Gram-

84 1060 262 1102 maticae
302 1059 440 1101 brevis
482 1057 725 1101 exercitatio
769 1055 822 1097 ad
864 1053 1193 1107 comparandam
1235 1052 1463 1095 verborum
1504 1052 1678 1105 copiam.
1751 1051 1808 1093 Et

86 1134 199 1188 quod
231 1134 446 1176 residuum
479 1133 608 1175 fuerit
639 1132 680 1174 in
713 1120 882 1184 scriptis
915 1129 1175 1182 corrigendis
1208 1129 1450 1171 collocatur.

222 1210 258 1250 A
290 1209 474 1251 meridie.
523 1207 689 1250 Primae
711 1206 946 1248 semihorae
968 1205 1116 1247 eadem
1140 1206 1265 1247 erunt
1285 1204 1453 1258 iterum,
1486 1215 1595 1257 quae
1618 1203 1741 1245 Feria
1764 1202 1806 1244 11

88 1288 131 1327 et
162 1285 219 1327 IV
252 1284 433 1337 negotia.

224 1360 342 1401 Hora
372 1359 425 1400 II.
469 1358 659 1412 repetitis
701 1357 1004 1411 explicatisque
1028 1356 1094 1414 ‘de
1134 1368 1250 1397 more
1292 1353 1671 1410 praelectionibus,
1723 1356 1810 1396 tam

88 1435 261 1477 Graecis
295 1446 421 1487 quam
455 1433 632 1487 Latinis,
665 1433 825 1486 scripta
856 1436 947 1474 tum
978 1432 1088 1473 forte
1121 1429 1292 1472 residua
1323 1429 1604 1483 corriguntur.

228 1521 345 1563 Hora
376 1521 452 1562 III.
487 1521 673 1562 dictatur
705 1523 746 1562 et
778 1519 1044 1572 componitur
1071 1520 1368 1571 argumentum
1391 1516 1650 1570 scriptionis:
1684 1528 1812 1570 quam

91 1597 298 1639 Graecam
342 1609 433 1638 esse
477 1596 713 1645 conveniet,
753 1595 831 1637 nisi
863 1594 988 1636 Feria
1016 1593 1058 1635 ΙΙ
1090 1593 1154 1635 vel
1187 1593 1245 1635 IV
1278 1593 1430 1635 Latina
1461 1592 1633 1645 scriptio
1665 1591 1815 1635 fuisset

90 1671 303 1724 impedita.

617 1981 769 2031 Ordo
816 1981 947 2030 Diei
991 1980 1292 2030 sabbathi.

230 2098 365 2139 Mane.
428 2098 569 2140 Media
602 2098 716 2140 VIII.
760 2098 1063 2152 praelectiones
1106 2097 1427 2150 praeceptorum
1470 2108 1547 2148 per
1587 2094 1814 2136 hebdoma-

93 2173 188 2214 dam
222 2173 406 2226 auditae,
440 2186 521 2214 non
554 2173 751 2226 privatim
784 2173 1094 2223 decurionibus,
1127 2172 1199 2214 sed
1234 2172 1379 2213 statim
1412 2170 1577 2225 publice
1606 2170 1813 2223 Magistro

93 2248 338 2289 recitantur.
404 2248 527 2302 (Reg.
565 2251 614 2289 19
649 2248 762 2290 Com.
805 2252 848 2290 et
889 2260 977 2300 reg.
1013 2249 1036 2289 2
1078 2247 1182 2300 sing.
1219 2246 1371 2300 Class.)
1435 2246 1527 2288 Alia
1569 2258 1668 2287 vero
1709 2244 1816 2286 fiunt

94 2322 156 2363 uti
188 2323 310 2364 Feria
343 2323 384 2364 ΙΙ
415 2326 458 2364 et
490 2323 562 2365 IV.

231 2410 348 2451 Hora
379 2410 493 2451 VIII.
538 2410 710 2451 eaedem
752 2410 882 2452 totius
926 2411 1216 2452 hebdomadae
1248 2409 1573 2464 praelectiones,
1614 2421 1697 2450 non
1728 2410 1815 2450 tam

95 2484 340 2537 explicando
373 2497 500 2537 quam
533 2485 784 2540 exercendo,
827 2486 1092 2538 recoluntur,
1126 2486 1166 2527 id
1200 2489 1261 2528 est
1295 2485 1389 2527 utili
1422 2484 1607 2538 quadam
1637 2483 1817 2525 interro-

96 2559 222 2611 gandi
255 2560 620 2613 respondendique
652 2560 952 2602 exercitatione
986 2564 1113 2613 atque
1145 2563 1192 2602 ut
1223 2560 1451 2613 plurimum
1485 2560 1612 2601 etiam
1652 2571 1818 2600 concer-

95 2634 255 2676 tatione
286 2639 577 2677 recurruntur.
641 2636 759 2689 (Reg.
791 2637 843 2676 ‘243
877 2634 991 2677 Com.
1026 2639 1068 2677 et
1100 2648 1183 2689 reg.
1221 2638 1244 2677 2
1278 2635 1382 2689 sing.
1417 2635 1568 2686 Class.)
1630 2634 1686 2675 Iis
1718 2646 1817 2675 vero

96 2710 437 2752 exercitationem
469 2711 596 2752 etiam
627 2710 873 2752 historicam
904 2710 1210 2764 lectionemque
1242 2711 1498 2764 subjungere
1528 2709 1690 2763 licebit,
1734 2720 1816 2750 non

97 2785 366 2839 recurrendo,
400 2798 508 2838 quae
540 2799 615 2839 per
644 2785 956 2828 hebdomadam
989 2788 1252 2838 pertractata
1277 2786 1367 2839 jam
1399 2785 1569 2840 fuerint,
1601 2784 1675 2826 sed
1698 2783 1817 2826 novis

97 2859 351 2912 quibusdam
383 2861 691 2914 progrediendo
722 2860 929 2914 passibus.

236 2947 352 2989 Hora
390 2948 462 2990 IX.
512 2948 678 2990 circiter
725 2947 918 3001 discipuli
968 2948 1328 3001 recognoscendos
1371 2948 1577 3001 Magistro
1622 2945 1818 2989 exhibent

99 3021 375 3078 scriptorum,
419 3035 528 3076 quae
571 3026 762 3065 correcta
800 3035 987 3076 eousque
1018 3023 1199 3080 fuerint,
1241 3024 1371 3066 libros
1404 3027 1446 3066 et
1477 3026 1722 3065 notatorum
1753 3033 1818 3063 co-

99 3095 223 3138 dices.
288 3096 452 3151 (Ordin.
485 3097 607 3140 Prov.
643 3099 712 3153 §8
746 3111 785 3140 n.
811 3100 868 3150 7.)
931 3099 1142 3142 Accedent
1174 3103 1316 3142 autem
1347 3112 1430 3142 non
1463 3099 1588 3142 simul
1620 3096 1818 3151 universi,

99 3170 173 3212 sed
214 3170 428 3213 distributi
467 3174 531 3214 tot
572 3173 802 3230 ordinibus,
844 3177 948 3227 quot
989 3179 1113 3217 erunt
1152 3176 1354 3218 subsellia
1394 3176 1435 3216 in
1479 3175 1622 3218 schola
1656 3174 1719 3216 vel
1751 3174 1819 3216 de-

170 3249 358 3276 Monumenta
378 3249 551 3276 Germaniae
572 3251 775 3283 Paedagogica
794 3250 872 3276 XVI.
1544 3257 1563 3277 υ
