2164 3535
566 211 791 256 Anordnung
817 210 879 246 des
904 211 957 255 3j.
983 210 1112 255 philos.
1138 209 1275 245 Kurses
1305 211 1401 245 1858.
1758 212 1839 252 575

122 353 361 397 adhibenda
393 358 469 396 est.
532 353 768 396 Plurimum
802 351 911 394 enim
943 351 1143 405 interest,
1174 349 1355 403 primam
1386 348 1428 390 in
1461 348 1608 401 quavis
1641 347 1841 390 facultate

121 430 431 472 institutionem
464 442 590 483 quam
633 427 813 470 maxime
856 426 1034 469 solidam
1066 429 1108 467 et
1149 428 1286 466 tutam
1320 436 1429 474 esse;
1473 435 1566 465 cum
1600 422 1640 463 in
1672 422 1748 464 hac
1782 435 1843 464 re-

122 504 237 558 liqua
270 505 439 547 cultura
471 504 597 546 animi
631 507 674 545 et
705 502 886 544 eruditio
920 501 1034 542 velut
1066 501 1107 542 in
1140 500 1416 542 fundamento
1449 510 1524 540 suo
1557 497 1740 548 nitatur,
1787 500 1842 549 et,

121 578 262 632 siquid
293 579 334 620 in
366 591 416 620 ea
446 582 667 632 peccatum
700 580 778 631 est,
814 576 854 617 id
886 574 1155 629 postmodum
1189 574 1422 627 aegerrime
1455 573 1714 616 emendetur.
1778 572 1843 613 Ad

125 652 226 695 haec
258 665 340 695 non
373 653 580 696 securitas
613 652 759 707 modo,
801 652 874 694 sed
917 651 1183 693 uniformitas
1224 663 1393 703 quoque
1436 649 1653 691 doctrinae
1694 648 1747 690 ab
1777 648 1844 689 In-

122 727 271 770 stituto
305 728 424 770 nobis
468 740 594 780 saepe
625 730 668 769 et
709 727 895 780 graviter
936 725 1269 768 commendatur.
1334 725 1451 776 Quae
1492 724 1662 777 quidem
1694 724 1728 766 si
1760 735 1842 765 non

122 815 207 845 una
229 803 280 845 de
311 815 440 845 causa
472 801 583 844 omni
615 805 806 855 tempore
837 800 1072 854 expetenda
1093 805 1199 853 erat,
1230 799 1308 842 hac
1340 804 1487 842 nostra
1516 803 1657 841 aetate
1680 810 1844 841 summe

121 882 360 920 necessaria
392 876 623 920 existimari
655 875 790 918 debet.
846 876 951 918 Cum
974 876 1084 917 enim
1115 879 1213 930 post
1245 879 1310 916 tot
1330 887 1471 916 rerum
1504 886 1636 928 paene
1658 874 1844 915 omnium

122 952 328 994 violentas
371 951 722 994 commutationes
754 951 795 992 in
835 951 998 993 ratione
1031 963 1200 1004 quoque
1243 950 1483 992 studiorum
1516 949 1718 1003 pleraque
1749 949 1845 990 hac-

123 1031 247 1070 tenus
279 1028 441 1070 incerta
471 1026 691 1081 fluctuent,
724 1030 766 1068 et
798 1026 982 1068 maxima
1005 1026 1061 1067 sit
1092 1025 1206 1079 apud
1238 1026 1352 1078 ipsos
1382 1025 1560 1078 populos
1593 1024 1844 1066 christianos

122 1102 163 1145 in
206 1102 437 1157 disciplinis
483 1102 734 1156 praesertim
776 1101 1077 1156 philosophicis
1120 1100 1363 1154 opinionum
1406 1099 1710 1153 discrepantia,
1756 1097 1845 1140 fieri

123 1178 247 1232 plane
279 1191 361 1220 non
392 1181 554 1232 potest,
585 1182 633 1219 ut
665 1177 855 1219 Societas
888 1176 942 1218 ad
973 1175 1296 1219 instaurandam
1330 1178 1490 1217 rectam
1516 1174 1754 1227 ι11111011111115
1786 1175 1846 1214 111-

123 1253 387 1296 stitutionem
419 1257 462 1295 et
484 1253 536 1295 ad
568 1265 716 1295 sanam
749 1253 984 1294 doctrinam
1017 1252 1223 1299 tuendam
1257 1251 1394 1292 valide
1426 1249 1627 1301 conferat,
1661 1249 1740 1290 nisi
1773 1248 1845 1290 filii

123 1330 213 1382 ejus
244 1329 355 1371 inter
376 1341 421 1371 se
452 1328 532 1382 ipsi
563 1340 690 1381 quam
722 1327 811 1370 fieri
845 1331 985 1381 potest
1017 1327 1254 1369 arctissime
1287 1326 1497 1379 conjiincti
1531 1325 1655 1366 unius
1689 1324 1772 1366 oris
1805 1327 1847 1366 et

123 1403 222 1445 labii
253 1403 422 1446 fuerint.
476 1404 553 1446 Hic
587 1408 730 1446 autem
763 1416 991 1446 consensus
1014 1403 1156 1444 nullus
1189 1406 1302 1445 certe
1334 1415 1426 1444 esse
1450 1404 1604 1454 potest,
1635 1401 1684 1452 si,
1718 1412 1845 1452 quae-

123 1491 221 1521 nam
253 1492 301 1521 ex
332 1479 499 1532 multis,
542 1492 651 1533 quae
691 1479 1067 1535 circumferuntur,
1108 1478 1329 1520 sententiis
1363 1476 1415 1518 ad
1458 1475 1754 1518 scholasticam
1788 1475 1845 1515 in-

124 1554 387 1596 stitutionem
433 1555 618 1608 aptiores
662 1556 765 1603 sint,
808 1555 973 1608 privato
1017 1554 1322 1607 Magistrorum
1358 1551 1518 1605 judicio
1562 1549 1843 1592 definiendum

123 1642 298 1683 prorsus
330 1630 596 1683 relinquitur.

261 1705 372 1747 XVI.
420 1705 516 1747 ι101111
550 1718 648 1748 vero
681 1717 756 1747 nec
789 1704 891 1747 illud
931 1703 1290 1757 praetereundum
1322 1706 1408 1753 est,
1451 1701 1502 1743 de
1534 1714 1616 1754 quo
1650 1700 1845 1742 dubitare

123 1793 244 1822 nemo
277 1783 436 1836 potest,
480 1793 528 1823 eo
562 1781 721 1823 scilicet
762 1780 1022 1836 religiosius,
1064 1792 1173 1832 quae
1204 1779 1245 1820 in
1279 1790 1372 1819 eum
1411 1776 1533 1818 finem
1567 1789 1591 1818 a
1623 1775 1844 1817 Societatis

123 1855 382 1910 Praepositis
416 1855 578 1898 sancita
609 1856 780 1911 fuerint,
811 1855 968 1897 nostris
1001 1854 1251 1897 Lectoribus
1285 1851 1563 1894 custodienda
1594 1863 1699 1905 esse,
1733 1849 1846 1903 quod

123 1944 205 1973 non
238 1943 336 1987 5110,
378 1930 452 1973 sed
485 1931 709 1973 Societatis
748 1930 916 1973 nomine
956 1934 998 1972 et
1038 1929 1292 1972 auctoritate
1333 1927 1509 1969 docendi
1552 1938 1725 1968 munere
1756 1926 1846 1967 fun—

123 2009 293 2060 guntur.
356 2006 414 2048 Et
445 2006 479 2048 si
512 2005 700 2048 Societas
734 2005 786 2048 ab
826 2006 1040 2055 omnibus,
1083 2005 1236 2059 quibus
1270 2004 1346 2045 1100
1386 2016 1539 2045 1111111115
1572 2003 1727 2055 defert,
1769 2014 1845 2044 suo

117 2082 214 2135 jure
235 2082 440 2135 postulat,
472 2081 644 2124 utillud
677 2081 730 2123 ad
762 2094 951 2123 normam
986 2094 1009 2123 a
1033 2093 1077 2123 se
1108 2080 1413 2135 praescriptam
1438 2081 1679 2130 exerceant3
1712 2078 1846 2119 multo

124 2157 258 2210 magis
290 2157 343 2198 ab
372 2157 437 2211 iis,
469 2156 622 2210 quibus
655 2169 776 2198 suam
808 2156 940 2209 ipsius
968 2157 1236 2209 juventutem
1268 2154 1573 2197 instituendam
1605 2152 1845 2203 tradiderit,

125 2234 346 2285 expectare
370 2235 497 2285 atque
529 2231 694 2284 exigere
727 2231 909 2286 debebit,
943 2236 990 2272 ut
1020 2231 1281 2272 audientium
1315 2230 1476 2271 animos
1499 2241 1581 2270 non
1614 2228 1701 2270 suis
1734 2227 1847 2280 quis—

127 2320 208 2360 que
240 2306 520 2360 opinionibus,
552 2305 626 2348 sed
659 2305 852 2347 doctrina
885 2318 907 2347 a
941 2305 1151 2347 Societate
1184 2304 1362 2358 probata
1394 2304 1597 2345 imbuant.
1662 2302 1725 2343 Ea
1756 2302 1846 2354 qui-

127 2382 222 2424 dem
256 2386 322 2424 est
362 2386 602 2434 temporum
642 2384 886 2423 nostrorum
925 2380 1146 2433 iniquitas,
1189 2384 1237 2421 ut
1269 2391 1441 2432 sperare
1474 2378 1540 2419 vix
1571 2377 1716 2426 liceat,
1757 2376 1846 2417 fore

126 2460 175 2498 ut
205 2457 396 2510 plerique
428 2468 572 2498 omnes
604 2456 645 2497 in
677 2455 953 2509 approbanda
985 2454 1275 2508 philosophica
1308 2453 1521 2503 doctrina,
1555 2463 1846 2505 quaecumque

127 2531 272 2587 fuerit,
316 2531 599 2581 consentiant;
643 2531 684 2572 id
717 2535 858 2572 tamen
890 2543 956 2572 me
988 2542 1160 2583 sperare
1191 2541 1315 2582 posse
1347 2529 1502 2582 laetor,
1534 2528 1622 2569 fore
1654 2530 1702 2568 ut
1734 2526 1846 2580 apud

128 2606 352 2649 Societatis
383 2606 489 2649 filios
513 2607 616 2649 satis
649 2618 803 2648 causae
836 2605 891 2647 sit
913 2605 965 2647 ad
999 2604 1234 2658 parendum
1267 2604 1527 2645 voluntatem
1559 2614 1682 2643 nosse
1705 2601 1845 2643 mode-

128 2685 331 2725 ratorum.
395 2682 542 2735 Neque
585 2681 692 2724 enim
737 2679 946 2736 diffident,
990 2693 1014 2721 a
1046 2680 1134 2722 Deo
1175 2692 1277 2733 prae
1319 2678 1491 2731 reliquis
1534 2677 1650 2726 illos,
1693 2676 1847 2730 quibus

128 2758 219 2812 ipse
255 2757 504 2800 universalis
536 2756 634 2799 boni
665 2755 972 2809 providentiam
1006 2755 1046 2796 in
1080 2754 1290 2796 Societate
1322 2752 1514 2807 credidit,
1546 2751 1774 2793 illuminari
1805 2756 1845 2793 et

129 2833 274 2887 dirigi,
305 2833 521 2887 probeque
552 2836 724 2887 norunt,
755 2831 836 2873 nisi
867 2831 1018 2873 horum
1051 2829 1260 2872 voluntati
1292 2829 1596 2882 obtemperent,
1630 2838 1845 2879 nunquam

128 2908 237 2965 fore,
278 2912 327 2950 ut
357 2908 597 2951 studiorum
630 2920 676 2950 ac
718 2907 912 2949 laborum
954 2918 1129 2948 suorum
1169 2904 1355 2947 fructum
1387 2916 1502 2955 eum,
1544 2914 1668 2956 quem
1710 2901 1846 2942 solum

129 2983 209 3026 sibi
242 2983 420 3037 aliisque
451 2986 599 3038 optare
632 2983 799 3037 debent,
832 2984 1157 3034 consequantur.

268 3058 403 3101 XVII.
453 3059 513 3101 Ut
542 3058 673 3112 igitur
703 3057 805 3100 haec
837 3057 977 3099 omnia
1008 3055 1188 3098 fideliter
1219 3059 1261 3097 et
1292 3058 1538 3098 constanter
1568 3053 1609 3095 in
1642 3064 1746 3106 opus
1778 3050 1847 3094 de—

131 3133 361 3190 ducantur,
403 3135 591 3189 exemplo
632 3134 819 3188 ejusdem
851 3132 1194 3176 Praedecessoris
1237 3130 1370 3174 nostri
1410 3128 1623 3171 Francisci
1664 3127 1846 3170 Piccolo—
