2164 3535
485 242 588 277 Neue
616 242 978 286 Studienvorschlage
1005 241 1068 277 der
1094 241 1289 277 deutschen
1315 240 1467 275 Provinz
1498 243 1593 276 1830.
1814 243 1897 284 409

226 605 590 659 Antwort
660 604 799 657 auf
864 604 986 657 die
1056 603 1665 675 Aufforderung
1728 602 1859 655 des

431 706 492 760 P.
536 706 909 760 Roothaan
954 726 1102 759 vom
1150 708 1235 760 29.
1270 706 1404 759 Mai
1453 701 1656 767 1830.¹)

187 954 254 1000 De
304 953 501 1000 Ratione
547 953 823 1000 Studiorum
874 953 1065 1000 Nostris
1102 953 1424 1014 Temporibus
1470 951 1901 999 Accommodanda.

880 1045 918 1084 4.
953 1043 1044 1085 Oct.
1081 1044 1202 1085 1830.

234 1167 666 1217 Annotationes
708 1169 1058 1218 Provinciae
1098 1169 1457 1217 Germaniae
1497 1167 1851 1234 Superioris.

182 1272 320 1317 (Arch.
353 1272 483 1308 Germ.
517 1274 560 1309 V.
594 1274 641 1308 B.
668 1273 705 1308 4.
760 1294 801 1298 —
852 1273 1023 1318 Sauber,
1059 1273 1206 1318 Jedoch
1245 1273 1304 1308 oft
1340 1272 1562 1308 fehlerhaft
1598 1271 1904 1315 geschriebenes

904 1332 999 1367 Heft
1029 1331 1071 1366 in
1101 1331 1182 1375 40.)

742 1563 966 1630 Regulae
1005 1563 1351 1612 Provincialis.

319 1689 390 1731 Ad
430 1702 528 1743 reg.
563 1691 587 1730 2
620 1692 669 1732 et
700 1690 774 1741 3.2)
847 1691 1027 1733 Videtur
1067 1691 1208 1744 praxis
1250 1689 1463 1732 contraria
1508 1689 1688 1731 obtineri
1736 1689 1778 1730 in
1826 1688 1904 1731 hac

182 1764 373 1819 regione,
416 1768 463 1806 ut
503 1765 644 1807 nullae
685 1765 772 1808 fere
813 1765 897 1807 sint
937 1768 1079 1819 partes
1112 1765 1319 1807 Praefecti
1359 1764 1619 1817 studiorum,
1661 1768 1752 1806 tum
1796 1764 1905 1806 circa

180 1839 323 1881 studia
362 1840 581 1896 inferiora,
625 1840 676 1883 de
718 1841 871 1894 quibus
912 1842 979 1882 vix
1020 1854 1208 1894 unquam
1250 1840 1409 1893 aliquid
1451 1840 1551 1895 scit,
1595 1843 1685 1881 tum
1724 1840 1905 1881 maxime

183 1914 294 1956 circa
325 1914 467 1957 studia
488 1915 529 1956 in
552 1916 761 1968 convictu,
794 1917 864 1969 qui
887 1920 1036 1970 utpote
1062 1916 1348 1969 independens
1371 1916 1412 1957 in
1437 1928 1514 1957 sua
1539 1914 1905 1956 administratione

183 1989 208 2030 a
240 1989 438 2046 Collegio,
472 1990 579 2033 hanc
612 1991 802 2044 regulam
837 1991 889 2033 ad
921 2004 965 2033 se
997 1992 1209 2045 pertinere
1240 2004 1323 2032 non
1355 1990 1580 2032 existimat.
1637 2014 1686 2019 -
1740 1990 1907 2031 Petitur

180 2065 325 2118 itaque
357 2066 578 2119 explicatio
612 2066 723 2108 circa
754 2066 829 2108 has
863 2067 1044 2120 regulas.
1100 2067 1146 2107 V.
1181 2079 1267 2119 reg.
1293 2068 1330 2110 2.
1383 2066 1517 2107 Praef.
1553 2064 1801 2107 Studiorum
1832 2064 1902 2106 inf.

317 2146 390 2188 Ad
421 2159 518 2200 reg.
555 2148 591 2188 6.
655 2148 743 2189 Iam
783 2160 874 2189 mos
916 2148 1113 2202 invaluit,
1156 2151 1204 2189 ut
1235 2147 1275 2189 S.
1311 2147 1556 2200 Scripturae
1587 2146 1778 2189 studium
1812 2159 1905 2188 cum

181 2221 272 2274 ipso
294 2221 412 2263 initio
430 2221 683 2275 Theologiae
704 2223 890 2278 incipiat,
917 2225 960 2264 et
982 2223 1152 2276 quidem
1174 2235 1249 2276 per
1270 2222 1417 2265 horam
1441 2222 1616 2275 singulis
1639 2221 1904 2264 lectionibus.

320 2296 390 2338 Ad
421 2309 518 2350 reg.
544 2298 568 2338 9
601 2298 685 2351 §L
748 2297 840 2339 Mos
877 2297 918 2339 in
953 2296 1182 2339 Germania
1216 2299 1305 2351 Jam
1344 2297 1506 2350 pridem
1545 2296 1626 2338 fuit
1656 2299 1699 2338 et
1731 2300 1815 2351 est,
1857 2298 1907 2338 ut

179 2371 388 2414 habeatur
418 2372 632 2425 professor
663 2373 856 2425 quartus,
891 2373 963 2425 qui
989 2374 1060 2426 jus
1095 2372 1352 2414 Canonicum
1385 2372 1546 2414 doceat.

318 2446 389 2488 Ad
422 2459 519 2500 reg.
545 2449 569 2489 9
603 2448 688 2501 §2
750 2447 952 2490 Manente
985 2448 1085 2489 Can.
1111 2449 1134 2489 9
1168 2447 1320 2500 Congr.
1344 2447 1382 2488 V
1424 2447 1465 2488 in
1506 2449 1594 2489 toto
1632 2459 1708 2489 suo
1741 2446 1905 2500 robore,

181 2533 263 2562 non
296 2521 477 2573 videtur,
510 2522 665 2564 mentio
700 2534 900 2576 expressa
932 2522 1126 2564 facienda
1158 2522 1209 2564 de
1235 2522 1399 2578 affectu,
1432 2534 1515 2575 quo
1539 2522 1790 2576 Theologiae
1811 2535 1906 2575 pro-

180 2595 359 2639 fessores
402 2610 433 2639 s.
467 2596 670 2639 Thomam
711 2598 910 2651 prosequi
950 2598 1124 2653 debent,
1167 2601 1257 2639 tum
1296 2598 1410 2651 quod
1450 2598 1763 2640 controversiae
1796 2599 1906 2640 circa

181 2685 387 2714 summam
418 2671 461 2713 in
484 2671 743 2725 Theologicis
767 2673 997 2727 disciplinis
1022 2673 1320 2715 auctoritatem
1343 2672 1382 2714 S.
1408 2673 1605 2716 Doctoris
1623 2674 1712 2727 jam
1736 2673 1904 2715 omnino

180 2747 222 2788 in
255 2746 495 2799 regionibus
528 2747 591 2790 his
624 2748 835 2802 cisalpinis
869 2750 1215 2802 conquieverunt,
1248 2752 1339 2791 tum
1366 2749 1479 2803 quod
1503 2749 1615 2803 apud
1638 2749 1904 2792 adversarios

181 2822 448 2876 quarundam
500 2822 835 2877 disputationum
886 2824 1133 2866 memoriam
1184 2837 1388 2867 renovare
1439 2826 1481 2866 et
1531 2824 1724 2878 malignis
1775 2824 1905 2867 inter·
1935 2866 1943 2874 ,

318 2996 344 3039 1)
370 2995 472 3031 Viele
508 2996 613 3031 satze
653 2996 733 3031 sind
767 3006 832 3032 aus
871 2996 950 3032 dem
981 2996 1151 3032 Reserate
1191 2997 1254 3032 der
1292 2997 1491 3033 deutschen
1523 2997 1676 3032 Provinz
1710 3007 1778 3032 von
1815 3000 1903 3032 1829

180 3055 221 3096 (s.
249 3053 339 3088 oben
369 3053 403 3088 S.
421 3052 548 3098 386ff.)
581 3054 960 3098 herubergenommen.
1011 3054 1202 3090 Trotzdem
1234 3056 1393 3091 mussten
1417 3056 1481 3090 wir
1506 3056 1570 3091 der
1597 3054 1903 3098 Vollstandigkeit

181 3122 304 3155 wegen
330 3111 388 3146 die
413 3110 542 3147 beiden
570 3112 798 3148 Dokumente
823 3113 985 3156 bringen.

317 3180 346 3223 2)
371 3180 439 3215 Die
466 3181 583 3217 Citate
608 3182 782 3217 beziehen
809 3182 886 3217 sich
911 3182 977 3217 auf
998 3182 1055 3218 die
1081 3183 1123 3218 R.
1150 3187 1192 3219 st.
1218 3194 1285 3218 von
1316 3187 1414 3229 1599,
1440 3194 1466 3219 s.
1493 3183 1573 3218 Rat.
1603 3183 1696 3218 stud.
1726 3182 1771 3217 ΙΙ.
