2164 3535
380 248 665 293 Tagesordnung
688 246 747 281 fur
772 246 829 281 die
856 244 1143 281 oberdeutschen
1170 243 1399 289 Gymnasien.
1447 242 1546 279 1737.
1769 243 1821 284 67

107 391 241 432 torica
282 390 466 431 Actuum
507 388 831 442 Apostolorum)
881 384 1201 439 explicationem
1250 385 1411 425 stantes
1460 381 1640 424 audiunt
1685 380 1824 423 cuncti

107 468 254 519 aperto
297 465 449 518 capite3
494 477 542 506 ex
584 475 668 516 quo
700 461 906 504 salutaria
937 459 1147 513 quaedam
1178 458 1425 512 depromere
1456 456 1617 499 monita
1648 456 1826 499 subinde

100 540 280 594 juvabit,
312 539 668 593 subjungiturque
700 536 937 579 exhortatio
970 536 1040 588 pia
1070 547 1146 588 per
1176 533 1442 576 semihoram.
1506 532 1625 585 (Reg.
1651 533 1674 573 5
1709 530 1823 573 Com.

108 616 207 668 Reg.
243 618 266 656 2
299 615 403 667 sing.
439 614 570 656 Class.
604 617 647 655 et
679 612 875 654 Consuet.
909 611 1031 652 Prov.
1066 622 1099 651 c.
1126 611 1150 651 6
1182 622 1220 650 n.
1247 610 1303 662 7.)
1365 607 1507 649 Primo
1549 609 1690 649 autem
1733 606 1827 649 sab-

108 690 235 731 batho
277 693 382 742 quot
419 687 633 730 mensibus
673 691 774 728 tunc
816 684 1123 739 praelegendae
1164 686 1265 726 sunt
1306 683 1478 736 regulae
1509 682 1825 737 discipulorum,

106 764 314 816 simulque
346 762 557 805 afferenda
588 762 629 803 in
661 761 847 802 medium
879 773 987 813 quae
1020 759 1209 802 curanda
1240 759 1420 801 maxime
1451 759 1492 800 in
1523 758 1575 800 iis
1603 758 1668 800 vel
1689 767 1827 800 emen-

106 838 247 880 danda
278 838 559 888 occurrerint3
591 841 640 878 ut
672 836 725 878 ad
756 835 925 889 regulas
957 835 1072 888 ipsas
1104 834 1336 876 studiosius
1368 834 1409 875 in
1442 836 1660 887 posterum
1687 832 1828 874 obser-

106 913 265 956 vandas
298 913 492 966 discipuli
524 911 837 954 extimulentur.
901 910 982 964 (Ex
1014 922 1099 962 reg.
1132 911 1186 950 49
1219 908 1355 950 Praef.
1389 908 1500 950 stud.
1534 908 1624 961 inf.)

635 1315 755 1364 Fur
803 1314 908 1363 die
957 1313 1280 1380 Festtage.

765 1407 916 1453 (Kropf
937 1418 976 1452 p.
997 1406 1175 1451 65—67.)

107 1490 197 1532 (Das
212 1489 356 1524 Nahere
375 1489 410 1523 in
431 1488 508 1523 dem
525 1489 719 1523 Abschnitt
737 1488 825 1523 uber
840 1488 897 1523 die
917 1486 1293 1522 ausserordentlichen
1311 1485 1526 1529 Uebungen:
1554 1482 1828 1527 Akademieen.)

246 1607 383 1648 Festis
406 1606 486 1647 illis
510 1606 670 1656 diebus,
689 1605 760 1658 qui
778 1618 914 1658 neque
932 1608 1140 1646 conventu
1159 1601 1506 1656 Congregationis
1524 1601 1572 1643 B.
1586 1601 1635 1644 V.
1656 1600 1829 1655 Mariae,

110 1694 244 1734 neque
275 1681 443 1734 publica
476 1681 562 1722 ulla
594 1680 799 1722 catechesi
832 1679 1023 1733 impediti
1056 1681 1156 1720 sunt
1188 1679 1475 1732 (excipiuntur
1506 1677 1630 1731 primi
1663 1676 1829 1730 generis

110 1757 252 1809 Festa)
287 1757 326 1797 in
360 1756 574 1798 Classibus
616 1768 696 1797 non
735 1755 859 1796 modo
892 1754 1142 1796 Rhetoricae
1174 1757 1215 1795 et
1245 1754 1555 1805 Humanitatis,
1597 1753 1670 1795 sed
1703 1752 1830 1794 etiam

108 1831 420 1872 Grammaticae
438 1830 686 1871 Academias
711 1830 916 1883 quasdam
941 1843 1030 1883 sen,
1063 1842 1168 1882 quas
1192 1829 1316 1882 vulgo
1341 1829 1532 1885 dicimus,
1557 1828 1829 1881 repetitiones

107 1906 464 1947 extraordinarias
498 1906 733 1961 instituere,
767 1905 801 1946 si
824 1905 1041 1958 Superiori
1075 1905 1301 1958 videbitur,
1335 1906 1397 1947 fas
1430 1905 1512 1946 erit
1543 1904 1596 1946 ad
1618 1916 1724 1957 quas
1747 1903 1831 1945 dis-

107 1981 233 2034 cipuli
266 1994 360 2022 cum
392 1981 567 2022 literarii
601 1979 830 2035 profectus,
863 1982 953 2021 tum
988 1980 1146 2022 vitandi
1171 1981 1245 2021 otii
1269 1984 1311 2022 et
1333 1980 1541 2022 malarum
1564 1978 1830 2021 consuetudi-

107 2069 206 2097 num
250 2069 379 2097 causa
420 2057 670 2097 conveniant
710 2068 760 2097 ea
790 2056 900 2097 forte
932 2055 1057 2109 hora,
1100 2068 1185 2108 qua
1217 2059 1447 2098 conventus
1481 2054 1829 2108 Congregationis

108 2131 210 2173 alias
243 2131 389 2172 haberi
420 2131 538 2172 solet.
588 2132 706 2184 (Reg.
734 2133 787 2173 34
820 2132 954 2173 Praef.
980 2131 1090 2173 stud.
1120 2131 1190 2172 inf.
1225 2134 1267 2172 et
1299 2144 1384 2184 reg.
1409 2132 1462 2173 45
1497 2130 1630 2182 Com.)
1682 2130 1832 2172 Iuven-

108 2207 195 2247 cius
229 2206 280 2247 de
312 2207 405 2247 Rat.
441 2206 529 2247 doc.
564 2219 597 2247 c.
623 2208 646 2248 -2
681 2219 715 2248 a.
741 2208 764 2247 2
797 2207 973 2256 indicat,
1014 2206 1179 2248 institui
1212 2219 1336 2260 posse
1368 2206 1499 2248 etiam
1531 2206 1678 2248 diebus
1712 2218 1831 2247 vaca-

107 2281 245 2330 tionis,
280 2281 473 2334 idemque
506 2281 634 2323 habet
665 2283 811 2334 regula
844 2285 861 2323 l
897 2282 1024 2323 Acad.
1050 2282 1171 2324 Rhet.
1206 2285 1249 2324 et
1270 2282 1410 2337 Hum.‚
1443 2281 1556 2335 quod
1589 2284 1679 2322 tum
1712 2293 1831 2334 prae-

109 2356 254 2397 sertim
288 2369 309 2397 e
341 2369 386 2397 re
425 2356 524 2407 erit,
565 2369 659 2398 cum
691 2356 791 2398 soris
824 2370 1015 2399 recreare
1047 2372 1091 2400 se
1124 2371 1199 2411 per
1230 2360 1527 2411 tempestatem
1559 2370 1641 2399 non
1674 2357 1827 2399 licebit.

109 2431 250 2472 Horae
282 2433 423 2472 autem
455 2432 580 2472 unius
614 2432 651 2472 ei
683 2432 859 2473 attribui
891 2434 1075 2486 spatium
1110 2433 1285 2488 poterit,
1329 2432 1441 2486 quod
1474 2432 1514 2473 in
1547 2433 1686 2474 varias
1718 2432 1831 2474 insu-

110 2510 249 2547 metur
279 2506 619 2559 exercitationes,
661 2506 713 2547 ad
746 2511 1010 2560 praesentem
1043 2508 1211 2549 scholae
1243 2510 1425 2563 statum,
1470 2507 1523 2549 ad
1554 2508 1830 2561 praecipuum

110 2581 321 2634 quendam
370 2581 586 2623 doctrinae
633 2582 967 2636 eruditionisque
1021 2596 1194 2636 scopum
1243 2587 1371 2637 atque
1422 2583 1474 2625 ad
1525 2583 1831 2637 proprietatem

110 2656 288 2698 maxime
326 2658 573 2710 copiamque
605 2658 745 2699 Latini
788 2659 992 2699 sermonis
1026 2659 1331 2700 conciliandam
1363 2658 1719 2709 accommodatas3
1764 2671 1832 2700 ex-

110 2732 234 2784 empli
277 2744 405 2774 causa
447 2731 498 2773 de
530 2735 698 2774 oratore
731 2733 894 2786 aliquo,
935 2737 1060 2786 poeta
1090 2734 1154 2776 vel
1187 2734 1365 2776 authore
1397 2734 1478 2775 alio
1510 2733 1830 2787 interpretando

111 2818 205 2848 cum
244 2820 386 2848 rerum
427 2807 665 2860 digniorum
704 2808 1069 2850 observationibus
1113 2809 1239 2851 variis
1280 2812 1323 2851 et
1361 2809 1597 2859 notatione3
1638 2809 1739 2850 item
1780 2807 1831 2850 de

111 2881 347 2923 eruditione
378 2881 598 2932 historica3
632 2882 683 2924 de
706 2882 997 2936 Geographia3
1031 2883 1083 2925 de
1114 2884 1445 2927 nomenclaturis
1470 2888 1548 2926 cet.
1600 2884 1695 2925 Alia
1716 2896 1829 2939 vero,

111 2967 218 3007 quae
249 2955 330 2998 huc
362 2960 568 3011 spectant,
602 2970 853 3010 cognoscere
885 2958 1026 3000 licebit
1048 2971 1096 3000 ex
1118 2959 1220 3014 ipsis
1244 2960 1401 3012 regulis
1424 2960 1690 3014 Academiae,
1722 2970 1830 3012 quae

112 3030 153 3071 in
184 3030 291 3072 libro
323 3031 514 3073 Rationis
547 3032 919 3086 Institutionisque
952 3034 1191 3076 studiorum
1225 3048 1416 3077 seorsum
1460 3035 1722 3088 conscriptae
1759 3033 1830 3075 ha-

111 3104 266 3147 bentur
297 3106 350 3149 ad
382 3107 550 3163 calcem7
582 3120 657 3150 nec
688 3120 770 3149 non
800 3121 849 3150 ex
881 3109 970 3150 loco
994 3109 1179 3152 Invencii
1212 3110 1335 3152 modo
1368 3110 1572 3159 indicat03
1605 3122 1655 3151 ex
1676 3109 1829 3162 quibus

112 3183 255 3229 tamen
286 3194 397 3234 quae
429 3182 512 3224 fert
543 3195 645 3224 usus
674 3183 737 3226 his
759 3184 916 3226 nostris
938 3184 979 3226 in
1003 3185 1243 3238 regionibus
1267 3185 1473 3228 duntaxat
1495 3183 1828 3238 usnrpabuntur.

1556 3255 1601 3289 5⁶21·
