2164 3535
718 196 900 241 Inspectio
928 197 1056 231 Semm.
1082 197 1227 232 Pontiff.
1256 199 1354 233 1601.
1818 203 1895 243 271

179 335 251 388 qui
282 348 331 377 ex
362 347 619 388 unoquoque
651 335 878 377 seminario
917 335 1120 378 hactenus
1160 336 1429 390 prodierunt;
1474 342 1579 391 quot
1618 339 1817 380 nimirum
1859 343 1902 381 et

178 410 369 465 quinam,
407 421 493 462 qua
523 409 663 462 patria
693 412 736 451 et
767 413 931 465 aetate,
968 410 1123 463 quibus
1162 410 1314 453 studiis
1346 415 1388 454 et
1419 413 1623 465 quamdiu
1655 414 1696 455 in
1730 427 1778 456 eo
1811 427 1901 456 ver-

178 485 283 540 sati,
330 498 405 538 per
436 484 625 538 singulos
658 497 793 527 annos
827 484 966 527 educti
999 485 1179 542 fuerint,
1221 486 1293 527 ubi
1331 486 1547 541 collocati,
1589 488 1828 541 quibusque
1859 489 1899 530 in

179 560 319 614 rebus,
352 572 434 612 quo
466 559 608 601 fructu
642 562 769 612 atque
803 558 1092 601 aedificatione
1125 565 1397 617 occupentur,
1429 562 1500 615 qui
1532 563 1784 616 superstites
1816 564 1900 606 sint

179 634 456 687 occupatique
487 633 659 687 fuerint,
691 633 763 686 qui
796 633 905 675 diem
939 634 1134 675 obierint.

317 726 353 766 6.
394 725 473 779 An,
505 727 733 777 postquam
755 723 897 765 educti
930 728 972 766 et
994 726 1118 767 certis
1150 726 1192 766 in
1224 726 1324 769 locis
1347 729 1679 782 muneribusque
1702 730 1899 784 occupari

179 800 408 854 coeperint,
441 800 543 841 dent
574 811 745 852 operam
778 800 990 841 seminarii
1014 799 1276 853 Superiores,
1312 805 1359 842 ut
1391 815 1484 844 cum
1517 804 1597 845 illis
1620 806 1901 847 necessariam

178 887 254 928 per
284 875 429 916 literas
461 874 808 916 consuetudinem
841 874 1065 929 retineant,
1098 878 1140 915 et
1172 875 1350 918 subinde
1372 877 1426 918 ad
1457 878 1637 920 officium
1661 880 1899 935 animando,

178 949 416 1004 excitando,
459 948 717 990 cohortando
760 948 926 1002 aliaque
968 949 1206 1002 spiritualia
1238 951 1394 992 auxilia
1426 952 1808 1010 subministrando,
1852 968 1900 997 ac

178 1024 429 1078 temporalia
461 1024 611 1079 etiam,
657 1024 691 1065 si
723 1035 828 1077 opus
862 1024 939 1079 sit,
982 1024 1094 1077 apud
1126 1025 1345 1068 Praelatos
1378 1026 1645 1081 Principesve
1677 1030 1781 1071 alios
1824 1043 1899 1083 pro

178 1100 259 1141 illis
291 1099 583 1155 procurando,
616 1102 659 1141 et
690 1099 743 1140 ad
775 1098 1021 1141 Pontificem
1052 1099 1214 1154 ipsum,
1257 1113 1351 1142 cum
1385 1114 1451 1144 res
1484 1103 1633 1158 exigit,
1666 1104 1899 1158 referendo,

179 1178 227 1216 ut
257 1174 425 1216 eosdem
457 1174 575 1216 brevi
607 1175 769 1229 aliquo,
811 1187 885 1217 seu
917 1174 1019 1227 quid
1052 1174 1166 1216 aliud
1197 1188 1273 1228 pro
1305 1180 1486 1229 paterna
1517 1190 1594 1220 sua
1631 1179 1898 1231 providentia

178 1250 483 1302 praestandum
516 1252 699 1305 censeat,
733 1253 970 1303 opportune
1002 1250 1256 1292 consoletur.

315 1344 351 1383 7.
395 1342 594 1384 Rationes
628 1341 789 1395 accepti
821 1346 864 1384 et
895 1342 1064 1395 expensi
1088 1355 1112 1384 a
1143 1343 1295 1398 prima,
1327 1344 1361 1386 si
1384 1343 1473 1386 fieri
1496 1349 1649 1398 potest,
1682 1347 1896 1389 seminarii

178 1418 384 1470 cujusque
418 1417 685 1459 institutione
725 1430 773 1459 ex
810 1417 928 1460 libris
967 1419 1202 1472 rationum,
1246 1419 1317 1471 qui
1360 1419 1471 1460 (lomi
1514 1424 1633 1472 sunt,
1678 1422 1901 1475 diligenter

176 1496 501 1545 recognoscent,
544 1495 751 1545 quantum
782 1505 836 1535 sc.
871 1493 913 1534 in
944 1493 1133 1546 singulos
1165 1506 1298 1536 annos
1331 1499 1573 1548 acceptum,
1616 1501 1822 1549 quantum
1856 1499 1898 1540 in

176 1568 333 1609 victum
368 1571 411 1609 et
441 1567 644 1609 vestitum
677 1580 725 1610 ac
757 1568 1059 1621 supellectilem
1090 1569 1323 1611 insumtum
1366 1571 1454 1612 sit?
1516 1564 1729 1622 Quantum
1771 1575 1897 1616 etiam

177 1642 217 1683 in
250 1642 571 1695 exstructiones,
605 1642 639 1683 si
671 1655 780 1695 quae
813 1642 1080 1685 alumnorum
1115 1645 1296 1697 pecunia
1327 1646 1464 1687 factae
1495 1650 1608 1697 sunt,
1641 1650 1715 1689 aut
1746 1648 1787 1690 in
1816 1662 1899 1691 ern-

176 1717 309 1758 tiones
352 1717 541 1770 aliosque
583 1717 942 1759 extraordinarios
982 1722 1148 1761 sumtus
1188 1719 1458 1772 impensum?
1528 1722 1690 1764 Deinde
1732 1723 1898 1776 singula

177 1804 272 1834 cum
314 1792 491 1846 singulis
534 1793 786 1835 conferendo
828 1793 1128 1849 negligentiae,
1171 1795 1204 1836 si
1247 1808 1356 1848 quae
1395 1796 1559 1850 uspiam
1597 1797 1638 1838 in
1680 1801 1898 1851 posterum

177 1871 413 1919 occurrent,
447 1867 500 1910 ad
532 1880 607 1910 nos
641 1868 792 1922 etiam,
826 1872 873 1910 ut
905 1869 956 1910 de
988 1872 1080 1911 tota
1112 1869 1491 1913 administrationis
1525 1872 1687 1914 ratione
1720 1876 1898 1929 constet,

176 1942 454 1986 summarium
499 1941 649 1984 horum
699 1943 884 1984 omnium
930 1943 1108 1986 indicem
1159 1957 1235 1998 per
1285 1958 1416 1987 annos
1470 1950 1512 1988 et
1563 1960 1704 1989 rerum
1757 1949 1896 2001 capita

176 2017 422 2060 distinctum
453 2017 759 2060 transmittent.

314 2112 352 2153 8.
400 2111 460 2153 Ut
500 2114 640 2153 totum
680 2111 893 2154 seminarii
933 2115 1095 2154 statum
1141 2112 1311 2167 penitus
1353 2113 1574 2168 explorent
1613 2118 1656 2158 et
1695 2116 1895 2173 omnium,

176 2198 286 2239 quae
317 2185 429 2228 dicta
461 2189 580 2241 sunt,
622 2187 845 2229 certiorem
876 2187 1071 2230 notitiam
1102 2187 1305 2243 habeant,
1348 2189 1399 2231 de
1430 2190 1606 2243 singulis
1639 2194 1730 2232 tum
1765 2192 1898 2246 Supe-

176 2261 358 2317 riorum,
397 2262 469 2315 qui
500 2265 729 2317 praesunt,
768 2266 860 2304 tum
892 2262 1160 2304 alumnorum
1199 2264 1378 2320 regulis,
1423 2265 1758 2308 ordinationibus
1797 2267 1897 2309 item

176 2335 501 2378 Provincialium
551 2349 599 2378 ac
641 2337 921 2379 Visitatorum
962 2338 1202 2391 exquirent,
1250 2352 1377 2392 quarn
1420 2344 1616 2382 accurate
1656 2343 1896 2393 serventur;

178 2423 261 2464 quo
303 2411 430 2453 etiam
468 2411 610 2453 studio
653 2416 801 2454 curata
842 2412 927 2453 sint
968 2425 1076 2465 quae
1118 2426 1141 2454 a
1182 2413 1226 2455 P.
1260 2414 1511 2468 Possevino,
1564 2415 1628 2456 cui
1663 2416 1754 2469 Jam
1797 2417 1896 2458 olim

179 2486 500 2528 seminariorum
533 2486 807 2528 directionem
839 2486 1207 2541 demandavimus,
1244 2490 1507 2542 praescripta
1537 2490 1730 2541 fuerunt,
1763 2491 1898 2533 defec-

177 2560 390 2615 tibusque,
423 2561 495 2614 qui
517 2561 652 2602 notati
674 2561 845 2616 fuerint,
880 2561 1104 2614 diligenter
1127 2562 1446 2614 animadversis,
1478 2576 1686 2616 quaenam
1712 2566 1897 2607 remedia

179 2634 244 2676 vel
274 2635 355 2688 ipsi
386 2635 427 2676 in
459 2648 659 2688 praesens
693 2635 986 2690 adhibuerint,
1025 2636 1090 2677 vel
1122 2649 1252 2690 opera
1284 2641 1430 2679 nostra
1460 2638 1502 2679 in
1532 2642 1749 2692 posterum
1781 2641 1897 2682 adhiss

179 2709 315 2752 benda
347 2712 557 2761 censeant,
591 2710 791 2752 certiores
824 2722 902 2752 nos
934 2710 1098 2753 facient.

317 2802 374 2844 Et
404 2803 603 2856 quoniam
634 2815 716 2845 non
748 2816 846 2845 raro
879 2803 1043 2859 accidit,
1076 2807 1124 2845 ut
1155 2805 1208 2847 ab
1241 2804 1345 2848 urbe
1376 2806 1468 2859 ipsa
1497 2808 1770 2860 requirantur
1801 2821 1896 2863 ope-

181 2877 296 2933 rarii,
327 2877 400 2931 qui
429 2878 681 2933 Provinciis,
715 2878 768 2920 ad
800 2891 982 2932 quarum
1016 2879 1216 2922 auxilium
1247 2881 1490 2934 seminaria,
1524 2886 1572 2924 ut
1604 2882 1804 2939 diximus,
1836 2888 1893 2925 in<

181 2951 334 2994 stituta
365 2956 485 3007 sunt,
518 2965 688 3006 operam
720 2956 897 3008 navent,
929 2967 980 2996 ne
1012 2954 1159 2996 incerti
1190 2955 1366 3009 posthac
1399 2957 1668 3011 haereamus,
1700 2959 1895 3000 monendi

181 3029 283 3068 sunt
312 3030 457 3068 nostro
488 3027 655 3069 nomine
677 3026 939 3083 Superiores,
973 3032 1019 3069 ut
1050 3032 1147 3081 post
1168 3029 1275 3071 hanc
1306 3030 1607 3083 inspectionem
1636 3035 1677 3073 et
1701 3032 1894 3086 deinceps

183 3101 408 3154 quotannis
440 3101 520 3142 sub
552 3102 901 3144 instaurationem
934 3102 1172 3144 studiorum
1204 3104 1381 3146 indicem
1414 3118 1461 3146 ac
1484 3106 1651 3147 nomina
1674 3119 1819 3148 eorum
1842 3107 1895 3148 ad
