2164 3535
580 290 803 333 Anordnung
827 289 888 324 des
914 289 965 333 3j.
994 290 1122 334 philos.
1149 289 1290 325 Kursus
1319 293 1416 326 1858.
1774 293 1853 334 561

145 433 357 482 postremo
391 429 463 482 (ad
495 429 740 471 refutandos
773 430 998 482 praecipue
1031 430 1286 472 recentiores
1319 429 1542 472 nonnullos
1572 429 1860 481 Pantheistas)

146 505 363 559 probetur,
396 505 614 552 unitatem,
649 517 758 558 quae
791 505 916 546 551111
952 509 1155 559 conceptu
1190 505 1431 561 universali,
1463 506 1504 547 in
1538 518 1678 548 rerum
1708 510 1863 548 natura

145 593 227 622 non
261 583 378 631 actu,
422 579 494 621 sed
527 580 717 632 potentia
748 582 915 621 tantum
947 593 1021 623 seu
1054 580 1428 623 fundamentaliter
1460 581 1647 634 reperiri.
1709 579 1772 623 De
1797 582 1864 634 Ju-

147 655 264 697 diciis
295 654 562 705 immediatis,
595 658 637 695 ct
657 655 867 708 quomodo
894 655 1053 708 judicia
1085 656 1223 697 omnia
1254 669 1302 698 ex
1324 656 1513 698 idearum
1547 656 1861 709 comparatione

147 728 422 772 efflorescant.
485 729 548 771 De
590 730 828 782 ratiocinio,
870 731 1152 783 praecognitis
1192 734 1235 773 et
1274 732 1639 784 praenotionibus;
1682 731 1754 773 ubi
1795 731 1864 773 de-

147 805 392 846 clarandum
433 810 518 857 est,
562 817 645 858 quo
677 809 800 858 pacto
844 805 1061 846 ratiocinio
1094 819 1227 848 novae
1260 807 1516 859 cognitiones
1550 810 1863 861 comparentur,

147 892 306 922 necnon
340 893 472 933 quare
515 880 770 920 conclusioni
811 880 1023 932 legitimae
1055 880 1207 922 falsum
1249 881 1422 924 subesse
1461 886 1665 935 nequeat,
1707 885 1750 924 et
1780 895 1865 936 qua

147 955 310 996 ratione
340 955 598 1007 praemissae
631 954 685 996 ad
718 955 1034 997 assentiendum
1068 956 1323 998 conclusioni
1357 961 1520 1010 cogant.

289 1032 350 1070 10.
402 1030 680 1071 Auctoritatis
713 1032 754 1071 et
785 1029 904 1086 fidei,
938 1043 1046 1083 quae
1078 1043 1127 1072 ea
1159 1031 1322 1084 nititur,
1355 1035 1510 1074 natura
1542 1038 1790 1089 exponatur,
1822 1038 1864 1076 et

146 1105 271 1159 hujus
313 1104 543 1154 certitudO,
587 1109 747 1158 quanta
786 1109 828 1147 et
869 1105 1005 1159 qualis
1037 1106 1114 1160 sit,
1155 1110 1434 1157 monstretur3
1476 1120 1559 1161 quo
1602 1107 1692 1150 loco
1735 1108 1862 1150 etiam

148 1181 251 1222 artis
285 1180 454 1222 criticae
477 1185 519 1222 et
551 1180 890 1222 hermeneuticae
921 1193 1086 1222 summa
1114 1181 1319 1234 principia
1350 1181 1588 1224 tradantur.
1644 1183 1863 1236 Agendum

147 1255 282 1308 igitur
313 1255 498 1296 breviter
529 1260 591 1297 est
625 1255 674 1297 de
707 1256 1000 1297 instrumentis
1033 1259 1075 1297 et
1107 1256 1306 1308 testibus,
1340 1261 1468 1310 atque
1500 1258 1677 1313 regulis,
1710 1258 1863 1311 quibus

147 1334 427 1383 utrorumque
458 1330 665 1372 veracitas
709 1331 996 1385 cognoscitur,
1039 1331 1260 1385 expositis,
1304 1331 1499 1374 addenda
1529 1335 1629 1375 sunt
1659 1332 1860 1375 nonnulla

145 1405 195 1447 de
228 1405 392 1447 critices
425 1405 574 1449 abusu,
608 1405 719 1446 illius
752 1405 944 1461 maxime,
976 1418 1102 1458 quam
1135 1406 1343 1448 internam
1377 1410 1539 1449 vocant.

285 1483 349 1522 11.
399 1480 660 1523 Ostendatur
699 1479 960 1533 Scepticismi
1003 1480 1252 1523 universalis
1295 1481 1549 1524 absurditas.
1622 1483 1863 1534 Quaeratur

149 1555 313 1611 deinde,
340 1559 550 1609 quatenus
573 1555 795 1609 dubitatio,
818 1568 927 1608 quae
949 1555 1187 1597 methodica
1209 1556 1375 1611 dicitur,
1398 1557 1630 1615 probanda,
1653 1564 1863 1612 quatenus

146 1631 371 1685 rejicienda
393 1631 465 1682 sit;
499 1631 570 1672 ubi
594 1630 900 1673 ostendendum
923 1631 1016 1686 erit,
1048 1643 1183 1684 neque
1206 1644 1254 1673 ex
1283 1632 1373 1674 sola
1395 1633 1592 1687 propriae
1614 1634 1861 1677 existentiae

146 1707 397 1761 cognitione,
429 1718 565 1758 neque
599 1719 645 1747 ex
669 1706 760 1748 sola
793 1706 1084 1761 intelligentia,
1117 1706 1190 1748 sed
1213 1719 1261 1748 ex
1284 1707 1361 1749 hac
1383 1712 1425 1750 et
1447 1709 1706 1762 experientia
1739 1710 1863 1752 simul

145 1782 198 1824 ad
231 1786 390 1824 certam
421 1794 562 1823 rerum
595 1781 874 1834 cognitionem
906 1782 1126 1834 perveniri.

290 1859 356 1899 12.
404 1857 649 1910 Explicetur
671 1856 732 1898 vis
762 1860 803 1897 et
824 1860 979 1898 natura
1000 1869 1149 1899 sensus
1181 1861 1358 1900 naturae
1381 1860 1625 1915 communis,
1657 1873 1790 1914 eoque
1813 1861 1866 1904 ab

147 1933 363 1975 hominum
387 1945 592 1974 consensu
616 1931 827 1986 distincto,
850 1936 1124 1987 monstretur,
1147 1937 1345 1974 neutrum
1367 1933 1512 1975 haberi
1533 1946 1657 1987 posse
1678 1948 1755 1989 pro
1776 1937 1867 1978 uni—

147 2008 299 2051 versali
331 2008 416 2050 veri
449 2019 597 2049 norma
629 2012 704 2048 aut
736 2007 1000 2049 certitudinis
1033 2008 1255 2061 principio:
1300 2012 1427 2062 atque
1460 2009 1526 2051 hic
1558 2011 1865 2067 explicandum,

147 2097 229 2138 quo
272 2087 395 2138 pacto
439 2084 606 2137 privata
645 2083 922 2136 intelligentia
963 2083 1168 2125 naturalis
1207 2083 1470 2127 certitudinis
1502 2085 1754 2139 principium
1787 2086 1867 2130 dici

148 2159 282 2212 possit
313 2163 356 2200 et
385 2158 549 2207 debeat,
582 2159 770 2212 subjecto
794 2171 817 2199 a
840 2159 987 2201 mediis
1011 2165 1051 2201 et
1073 2160 1230 2201 motivo
1264 2160 1526 2203 certitudinis
1559 2161 1639 2204 rite
1671 2162 1864 2204 discreto.

291 2234 351 2275 13.
403 2234 641 2275 Praemissa
684 2233 924 2275 definitione
967 2235 1187 2289 scientiae,
1230 2248 1339 2288 quae
1371 2240 1463 2277 tum
1495 2236 1547 2278 ab
1589 2237 1867 2290 intelligentia

149 2312 240 2350 tum
273 2309 325 2350 ab
360 2309 553 2361 opinione
586 2312 628 2349 et
658 2308 738 2350 tide
772 2308 1045 2363 discernitur,
1090 2313 1243 2362 agatur
1278 2309 1328 2351 de
1362 2310 1566 2352 relatione
1597 2311 1707 2353 inter
1738 2311 1869 2353 scien-

148 2384 251 2425 tiam
297 2387 339 2425 et
379 2382 525 2434 fidem,
569 2388 697 2437 atque
739 2384 1072 2437 demonstretur,
1116 2385 1226 2426 sicut
1258 2388 1355 2426 ante
1399 2398 1563 2427 omnem
1595 2385 1738 2439 fidem,
1781 2387 1868 2429 sive

150 2459 380 2501 humanam
415 2459 501 2500 sive
534 2459 729 2506 divinam,
762 2459 936 2500 scientia
969 2459 1111 2512 aliqua
1142 2460 1377 2501 necessario
1411 2460 1650 2514 praecedat,
1681 2461 1741 2503 ita
1778 2475 1869 2503 rur—

149 2547 220 2576 sus
263 2534 480 2576 scientiam
523 2533 735 2586 quandam
769 2547 817 2576 ex
846 2533 927 2575 fide
958 2535 1092 2583 nasci,
1135 2538 1247 2576 recte
1287 2537 1427 2576 tamen
1461 2547 1510 2576 ea
1541 2548 1709 2588 quoque
1741 2536 1867 2591 credi,

150 2622 258 2663 quae
299 2609 468 2650 minime
510 2609 822 2661 intelliguntur:
866 2609 935 2650 ubi
969 2609 1019 2650 de
1061 2609 1264 2651 limitibus
1304 2609 1512 2651 humanae
1553 2610 1866 2664 intelligentiae.

150 2685 315 2737 Agatur
346 2684 472 2725 etiam
506 2684 556 2725 de
599 2684 797 2726 scientiae
830 2684 993 2726 unitate
1022 2687 1063 2725 et
1106 2684 1397 2740 distinctione,
1437 2687 1564 2738 atque
1598 2685 1712 2726 varia
1744 2685 1866 2727 disci-

151 2759 360 2812 plinarum
396 2772 549 2811 genera
582 2771 812 2811 earumque
845 2759 955 2801 inter
986 2772 1029 2801 se
1061 2772 1191 2801 nexus
1225 2760 1495 2813 explicentur.

677 2934 1020 2987 Metaphysica
1062 2932 1340 2975 Generalis.

293 3051 327 3090 1.
377 3049 441 3090 De
473 3048 785 3102 Metaphysicae
818 3049 1000 3101 objecto;
1045 3048 1095 3090 de
1127 3049 1215 3101 ejus
1249 3060 1422 3089 munere
1454 3059 1603 3090 causas
1636 3061 1778 3091 rerum
1810 3050 1867 3091 al-

153 3123 338 3165 tissimas
370 3122 623 3176 explicandi3
666 3123 716 3164 de
748 3123 892 3176 primis
925 3122 1163 3175 principiis,
1207 3122 1417 3175 quomodo
1451 3126 1782 3175 cognoscantur,
1815 3136 1867 3165 an

154 3198 435 3240 demonstrari
466 3198 640 3252 possint.

224 3274 412 3300 Monumenta
432 3272 605 3299 Germaniae
624 3273 828 3305 paedagogica
846 3273 921 3298 XVI·
1594 3269 1640 3302 36
