2164 3535
199 207 282 250 426
505 205 608 240 Neue
635 206 999 249 Studienvorschl'age
1026 206 1090 241 der
1114 206 1315 241 deutschen
1341 206 1494 241 Provinz
1523 210 1621 243 1830.

196 351 385 401 possunt.
443 372 491 378 -
547 346 840 389 Conficiendae
886 360 1056 400 quoque
1103 351 1204 390 sunt
1248 347 1421 400 regulae
1466 360 1542 401 pro
1591 347 1922 406 Convictibus1),

197 435 429 476 eorumque
470 421 720 463 Rectoribus
764 425 806 463 et
847 422 1099 477 Praefectis,
1149 423 1190 464 in
1234 423 1387 476 quibus
1430 423 1680 465 ordinentur
1720 436 1829 477 quae
1870 425 1922 466 ad

195 498 404 539 internam
437 496 700 550 disciplinam
732 500 774 538 et
805 496 1216 540 administrationem
1249 498 1399 540 domus
1423 500 1465 539 et
1486 510 1595 551 quae
1618 498 1670 540 ad
1694 499 1922 542 relationes

196 585 290 614 cum
319 572 528 625 Collegiis,
559 572 602 613 in
635 572 788 625 quibus
822 573 980 614 alumni
1012 573 1164 615 studiis
1198 577 1364 629 vacant,
1397 573 1622 627 pertinent.

333 666 384 708 29
424 666 537 708 Utile
569 667 694 721 esset,
729 672 775 707 ut
805 679 939 708 novus
972 667 1074 708 ordo
1106 667 1382 709 materiarum
1416 679 1463 709 ac
1484 666 1818 720 praelectionum
1845 681 1922 722 pro

194 741 422 795 Theologia
452 754 500 783 ac
530 741 803 795 Philosophia
834 742 1130 784 constituatur.

332 836 384 878 39
422 835 471 877 Ι11
503 834 714 887 aliquibus
748 834 944 888 Collegiis
978 835 1214 888 explicatur
1246 835 1374 877 etiam
1405 835 1701 889 Philosophiae
1741 836 1922 879 alumnis

193 911 466 964 Philosophia
496 910 746 965 ReligioniS,
788 911 828 952 in
870 911 961 953 aliis
995 909 1288 953 Catechismus
1321 909 1614 962 Tridentinus,
1656 911 1697 952 in
1731 911 1822 953 aliis
1855 925 1922 954 ex-

194 986 426 1040 planantur
457 986 689 1039 Evangelia
730 987 995 1029 occurrentia
1033 999 1109 1039 per
1152 998 1321 1027 annum.
1385 1010 1437 1015 -—
1499 986 1589 1027 Imo
1630 987 1920 1043 statuendum,

196 1064 339 1102 utrum
378 1061 420 1102 in
459 1061 612 1104 scholis
646 1061 936 1115 superioribus
967 1060 1176 1103 tradenda
1208 1061 1264 1102 sit
1295 1060 1490 1102 doctrina
1522 1060 1763 1104 Christiana
1795 1063 1922 1116 expli-

193 1136 345 1192 catior,
393 1140 621 1190 postquam
667 1137 709 1179 in
752 1136 1022 1179 inferioribus
1065 1137 1152 1190 Jam
1201 1149 1373 1178 cursum
1416 1136 1660 1180 universum
1704 1137 1921 1181 doctrinae

192 1211 415 1264 religiosae
446 1212 726 1265 perfecerunt.

334 1301 386 1343 4?
424 1300 590 1342 Petitur
622 1300 801 1354 amplior
833 1301 1053 1354 catalogus
1086 1300 1423 1354 propositionum
1454 1300 1841 1354 philosophicarum
1873 1315 1922 1344 ac

195 1375 542 1428 theologicarum,
576 1388 685 1428 quae
716 1376 757 1417 in
791 1375 944 1418 scholis
977 1376 1133 1418 nostris
1167 1376 1400 1418 tradendae
1431 1388 1513 1417 non
1547 1379 1657 1418 sunt.

331 1469 382 1511 59
420 1469 514 1510 Non
548 1469 638 1511 sine
671 1468 890 1520 dedecore,
924 1469 1023 1522 quin
1056 1469 1161 1525 imo,
1194 1471 1402 1523 quantum
1434 1469 1694 1523 experientia
1727 1474 1921 1513 constare

193 1546 348 1599 potest,
381 1556 475 1585 cum
507 1544 643 1586 bonae
665 1544 989 1586 existimationis
1013 1544 1280 1596 detrimentO,
1313 1544 1688 1587 introducerentur
1710 1548 1920 1588 tractatus

192 1618 467 1673 philosophici
518 1623 593 1660 aut
640 1620 864 1673 theologici
911 1620 963 1661 ab
1011 1620 1102 1662 aliis
1150 1620 1398 1675 conscripti,
1449 1633 1575 1673 quam
1624 1633 1647 1662 a
1694 1620 1918 1664 Societatis

194 1698 365 1736 nostrae
397 1694 650 1748 hominibus,
686 1695 765 1737 nisi
798 1695 907 1738 forte
939 1696 1178 1738 istiusmodi
1211 1696 1466 1738 tractatibus
1500 1708 1760 1750 careremus,
1793 1700 1921 1750 prout

192 1770 330 1812 adhuc
363 1770 444 1827 [se]
477 1783 544 1812 res
575 1770 706 1812 habet
738 1784 814 1824 pro
847 1771 1036 1825 Physicis
1070 1775 1112 1813 et
1142 1771 1454 1813 Mathematicis
1487 1770 1729 1824 disciplinis.

331 1864 383 1905 69
423 1863 571 1914 Quoad
608 1864 817 1919 linguam,
859 1864 899 1905 in
942 1877 1027 1918 qua
1066 1864 1178 1907 tradi
1219 1864 1374 1906 debent
1405 1864 1647 1918 superiores
1678 1865 1919 1921 facultates,

186 1939 276 1992 Jam
314 1939 549 1992 providisse
581 1939 750 1981 videtur
783 1939 1065 1993 Congregatio
1104 1939 1264 1981 ultima.
1328 1939 1376 1980 In
1409 1939 1555 1992 logicis
1588 1939 1917 1994 methaphysicis

192 2026 240 2055 ac
280 2013 525 2066 theologicis
566 2027 661 2056 cum
706 2014 919 2067 religionis
960 2017 1089 2068 atque
1130 2015 1262 2068 ipsius
1297 2014 1496 2056 scientiae
1530 2014 1782 2056 detrimento
1815 2027 1918 2057 usus

191 2088 361 2141 linguae
399 2089 556 2131 latinae
598 2089 896 2142 negligeretur.
970 2090 1199 2132 Praeterea
1247 2090 1502 2132 desiderium
1552 2090 1917 2145 Congregationis,

195 2167 243 2204 ut
274 2164 400 2205 etiam
422 2164 464 2205 in
488 2164 673 2206 scientiis
697 2164 964 2206 naturalibus
988 2169 1031 2206 et
1054 2165 1363 2208 mathematicis
1387 2166 1497 2207 idem
1521 2178 1624 2208 usus
1648 2166 1916 2217 retineretur,

193 2251 413 2281 commune
455 2243 519 2281 est
561 2240 775 2293 omnibus,
819 2241 890 2293 qui
933 2241 998 2282 vel
1043 2242 1171 2284 semel
1203 2242 1500 2295 inspexerunt,
1543 2244 1705 2295 quanta
1737 2240 1833 2282 inde
1865 2241 1918 2282 ad

192 2315 401 2356 bonarum
434 2315 589 2356 artium
621 2316 751 2357 veluti
785 2317 1081 2359 commercium
1115 2322 1157 2360 et
1179 2318 1303 2360 simul
1325 2319 1631 2360 incrementum
1654 2316 1918 2358 redundaret

193 2390 367 2432 utilitas.
430 2390 512 2432 Sed
559 2394 708 2445 optare
753 2390 917 2433 facilius
964 2396 1048 2447 est,
1096 2406 1223 2446 quam
1271 2393 1503 2435 executioni
1547 2391 1748 2434 mandare
1792 2403 1922 2433 usum>

193 2467 361 2519 linguae
394 2467 571 2521 latinae,
604 2479 735 2520 quae,
778 2467 814 2508 si
846 2466 1189 2509 introduceretur
1221 2468 1260 2509 in
1294 2468 1343 2510 iis
1376 2467 1642 2519 regionibus,
1683 2466 1727 2507 in
1761 2466 1915 2519 quibus

192 2542 429 2583 contrarius
463 2554 551 2583 mos
578 2542 667 2595 jam
701 2541 770 2583 diu
793 2542 986 2597 invaluit,
1019 2542 1184 2584 scholas
1206 2546 1375 2585 nostras
1401 2542 1591 2584 desertas
1614 2542 1772 2583 faceret
1833 2541 1914 2583 Pro

193 2617 333 2658 studio
366 2621 507 2658 tamen
538 2618 762 2669 historiae,
806 2618 985 2659 maxime
1017 2617 1142 2659 medii
1184 2621 1226 2659 et
1263 2617 1509 2659 recentioris
1553 2617 1657 2667 aevi,
1700 2616 1916 2658 videretur

193 2692 419 2734 necessitas
453 2693 628 2734 docendi
661 2693 838 2734 eandem
870 2693 1014 2744 lingua
1045 2693 1273 2734 vernacula
1294 2696 1468 2746 propter
1491 2691 1758 2733 vernaculam
1782 2691 1915 2744 regio-

195 2781 307 2819 num,
340 2767 522 2817 urbium,
556 2767 788 2809 officiorum
822 2771 864 2810 et
895 2768 1652 2810 consuetudinum·nomenclaturam.
1689 2791 1738 2796 —
1774 2765 1914 2816 Quare

193 2843 233 2883 in
266 2843 429 2884 ratione
461 2843 699 2884 studiorum
734 2843 834 2884 nihil
867 2844 969 2885 certi
994 2856 1040 2885 ac
1063 2843 1285 2885 decretorii
1308 2842 1476 2884 videtur
1497 2842 1786 2893 statuendum,
1819 2853 1913 2882 cum

193 2917 386 2958 omnibus
413 2918 501 2970 jam
535 2917 701 2959 abunde
733 2918 966 2971 providerit
997 2918 1124 2971 Coug.
1146 2919 1245 2959 XXI
1280 2918 1433 2960 decret.
1459 2918 1572 2958 XIX.
1598 2942 1646 2946 ——
1682 2917 1741 2958 Ut
1772 2920 1912 2957 tamen

195 2992 350 3033 decreti
404 2992 529 3045 hujus
583 2993 786 3034 severitas
834 2993 1072 3046 mitigetur,
1125 3006 1200 3035 nec
1255 2997 1480 3034 consuetae
1528 2992 1750 3045 objectioni
1796 2992 1912 3033 locus

334 3155 358 3198 ¹)
386 3153 513 3188 Solche
542 3154 610 3196 gab
636 3164 674 3188 es
701 3154 812 3188 sehon
840 3154 909 3188 seit
937 3157 1034 3200 1583,
1062 3164 1088 3187 3.
1115 3153 1195 3188 Rat.
1223 3152 1315 3188 stud.
1343 3153 1370 3198 I,
1395 3155 1463 3188 404
1474 3164 1518 3188 33.
