2164 3535
199 160 282 201 232
731 156 1006 200 Heranbildung
1032 156 1095 191 der
1120 156 1258 191 Lehrer
1285 158 1383 192 1622.

200 297 375 341 retentis
408 300 575 340 tantum
607 296 825 351 particulis
858 296 1224 353 connectentibus,
1255 297 1297 339 in
1330 297 1484 351 quibus
1512 297 1722 351 elegantia
1754 301 1838 355 est,
1870 301 1918 341 ut

198 373 391 417 formulis
424 373 724 416 transitionum
756 384 804 414 ac
835 372 1277 425 praeoccupationum.

338 451 390 494 69
426 448 469 491 Si
500 448 719 503 proposita
748 450 927 490 materia
959 447 1114 502 aliqua,
1148 461 1184 489 v.
1208 461 1268 501 gr.
1294 448 1503 491 amicitiae
1530 448 1668 501 Laude,
1701 448 1918 491 remittan-

200 529 272 568 tur
302 526 357 569 ad
377 525 582 580 Laelium,
614 525 662 565 ut
688 523 785 565 inde
807 523 994 578 phrasin,
1028 526 1279 576 argumenta
1302 526 1345 566 et
1366 522 1735 578 amplificationem
1756 527 1917 580 petant,

200 602 263 644 vel
296 601 349 643 ad
380 599 589 642 Nizolium
623 612 660 641 v.
693 598 917 641 thesauros
950 598 1270 655 Ciceronianos,
1303 601 1351 641 ut
1382 599 1479 642 inde
1510 600 1680 642 virtutis
1713 599 1919 643 definitio-

198 690 313 732 nem,
355 675 622 731 divisionem,
664 674 866 729 adjuncta
905 674 1094 728 aliasque
1126 675 1311 718 rationes
1345 675 1554 730 accipiant
1586 679 1919 730 convertantque

200 751 412 805 Treigium
454 750 609 793 imitati
649 750 690 792 in
734 749 1007 792 Ciceroniano
1050 763 1145 796 suo:
1193 750 1228 793 si
1266 750 1602 801 benevolentiae,
1645 751 1918 804 gratitudinis

199 827 391 881 aliusque
430 825 603 869 affectus
636 825 1005 879 significationem,
1045 826 1078 868 si
1110 826 1282 868 modum
1314 826 1578 880 proponendi
1610 826 1919 881 eloquendique

199 902 412 945 Ciceronis
445 903 675 944 imitentur.
732 902 796 944 Ab
828 901 893 944 his
925 901 1282 956 progrediendum
1316 902 1369 944 ad
1403 902 1607 957 diversas,
1640 915 1746 956 quas
1778 906 1918 946 tamen

198 978 423 1031 audierint,
457 978 656 1032 epistolas
689 980 731 1019 et
761 977 905 1029 libros,
938 977 1080 1031 petitis
1102 977 1199 1020 inde
1221 977 1404 1031 periodis
1429 978 1669 1032 argumenti
1693 978 1919 1033 vernaculi,

199 1066 305 1108 quas
337 1053 467 1096 latine
499 1054 747 1107 conquirere
780 1054 1118 1107 conJungereque
1150 1054 1325 1107 possint.

337 1129 427 1171 Hoc
459 1128 582 1171 modo
614 1129 712 1171 licet
734 1131 777 1171 61
807 1129 1032 1183 poetices
1064 1129 1315 1172 studiosis
1349 1133 1648 1183 argumentum
1673 1142 1918 1184 suggerere:

203 1209 251 1249 l‘?
284 1206 485 1248 Fractum
517 1217 706 1258 carmen,
748 1207 796 1246 ut
826 1204 931 1246 illud
970 1204 1243 1247 consolident.
1306 1207 1358 1248 29
1392 1206 1712 1261 Imperfectum,
1753 1205 1794 1247 in
1837 1217 1920 1259 quo

200 1280 387 1336 epitheta
427 1280 512 1323 sint
553 1279 874 1334 praetermissa,
917 1283 965 1321 ut
1006 1280 1057 1322 de
1099 1292 1174 1322 suo
1208 1280 1262 1323 ad
1293 1281 1592 1334 integrandum
1624 1281 1728 1323 illud
1761 1281 1920 1335 aliquid

200 1356 411 1411 adjiciant.
476 1358 527 1398 39
562 1355 741 1398 Iubendi
779 1359 1057 1410 transponere
1097 1356 1225 1410 pedes
1269 1358 1311 1398 et
1341 1356 1437 1398 hinc
1469 1356 1566 1399 inde
1599 1356 1713 1398 aliud
1746 1356 1921 1398 verbum

202 1445 335 1486 aeque
366 1432 546 1474 latinum
577 1431 850 1473 substituere.
912 1433 964 1473 49
999 1432 1141 1474 Unum
1173 1444 1326 1486 genus,
1369 1434 1535 1474 retenta
1566 1432 1712 1474 eadem
1743 1433 1923 1475 materia

200 1508 241 1550 in
281 1507 396 1550 aliud
435 1506 752 1561 transfundere,
793 1521 828 1548 v.
863 1519 924 1560 gr.
958 1507 1240 1550 Horatianum
1283 1508 1324 1550 in
1358 1508 1626 1562 Sapphicum.
1691 1510 1742 1551 59
1777 1509 1922 1563 Tityro

204 1584 268 1626 vel
301 1583 511 1638 Corydoni
545 1583 776 1636 Virgiliano
816 1582 972 1625 similes
1012 1584 1215 1638 opiliones
1248 1586 1289 1626 et
1320 1588 1513 1638 pastores
1545 1584 1721 1638 fingere,
1764 1583 1837 1638 qui
1869 1583 1923 1625 ad

201 1672 370 1703 sensum
403 1671 686 1713 numerosque
704 1659 960 1713 Virgilianos
982 1673 1110 1715 quam
1132 1661 1320 1714 proxime
1343 1660 1556 1702 accedant.
1607 1659 1769 1702 Similia
1799 1671 1924 1712 argu-

201 1740 344 1778 menta
376 1735 430 1778 ad
462 1735 669 1788 Georgica
701 1739 743 1778 et
774 1735 1001 1778 Aeneidem
1034 1736 1350 1790 exprimendam
1383 1736 1672 1789 excogitanda.
1732 1735 1849 1778 Idem
1880 1735 1922 1777 in

201 1811 341 1866 lyricis
373 1811 639 1867 Horatianis,
681 1811 824 1865 elegiis
858 1811 1011 1854 Tibulli
1051 1812 1229 1865 aliisque
1266 1812 1516 1854 faciendum.
1579 1812 1666 1855 Nec
1699 1811 1921 1854 Terentius

203 1891 418 1930 correctus
459 1887 757 1941 negligendus,
801 1888 986 1942 optimus
1018 1888 1243 1930 latinitatis
1276 1888 1488 1941 magister.
1553 1888 1637 1930 Res
1669 1900 1754 1929 una
1785 1887 1922 1929 decies

203 1966 245 2005 et
284 1963 463 2017 amplius
507 1962 710 2005 varianda
748 1975 841 2005 cum
874 1963 1050 2016 Virgilio
1089 1963 1129 2005 in
1163 1964 1431 2017 experientiis
1464 1967 1561 2017 post
1592 1962 1820 2005 Aeneidem
1852 1961 1923 2004 ad-

197 2038 319 2092 J'ungi
351 2038 506 2090 solitis;
539 2037 657 2080 dabit
688 2038 797 2080 6111111
830 2038 872 2080 id
905 2038 1067 2092 copiam
1101 2039 1152 2080 ad
1185 2039 1431 2082 facilitatem
1463 2038 1685 2081 scribendi.
1743 2038 1924 2081 Tentan-

204 2114 304 2156 dum
337 2113 496 2167 aliquid
528 2117 592 2155 est
624 2114 677 2155 ad
709 2119 941 2157 extremum
975 2128 1050 2157 5110
1084 2118 1233 2167 marte,
1266 2115 1369 2158 satis
1387 2115 1476 2168 jam
1501 2115 1667 2168 cognito
1691 2114 1811 2168 genio
1835 2126 1924 2157 car·

206 2188 328 2230 minis
360 2191 403 2230 61
433 2188 691 2231 sufficienter
716 2190 804 2243 jam
837 2189 980 2243 phrasi
1012 2190 1177 2244 poetica
1207 2190 1381 2232 imbuto.

342 2269 552 2312 Rhetori
584 2270 730 2313 eadem
763 2271 830 2312 via
861 2270 1228 2325 progrediendum.
1283 2271 1513 2314 Praeludet
1544 2270 1678 2324 primo
1712 2270 1924 2313 chriarum

205 2345 478 2393 tractatione,
512 2344 662 2387 deinde
693 2346 896 2401 exordiis,
930 2347 1192 2399 narratione,
1225 2347 1599 2400 descriptionibus;
1632 2360 1780 2389 earum
1811 2345 1925 2400 apud

206 2420 458 2463 Caussinum
498 2420 539 2462 in
581 2421 793 2474 parallelis
834 2422 1100 2475 eloquentiae
1138 2427 1180 2464 et
1212 2423 1482 2465 Melchiorem
1515 2423 1694 2466 Cerdam
1735 2423 1926 2477 exempla

205 2496 410 2551 invenies,
443 2500 491 2538 ut
531 2497 787 2552 insularum,
826 2497 1047 2553 arborum,
1090 2498 1344 2552 templorum
1388 2498 1704 2553 multarumque
1745 2498 1924 2541 aliarum

206 2584 347 2614 rerum
381 2585 405 2614 a
436 2572 579 2626 probis
612 2573 832 2615 autoribus
864 2574 1109 2629 petitarum,
1141 2574 1183 2616 in
1205 2574 1249 2616 P.
1276 2574 1480 2617 Caussino
1507 2574 1698 2617 maxime.
1735 2599 1784 2605 -
1818 2574 1924 2617 Τ11111

207 2646 380 2689 accedes
414 2647 467 2689 ad
498 2648 684 2701 integras
718 2648 930 2692 Ciceronis
963 2651 1176 2693 orationes
1208 2650 1513 2704 exprimendas.
1575 2650 1658 2692 Pro
1681 2650 1813 2693 Verre
1844 2650 1926 2692 erit

207 2722 270 2776 L.,
302 2722 338 2764 si
369 2723 558 2765 verrinas
591 2724 692 2767 velis
725 2725 952 2781 applicare,
983 2739 1059 2779 pro
1091 2726 1273 2768 Antonio
1307 2726 1349 2768 C.
1384 2727 1560 2780 ejusque
1592 2726 1751 2768 scelera
1785 2759 1792 2767 .
1827 2757 1835 2765 .
1870 2758 1879 2767 .

209 2797 266 2840 Ε1
306 2797 366 2840 516
403 2797 657 2853 Philippicas
699 2801 918 2854 exprimes.
981 2801 1097 2844 Idem
1143 2801 1184 2843 in
1227 2801 1319 2844 aliis
1357 2802 1391 2844 si
1434 2801 1600 2853 feceris,
1643 2801 1777 2855 stylus
1812 2801 1925 2844 Cice-

208 2873 408 2915 ronianus
441 2876 556 2916 totus
588 2874 680 2916 erit.
742 2875 959 2919 Manutius
991 2877 1025 2931 I,
1047 2878 1072 2918 4
1105 2889 1283 2932 omnem,
1316 2889 1442 2930 quam
1474 2879 1624 2919 nactus
1656 2879 1721 2919 est
1752 2877 1793 2918 in
1825 2877 1925 2919 scri·

209 2948 343 2991 bendo
377 2948 645 3005 facilitatem,
678 2951 829 2993 tribuit
859 2951 985 3006 hujus
1017 2952 1263 2995 imitationis
1296 2952 1443 3007 modO,
1476 2951 1589 3005 quod
1621 2952 1840 3006 decerptas
1874 2952 1925 2994 de

211 3023 411 3070 Cicerone
441 3039 476 3067 v.
511 3026 706 3068 Terentio
739 3027 971 3069 sententias
1004 3028 1158 3070 tacitus
1190 3027 1232 3069 in
1263 3027 1401 3069 animo
1434 3027 1628 3078 versarit,
1661 3039 1731 3070 eas
1764 3026 1926 3070 ornarit

210 3098 349 3141 verbis
381 3112 507 3153 quam
540 3100 679 3154 potuit
710 3100 968 3157 lectissimis,
1009 3105 1077 3157 ut,
1116 3114 1210 3144 cum
1242 3102 1414 3145 eaedem
1444 3105 1606 3158 essent,
1645 3102 1752 3145 aliae
1784 3105 1924 3145 tamen
