2164 3535
609 229 801 264 Correctur
825 229 890 263 der
915 227 1164 263 schriftlichen
1191 228 1376 263 Arbeiten.
1776 231 1853 272 101

133 371 338 413 bonorum
372 371 626 425 scriptorum
659 371 847 414 discitur.
913 371 1140 413 Caeterum
1162 369 1299 411 dictae
1322 369 1562 422 scriptionis
1594 372 1754 423 partes,
1786 369 1857 411 ubi

134 449 302 500 tempus
336 448 547 499 suppetet,
581 447 695 488 brevi
720 447 862 500 aliqua
884 446 1184 488 exercitatione
1206 446 1265 488 sic
1287 448 1573 497 recurrentur,
1605 448 1654 486 ut
1675 445 1859 498 optimae

134 534 328 575 quaeque
359 523 450 575 ejus
483 522 700 577 dictiones,
732 522 921 575 phrases,
954 522 1189 563 sententiae
1228 520 1369 573 (modo
1402 520 1668 571 vernaculae,
1701 523 1749 561 ut
1781 520 1860 560 La-

135 597 221 639 tine
252 597 506 651 reddantur,
539 596 663 638 modo
696 597 894 651 Latinae,
927 599 976 637 ut
1006 597 1143 649 patrio
1177 596 1406 638 efferantur
1436 598 1646 646 sermone)
1681 608 1705 636 a
1737 594 1859 636 disci-

134 672 243 725 pulis
276 675 566 725 reposcantur,
591 683 673 723 quo
697 671 935 712 uberiorem
959 670 1117 712 scilicet
1139 671 1315 712 Latinae
1338 671 1506 723 linguae
1531 670 1694 723 copiam
1719 682 1860 711 usum-

135 760 216 800 que
249 749 575 799 consequantur.
638 744 721 786 Sed
747 746 836 798 Jam
869 746 1038 797 regulas
1062 745 1310 787 Scliolarmn
1344 746 1537 800 proprias
1570 745 1858 801 recitabimus,

135 834 182 864 ex
214 821 382 877 quibus,
416 833 623 874 quaenam
656 821 697 862 in
731 820 907 873 singulis
941 820 1157 862 Classibns
1198 833 1376 862 censura
1416 821 1555 862 notari
1594 820 1860 873 potissimum

135 896 329 952 debeant,
362 898 650 949 cognoscetur.

274 971 321 1013 In
353 971 600 1026 Rhetorica,
634 971 735 1012 dum
768 970 941 1023 scriptio
975 970 1221 1023 corrigitur,
1254 969 1526 1011 indicandum
1559 970 1658 1025 erit,
1691 970 1726 1011 si
1759 971 1860 1024 quid

134 1048 176 1089 in
208 1046 385 1090 artificio
418 1047 602 1089 oratorio
637 1050 712 1088 aut
750 1046 933 1101 poetico,
975 1046 1016 1087 in
1059 1046 1268 1099 elegantia
1311 1045 1513 1098 cultuque
1552 1046 1776 1102 sermonis,
1819 1046 1860 1087 in

135 1122 420 1165 connectenda
452 1122 661 1177 oratione,
702 1122 743 1162 iu
784 1122 971 1163 numeris
1012 1120 1330 1169 concinnandis,
1370 1121 1411 1161 in
1453 1120 1757 1174 orthographia
1788 1125 1863 1163 aut

135 1198 258 1240 aliter
288 1201 505 1251 peccatum
539 1196 688 1247 fuerit3
721 1196 755 1239 si
789 1196 882 1249 quis
914 1196 1030 1237 locus
1063 1208 1307 1251 perperam,
1351 1195 1385 1237 si
1418 1195 1616 1244 obscure,
1661 1196 1696 1237 si
1727 1196 1862 1237 humi-

135 1275 231 1316 liter
261 1274 494 1323 tractatus3
528 1273 563 1314 si
595 1272 794 1314 decorum
823 1272 994 1314 minime
1017 1275 1253 1316 servatum:
1287 1271 1321 1313 si
1355 1283 1439 1324 qua
1462 1270 1666 1322 digressio
1698 1271 1864 1324 longior

134 1349 280 1399 fuerit,
314 1352 356 1391 et
377 1349 459 1390 alia
481 1348 646 1401 generis
670 1347 870 1401 ejusdem.
936 1348 1126 1400 Denique
1150 1347 1341 1388 oratione
1364 1346 1573 1397 absoluta,
1607 1359 1727 1388 suam
1750 1346 1863 1399 quis-

135 1438 237 1479 que,
279 1437 405 1478 quam
447 1429 544 1466 ante
584 1437 660 1478 per
698 1426 842 1477 partes
885 1423 1110 1477 attulerat,
1153 1425 1285 1463 totam
1323 1422 1447 1463 simul
1491 1422 1747 1475 descriptam
1789 1425 1864 1463 aut

135 1501 284 1543 saltem
316 1502 549 1542 correctam
580 1499 852 1553 Praeceptori
876 1498 1037 1553 offerat,
1070 1501 1118 1539 ut
1150 1510 1221 1539 eas
1245 1510 1336 1538 esse
1359 1496 1411 1538 ab
1436 1496 1629 1538 omnibus
1653 1497 1862 1549 perfectas

135 1579 350 1630 appareat.
386 1576 505 1629 (Reg.
539 1576 565 1615 4
596 1574 737 1627 Rhet.)

272 1651 322 1692 In
344 1650 621 1692 Humanitate
643 1649 822 1692 indicari
846 1648 984 1702 debet,
1013 1648 1048 1690 si
1071 1648 1171 1701 quid
1194 1648 1332 1689 minus
1356 1647 1574 1701 proprium
1598 1648 1673 1688 aut
1695 1647 1862 1699 elegans

136 1729 209 1768 aut
241 1738 514 1767 numerosum
546 1725 624 1775 sit3
658 1724 692 1766 si
724 1725 864 1765 minus
896 1726 1009 1765 recte
1042 1723 1178 1778 locus,
1218 1723 1270 1764 ad
1311 1722 1562 1764 imitandum
1603 1722 1862 1777 propositus,

136 1813 382 1855 expressus;
416 1801 449 1842 si
490 1800 591 1853 quid
632 1800 672 1841 in
715 1799 1018 1852 orthographia
1059 1798 1123 1840 vel
1167 1797 1289 1840 aliter
1330 1801 1548 1851 peecatum
1593 1797 1659 1838 sit.
1722 1797 1862 1839 Variis

138 1881 279 1919 autem
312 1876 446 1918 modis
478 1876 588 1917 idem
621 1875 758 1917 efferri
791 1875 1048 1928 Praeceptor
1074 1874 1238 1927 jubeat,
1272 1875 1318 1914 ut
1344 1873 1508 1915 dicendi
1531 1872 1692 1925 copiam
1715 1885 1765 1914 ex
1786 1872 1864 1915 hac

136 1952 435 2008 exercitatione
467 1951 780 1993 nanciscantur.
816 1951 934 2002 (Reg.
970 1950 993 1991 3
1027 1949 1173 1992 Huni.)

273 2028 320 2069 In
353 2027 561 2080 Suprema
592 2026 881 2068 Grammatica
912 2025 1188 2072 indicabitur,
1231 2024 1265 2066 si
1307 2023 1408 2077 quid
1451 2026 1599 2064 contra
1637 2026 1863 2077 praecepta

135 2103 450 2157 grammaticae,
482 2101 824 2155 orthographiae,
846 2100 1201 2154 interpunctionis
1224 2102 1446 2152 peccatum
1469 2098 1541 2144 sit:
1572 2098 1606 2139 si
1629 2098 1862 2140 declinatae

137 2177 426 2227 difficultates3
460 2177 495 2220 si
534 2189 614 2219 non
657 2177 803 2219 habita
842 2176 1077 2229 elegantiae
1115 2178 1191 2217 aut
1227 2174 1474 2216 imitationis
1513 2174 1635 2215 ratio.
1684 2174 1802 2228 (Reg.
1837 2174 1861 2215 3

136 2254 259 2308 Supr.
293 2253 456 2307 Gram.)

273 2329 323 2370 111
355 2327 644 2370 Grammatica
676 2326 816 2369 Media
848 2329 890 2368 et
920 2325 1070 2368 Infima
1100 2325 1372 2367 indicandum
1404 2327 1482 2375 est,
1515 2325 1549 2367 si
1581 2325 1683 2378 quid
1716 2328 1864 2366 contra

138 2407 368 2459 praecepta
400 2403 722 2457 grammaticae,
764 2401 1113 2455 orthographiae,
1151 2401 1504 2454 interpunctionis
1536 2404 1755 2454 peccatum
1787 2400 1861 2451 sit3

137 2479 172 2521 si
211 2479 445 2521 declinatae
485 2478 771 2520 difficultates.
835 2477 986 2519 Omnia
1025 2488 1121 2518 vero
1164 2476 1217 2517 ad
1256 2476 1629 2528 grammaticarum
1666 2488 1865 2529 praecep-

141 2554 303 2596 tionum
337 2566 527 2596 normam
559 2553 833 2607 expendenda
865 2552 1268 2605 conjugationesque
1305 2551 1442 2606 ipsae,
1482 2551 1781 2593 declinationes
1822 2553 1865 2592 et

142 2630 396 2685 rudimenta,
429 2631 600 2683 sumpta
631 2629 862 2684 occasione,
894 2628 935 2668 in
966 2626 1213 2669 memoriam
1246 2626 1492 2668 revocanda.
1547 2627 1664 2680 (Reg.
1696 2627 1719 2668 3
1752 2625 1861 2668 Med.

139 2708 181 2748 et
211 2706 288 2747 Inf.
323 2705 486 2758 Gram.)
