2164 3535
234 208 316 249 376
717 201 1179 246 Pensionats-Padagogik
1204 212 1263 235 um
1291 204 1482 237 1820-30.

236 346 485 402 contendat,
534 349 600 399 ut,
647 357 756 398 quae
796 344 1042 386 Praefectus
1083 342 1291 396 generalis
1333 343 1555 396 statuerit,
1605 342 1686 385 rite
1728 342 1962 386 executioni

235 421 499 464 mandentur.

376 498 411 538 3.
462 496 649 538 Absente
671 495 890 536 Praefecto
924 494 1107 547 generali
1140 494 1273 547 ipsius
1303 493 1414 535 vices
1447 493 1588 547 quoad
1620 493 1844 536 facultates
1869 506 1963 535 con-

238 573 469 628 cedendas,
511 572 782 625 disponentes
825 570 1179 624 supervigilantes
1214 569 1500 626 [surveillans]
1524 573 1601 611 etc.
1637 569 1853 623 suppleat;
1897 582 1963 611 res

239 653 379 691 tamen
421 648 594 702 maJ'oris
636 647 839 689 momenti
870 646 925 688 ad
956 646 1178 688 Rectorem
1220 645 1378 687 referat
1420 657 1590 687 necesse
1629 649 1704 687 est.
1767 645 1867 687 Ideo
1902 657 1964 687 re-

239 724 436 779 quiritur,
468 727 517 765 ut
547 736 599 765 ne
620 722 865 764 Praefectus
898 721 1106 775 generalis
1139 724 1181 764 et
1203 720 1486 763 Subminister
1508 721 1632 763 simul
1664 723 1815 763 exeant
1835 721 1963 777 foras,

239 800 314 842 sed
346 812 512 853 semper
544 800 751 841 alteruter
783 799 895 841 domi
926 800 1108 839 maneat.

585 1068 800 1122 Regulae
841 1066 1221 1109 praefectorum
1262 1065 1624 1107 cubiculorum.

383 1177 416 1216 1.
465 1172 673 1215 Praefecti
705 1172 1008 1225 cubiculorum,
1040 1171 1288 1224 priusquam
1317 1170 1369 1212 ad
1401 1170 1479 1212 hoc
1512 1183 1665 1212 munus
1689 1170 1968 1225 applicentur,

241 1254 282 1294 in
327 1251 473 1294 cadem
507 1249 651 1301 domo,
693 1261 769 1302 pro
803 1261 887 1300 qua
919 1251 1019 1289 sunt
1061 1247 1282 1300 destinati,
1324 1246 1595 1288 instruantur
1625 1259 1701 1299 per
1742 1246 1863 1288 binas
1897 1247 1972 1288 aut

243 1333 386 1370 ternas
430 1326 688 1379 septimanas
721 1337 745 1365 a
776 1324 995 1366 Praefecto
1035 1323 1219 1376 generali
1252 1322 1363 1364 circa
1395 1322 1555 1375 omnia,
1596 1334 1705 1375 quae
1738 1321 1790 1364 ad
1823 1334 1969 1364 eorum

243 1402 426 1445 officium
469 1403 674 1455 spectant.
738 1399 907 1441 Interea
947 1411 1201 1452 cognoscere
1240 1402 1405 1440 curent:
1460 1414 1497 1441 (ι,
1540 1397 1678 1451 ipsam
1709 1400 1972 1439 structuram

244 1484 287 1521 ct
318 1477 639 1532 dispositionem
672 1475 840 1525 domus3
890 1475 924 1515 b.
960 1486 1062 1516 usus
1086 1478 1127 1515 et
1159 1473 1503 1517 consuetudines:
1555 1490 1586 1515 c.
1621 1472 1758 1515 officia
1780 1472 1970 1515 custodis

244 1555 438 1605 vestium,
470 1551 703 1606 infirmarii,
735 1550 992 1592 famulorum
1016 1554 1057 1591 et
1090 1549 1269 1591 aliorum
1301 1549 1662 1601 subalternorum,
1695 1549 1767 1602 qui
1791 1548 1971 1591 alumnis

245 1630 417 1674 servitia
455 1629 675 1682 praestare
707 1626 880 1677 debent,
929 1630 966 1666 (l.
1010 1626 1179 1679 regulas
1210 1629 1300 1667 tum
1332 1625 1495 1680 proprii
1529 1624 1674 1681 officii,
1719 1629 1809 1667 tum
1842 1625 1974 1666 alum-

246 1718 416 1761 norum,
458 1708 499 1746 et
540 1703 708 1756 regulas
750 1701 1024 1755 urbanitatis,
1067 1705 1115 1743 ut
1157 1704 1199 1744 et
1238 1701 1318 1755 ipsi
1358 1701 1584 1743 observent
1623 1704 1665 1742 et
1697 1700 1749 1742 ab
1792 1700 1972 1742 alumnis

250 1780 563 1824 observantiam
595 1778 742 1820 sedulo
775 1777 962 1831 exigant3
1011 1793 1041 1821 e.
1076 1777 1324 1829 relationes,
1363 1790 1468 1831 quas
1502 1777 1657 1819 debent
1687 1776 1844 1818 habere
1878 1789 1973 1818 cum

246 1859 426 1900 Rectore
458 1860 500 1898 et
530 1854 750 1897 Praefecto
783 1853 989 1907 generali3
1024 1854 1067 1907 f.
1100 1855 1215 1907 ipsos
1248 1854 1461 1909 alumnos,
1505 1865 1687 1906 quorum
1728 1864 1830 1894 cura
1870 1851 1973 1906 ipsis

248 1932 540 1976 demandatur.

390 2015 425 2054 2.
482 2013 723 2065 Antequam
765 2011 807 2052 in
856 2010 1116 2052 activitatem
1159 2009 1223 2051 sui
1268 2008 1389 2051 officii
1428 2009 1470 2050 in
1512 2009 1705 2062 proprio,
1748 2008 1787 2049 h.
1818 2021 1852 2050 e.
1895 2007 1976 2050 sibi

249 2088 498 2132 destinando
523 2087 797 2129 contubernio
820 2087 992 2140 intrent,
1026 2086 1065 2127 in
1089 2086 1179 2128 aliis
1213 2086 1498 2128 contuberniis
1522 2085 1747 2138 aliquoties
1770 2084 1824 2126 ad
1847 2084 1973 2127 breve

250 2171 414 2218 tempus
448 2164 709 2216 diversisque
738 2162 867 2213 horis,
894 2162 983 2215 jam
1015 2165 1205 2215 tempore
1238 2161 1382 2211 studii,
1408 2162 1497 2215 J'am
1526 2164 1715 2214 tempore
1748 2160 1975 2202 recreatio-

250 2241 327 2291 nis,
360 2244 451 2281 tum
483 2239 522 2280 in
557 2238 709 2281 sacello
742 2238 807 2279 vel
839 2237 1062 2279 refectorio
1094 2250 1169 2290 pro
1204 2237 1304 2279 aliis.
1328 2237 1572 2291 suppleant3
1606 2249 1794 2289 suaeque
1826 2236 1973 2279 habili-

250 2317 351 2359 tatis
384 2315 485 2357 dent
525 2314 757 2369 specimen,
800 2326 852 2355 ne
881 2314 923 2354 in
963 2313 1134 2367 proprio
1174 2312 1445 2366 postmodum
1484 2313 1621 2365 ignari
1666 2315 1901 2365 appareant
1933 2314 1976 2354 et

251 2392 417 2434 defectu
464 2390 631 2432 debitae
678 2389 928 2442 cognitionis
976 2389 1029 2430 ad
1082 2388 1384 2431 committenda
1430 2401 1479 2430 ea
1525 2391 1811 2443 exponantur,
1864 2387 1976 2429 unde

253 2469 549 2511 auctoritatem
603 2466 804 2521 perdant,
854 2466 915 2508 ita
961 2470 1008 2507 ut
1058 2478 1274 2518 nunquam
1326 2464 1509 2517 amplius
1556 2463 1670 2505 illam
1724 2475 1976 2516 recuperare

252 2544 427 2599 possint.

393 2626 430 2666 3.
478 2622 685 2665 Praefecti
719 2622 874 2665 debent
895 2622 1015 2677 scire,
1049 2634 1271 2675 quousque
1300 2621 1469 2663 illorum
1502 2620 1734 2662 auctoritas
1767 2632 1812 2662 se
1836 2623 1978 2662 exten-

255 2701 349 2755 dat,
391 2712 497 2753 quas
529 2698 753 2741 facultates
786 2698 952 2751 possint
993 2696 1243 2751 concedere,
1285 2709 1389 2749 quas
1430 2696 1710 2750 poenitentias
1742 2696 1975 2749 injungere.

256 2775 404 2828 Quoad
431 2775 614 2829 primum
645 2774 869 2816 facultates
902 2786 1044 2814 eorum
1069 2785 1150 2814 non
1183 2771 1337 2814 debent
1369 2784 1413 2813 se
1445 2771 1670 2813 extendere
1702 2771 1815 2813 ultra
1837 2770 1974 2812 locum

257 2850 518 2894 contubernii
558 2849 620 2891 vel
663 2848 954 2895 recreationis:
996 2860 1077 2889 non
1121 2848 1230 2889 enim
1262 2860 1390 2900 super
1431 2849 1564 2888 totam
1608 2846 1779 2887 domum
1817 2845 1977 2888 habent

257 2927 568 2981 auctoritatem,
601 2937 735 2977 neque
756 2925 797 2965 in
830 2924 920 2976 ipso
953 2923 1227 2965 contubernio
1249 2923 1516 2976 illimitatam,
1549 2921 1624 2962 sed
1654 2921 1974 2963 subordinatam

258 3010 299 3044 et
346 3003 595 3044 restrictam.
671 3000 817 3050 Quoad
865 3000 1068 3048 alterum,
1114 2998 1416 3052 poenitentiaS,
1464 3002 1653 3050 tempore
1704 2997 1974 3039 recreationis

263 3078 420 3130 poterit
441 3076 684 3118 Praefectus
717 3076 929 3117 silentium
963 3087 1037 3127 per
1067 3074 1347 3126 quadrantem
1381 3076 1454 3114 aut
1486 3074 1595 3114 forte
1628 3072 1807 3113 mediam
1830 3071 1977 3113 horam

263 3152 490 3205 imponere,
524 3151 668 3191 ludum
692 3150 887 3203 aliquem,
911 3162 993 3202 quo
1017 3151 1170 3191 caeteri
1192 3161 1236 3190 se
1261 3149 1464 3199 recreant,
1494 3147 1728 3201 probibere,
1754 3160 1777 3188 a
1801 3147 1976 3188 caeteris
