2164 3535
238 215 322 255 446
546 211 649 246 Neue
676 209 1040 253 Studienvorschlage
1066 209 1130 243 der
1155 209 1354 243 deutschen
1379 208 1531 242 Provinz
1560 211 1659 244 1830.

324 501 548 568 Regulae
586 499 891 548 Academiae
930 498 1302 565 Theologorum
1341 516 1399 546 ac
1438 498 1875 564 Philosophorum.

377 640 449 682 Ad
481 652 579 693 reg.
614 642 649 681 1.
713 639 890 681 Praeter
931 638 1251 681 exercitationes
1292 639 1359 680 hic
1399 638 1606 681 indicatas
1646 638 1748 680 utile
1779 637 1961 688 videtur,

238 721 287 759 ut
317 716 663 770 praescribantur
693 727 863 768 quoque
895 714 1215 756 dissertationes
1247 715 1403 768 scripto
1437 714 1674 757 exarandae
1699 714 1844 767 lingua
1873 727 1963 755 ver-

239 792 408 843 nacula3
455 791 725 844 repetitiones
767 790 1163 844 disputationesque
1201 789 1305 831 fiant
1337 790 1592 844 quandoque
1624 790 1770 833 eadem
1802 790 1961 845 lingua,

238 871 366 921 prout
396 868 467 922 §6
499 867 540 908 in
574 866 753 920 append.
788 865 841 908 ad
874 865 1017 908 studia
1049 879 1188 919 super.
1224 869 1475 908 annotatum
1508 869 1582 909 est.

378 960 447 1001 Ad
486 973 581 1013 reg.
617 961 655 1001 2.
718 960 897 1013 Propter
938 959 1122 1002 rationes
1166 960 1318 1002 allatas
1360 959 1411 1001 ad
1455 972 1541 1012 reg.
1569 961 1619 1001 17
1661 959 1771 1000 Prof.
1806 958 1961 1001 Philos.

237 1036 436 1077 videntur
466 1035 738 1090 repetitiones
770 1035 1057 1088 praescriptae
1090 1036 1408 1088 restringendae
1441 1035 1494 1076 ad
1526 1035 1692 1076 unicam
1724 1035 1765 1075 in
1808 1033 1963 1076 hebdo-

239 1111 386 1153 mada:
421 1111 532 1153 unde
565 1112 606 1152 in
639 1110 796 1153 nostris
828 1111 1070 1164 regionibus
1104 1112 1193 1153 sola
1225 1124 1309 1163 reg.
1334 1113 1360 1152 4
1393 1110 1608 1152 observari
1640 1112 1793 1163 potest.

377 1204 447 1246 Ad
490 1217 587 1257 reg.
623 1207 660 1245 5.
729 1203 1027 1244 Immutandus
1070 1207 1135 1245 est
1176 1203 1277 1245 ordo
1321 1203 1653 1257 disputantium,
1697 1215 1791 1244 cum
1831 1201 1963 1244 Meta-

239 1280 412 1335 physica
442 1292 554 1321 nunc
586 1278 814 1333 praecedat
844 1278 1076 1332 Physicam.

240 1661 464 1728 Regulae
502 1661 806 1710 Academiae
846 1660 1143 1709 Rhetoricae
1183 1672 1231 1708 et
1269 1660 1616 1709 Humanitatis
1662 1659 1962 1708 auditorum.

379 1800 451 1842 Ad
482 1812 580 1853 reg.
605 1800 641 1842 3.
705 1799 974 1841 Omittendae
996 1798 1193 1841 videntur
1224 1798 1379 1854 theses,
1411 1811 1521 1851 quae
1552 1798 1673 1840 facile
1703 1798 1756 1839 ad
1780 1798 1965 1840 dialecti-

241 1889 331 1918 cam
362 1876 541 1918 formam
574 1874 858 1929 deflecterent⁷
894 1878 970 1916 aut
1001 1875 1042 1916 in
1075 1874 1282 1928 plebeiam
1315 1875 1498 1928 aliquam
1532 1874 1863 1928 disputationem
1897 1874 1966 1916 de-

241 1955 505 2005 generarent.
568 1950 791 1993 Oratoriae
831 1949 1108 2002 disputationi
1146 1949 1249 1991 satis
1292 1950 1508 2003 provisum
1540 1950 1708 1991 videtur
1740 1963 1815 2002 per
1846 1962 1966 1991 accu-

241 2028 426 2071 sationes
459 2030 501 2069 et
533 2026 808 2069 defensiones.
846 2050 895 2054 —
930 2025 1181 2078 Aenigmata
1213 2038 1381 2078 quoque
1414 2028 1639 2067 censentur
1661 2025 1962 2078 supprimenda

241 2106 416 2157 propter
447 2115 595 2144 causas
628 2102 835 2143 indicatas
869 2100 922 2141 ad
954 2113 1039 2153 reg.
1070 2101 1120 2141 10
1154 2100 1280 2142 Acad.
1316 2125 1366 2130 ——
1401 2101 1517 2142 Idem
1544 2100 1749 2154 judicium
1789 2105 1880 2142 esto
1913 2101 1965 2143 de

242 2179 457 2234 symbolis.
522 2203 570 2208 —
634 2177 820 2219 Tandem
862 2176 1182 2218 exercitationes
1224 2177 1265 2217 in
1305 2176 1448 2228 lingua
1489 2176 1717 2217 vernacula
1760 2177 1964 2229 praescri-

242 2254 405 2296 bendae
436 2255 546 2296 sunt.

381 2346 452 2388 Ad
492 2358 588 2398 reg.
623 2347 661 2386 4.
725 2344 993 2387 Omittendae
1031 2347 1073 2386 et
1104 2344 1169 2386 hic
1202 2344 1340 2386 theses
1372 2348 1501 2398 prout
1539 2348 1784 2386 annotatam
1820 2345 1871 2386 ad
1905 2358 1966 2386 re-

244 2422 385 2475 gulam
417 2421 598 2476 praeced

382 2514 456 2556 Ad
488 2527 585 2567 reg.
611 2516 647 2554 5.
697 2512 942 2555 Omittenda
973 2513 1226 2567 aenigmata,
1259 2517 1386 2565 prout
1418 2525 1549 2566 supra
1579 2513 1632 2555 ad
1655 2526 1738 2566 reg.
1764 2514 1814 2555 10
1836 2513 1962 2554 Acad.

384 2607 454 2649 Ad
486 2620 583 2659 reg.
605 2608 641 2647 6.
690 2605 768 2647 Hic
790 2604 905 2646 nulla
928 2604 1245 2646 distribuuntur
1265 2605 1466 2659 praemia,
1485 2605 1560 2647 sed
1584 2618 1631 2646 ex
1656 2605 1966 2647 contributione

247 2684 422 2724 ornatur
463 2682 560 2723 aula
593 2681 657 2722 vel
699 2680 862 2730 schola,
904 2683 1031 2732 prout
1071 2680 1218 2732 regula
1257 2680 1449 2732 sequenti
1484 2681 1805 2733 praescribitur,
1851 2680 1963 2721 nulla

247 2758 540 2799 observatione
582 2755 824 2797 festivitatis
864 2755 909 2795 B.
944 2754 1103 2796 Mariae
1136 2755 1342 2809 Virginis,
1395 2767 1489 2796 cum
1529 2755 1769 2808 hujusmodi
1810 2755 1964 2796 festum

248 2836 534 2886 opportunum
567 2844 649 2872 11011
682 2834 878 2873 occurrat
