2164 3535
209 210 291 252 438
518 209 620 244 Neue
647 208 1012 254 Studienvorschlage
1039 209 1104 245 der
1131 209 1331 246 deutschen
1357 211 1510 246 Provinz
1539 216 1636 249 1830.

208 349 544 392 hebdomadibus
576 350 805 403 Historiae,
838 349 1147 407 Geographiae,
1182 351 1498 395 Arithmeticae.
1649 355 1735 396 Nec
1766 358 1935 398 tantum

210 425 335 467 etiam
378 425 580 478 temporis
620 425 882 479 impenditur
921 426 1118 468 exercitio
1161 428 1412 483 memoriae,
1456 431 1663 482 quantum
1706 430 1747 471 in
1788 431 1937 483 regula

209 500 524 555 praescribitur,
557 513 651 543 cum
673 501 763 554 jam
796 501 940 555 aliqua
972 502 1175 545 memoria
1206 503 1440 545 recitentur
1471 506 1570 546 ante
1602 504 1742 558 ipsum
1766 505 1935 548 scholae

210 576 390 623 initium,
425 578 467 617 et
498 574 713 629 professor
743 576 878 618 soleat
910 578 1006 618 ante
1039 578 1227 630 singulas
1249 578 1554 632 praelectiones
1585 580 1792 622 rationem
1814 593 1937 635 prae-

211 651 396 694 cedentis
436 651 730 705 praelectionis
771 652 948 705 exigere.
1006 677 1054 682 —
1109 652 1270 695 Diebus
1310 654 1542 696 vacationis
1576 655 1659 697 alia
1691 655 1939 698 exercitatio

211 739 293 769 non
325 726 508 769 habetur
539 727 619 770 nisi
651 727 905 770 academica.

349 802 420 844 Ad
451 815 550 855 reg.
584 804 622 844 4.
686 803 775 844 Iam
808 816 940 856 supra
971 803 1024 845 ad
1063 815 1148 856 reg.
1174 805 1358 846 21-24
1391 804 1549 847 Comm.
1586 804 1696 847 Prof.
1732 805 1941 849 Classium

211 878 283 920 inf.
327 879 577 919 annotatum
618 881 706 933 est,
746 877 835 920 fieri
877 890 959 920 non
992 891 1140 935 posse,
1182 882 1231 921 ut
1262 880 1448 922 omnium
1481 881 1730 934 scriptiones
1763 881 1940 935 singulis

214 952 374 995 vicibus
413 953 701 1005 corrigantur;
743 953 856 996 unde
894 953 1063 996 videtur
1102 954 1237 996 solum
1278 955 1528 998 indicandus
1572 956 1721 998 modus
1764 969 1849 1009 reg.
1886 958 1939 999 22

214 1028 371 1070 Comm.
399 1028 509 1070 Prof.
536 1028 667 1071 Class.
701 1029 771 1071 inf.
805 1029 1108 1083 praescriptus,
1143 1034 1271 1083 atque
1304 1030 1398 1073 hinc
1430 1031 1557 1073 etiam
1590 1031 1760 1074 caderet
1791 1032 1942 1085 regula

213 1117 393 1158 sequens
429 1104 479 1145 de
511 1104 880 1147 exercitationibus
913 1105 1024 1147 inter
1056 1105 1365 1158 corrigendum.

351 1185 423 1227 Ad
454 1198 553 1238 reg.
578 1187 615 1227 6.
678 1186 846 1228 Nostris
879 1186 921 1227 in
953 1186 1194 1239 regionibus
1220 1186 1287 1228 vix
1318 1186 1545 1229 adhibetur
1567 1188 1712 1230 Cicero
1745 1188 1798 1230 ad
1820 1202 1941 1242 prae-

215 1265 338 1315 cepta
357 1261 620 1317 Rhetorices,
654 1274 747 1302 cum
779 1261 960 1303 maxime
993 1261 1138 1304 tradat
1170 1274 1279 1315 quae
1311 1262 1364 1304 ad
1388 1262 1674 1316 eloquentiam
1697 1263 1942 1318 Judicialem

215 1338 442 1393 pertinent,
473 1337 586 1379 unde
617 1338 715 1380 licet
747 1337 799 1379 ad
821 1338 1036 1391 generalia
1058 1337 1303 1380 Rhetorices
1326 1342 1555 1393 praecepta
1578 1339 1768 1381 adhiberi
1791 1339 1942 1395 possit,

216 1413 416 1467 specialia
453 1416 594 1456 tamen
635 1416 886 1468 praecepta,
925 1427 963 1454 v.
998 1426 1034 1466 g.
1076 1413 1130 1455 ad
1170 1414 1454 1467 eloquentiam
1495 1428 1660 1457 sacram
1693 1415 1944 1471 spectantia,

217 1489 388 1531 aliunde
419 1488 679 1531 desumenda
710 1489 918 1531 videntur.
982 1489 1029 1530 V.
1055 1489 1161 1530 Ann.
1196 1489 1248 1530 ad
1282 1502 1365 1542 reg.
1395 1491 1445 1531 12
1479 1490 1638 1532 Comm.
1672 1491 1782 1532 Prof.
1809 1490 1940 1533 Class.

218 1564 288 1606 inf.
340 1563 449 1606 Sunt
490 1565 561 1618 qui
600 1567 775 1620 putant,
817 1564 1087 1606 Rhetoricam
1126 1565 1349 1607 vernacule
1392 1578 1484 1608 esse
1520 1565 1771 1608 tradendam
1804 1565 1946 1619 quoad

218 1643 465 1694 praecepta,
519 1642 569 1682 19
611 1640 711 1694 quia
756 1642 929 1697 putant,
976 1645 1205 1694 praecepta
1249 1641 1414 1683 facilius
1464 1641 1579 1696 capi,
1627 1641 1662 1683 si
1708 1642 1946 1696 vernacule,

220 1718 272 1758 29
305 1716 404 1769 quia
437 1716 595 1769 aliquid
628 1716 941 1758 concedendum
975 1718 1040 1758 est
1068 1718 1308 1770 temporum
1341 1716 1595 1767 necessitati,
1629 1729 1737 1770 quae
1765 1716 1947 1758 latinum

222 1804 342 1834 omne
384 1791 657 1834 exturbatum
701 1792 888 1845 cupiunt.
952 1791 1034 1834 Sed
1075 1805 1168 1834 cum
1212 1792 1462 1835 brevissima
1502 1792 1587 1833 sint
1629 1795 1797 1845 oportet
1828 1804 1948 1846 prae—

223 1870 364 1922 cepta,
404 1870 447 1908 et
484 1879 635 1921 parum
668 1868 898 1920 profecisse
931 1867 1165 1909 censendus
1198 1871 1310 1909 esset
1342 1867 1415 1921 qui
1446 1869 1674 1921 praecepta
1704 1866 1948 1921 hujusmodi

222 1943 353 1985 latine
392 1943 632 1996 conscripta
673 1956 755 1985 non
788 1946 980 1997 caperet,
1023 1943 1195 1985 retineri
1227 1946 1372 1997 posset
1402 1943 1631 1985 Rhetorica
1661 1943 1799 1985 verbis
1833 1942 1948 1984 Cice-

224 2018 338 2060 ronis
370 2019 623 2073 conscripta,
655 2018 870 2060 illustrata
903 2018 1103 2071 exemplis
1135 2018 1311 2073 graecis,
1343 2018 1499 2069 latinis,
1534 2017 1782 2069 vernaculis,
1821 2029 1948 2070 quae-

225 2106 307 2146 que
339 2093 484 2135 eadem
517 2098 629 2135 esset
660 2094 809 2135 saltem
841 2094 883 2134 in
917 2093 1108 2135 omnibus
1143 2093 1336 2146 Collegiis
1369 2093 1559 2146 ejusdem
1591 2093 1846 2135 Provinciae.

363 2169 532 2211 Nostris
574 2169 617 2210 in
656 2168 897 2222 regionibus
937 2170 1027 2209 toto
1067 2168 1164 2209 anni
1197 2168 1405 2209 curriculo
1439 2168 1743 2221 praeleguntur
1774 2168 1944 2223 Poetae,

227 2244 340 2298 quod
373 2248 659 2297 opportunum
691 2244 860 2286 videtur
891 2243 955 2285 vel
987 2243 1040 2285 ad
1072 2244 1207 2297 ipsam
1241 2244 1471 2285 oratoriam
1492 2243 1738 2285 facultatem
1762 2242 1946 2285 excitan-

228 2320 324 2362 dam
357 2322 484 2373 atque
515 2320 751 2362 fovendam.

371 2395 440 2437 Ad
471 2408 566 2449 reg.
594 2398 631 2437 7.
695 2396 801 2438 Cum
833 2398 1005 2450 petatur
1026 2396 1254 2438 Rhetorica
1285 2395 1445 2449 scripta
1476 2395 1529 2437 ad
1559 2408 1683 2437 usum
1706 2397 1949 2436 nostrorum

229 2473 492 2524 temporum,
535 2471 732 2513 videntur
770 2473 860 2525 ejus
900 2475 1127 2526 praecepta
1168 2471 1377 2513 inutiliter
1418 2470 1657 2513 confirmari
1690 2468 1950 2511 authoritate

231 2546 407 2588 aliorum
431 2546 682 2588 Rhetorum:
718 2547 1014 2601 Opportunum
1046 2546 1289 2601 hujusmodi
1321 2546 1423 2600 quid
1456 2558 1548 2588 esse
1579 2548 1749 2599 poterat
1778 2557 1826 2586 eo
1848 2546 1953 2585 tem-

231 2634 352 2675 pore,
398 2634 481 2674 quo
515 2635 656 2664 omnes
688 2622 730 2663 in
762 2622 900 2675 ipsum
933 2625 1095 2663 textum
1129 2621 1340 2663 Ciceronis
1371 2621 1436 2663 vel
1468 2620 1709 2663 Aristotelis
1742 2631 1951 2662 commen-

232 2697 445 2739 tabantur.
494 2697 540 2738 In
566 2696 819 2739 Germaniae
851 2697 1078 2751 gymnasiis
1111 2697 1234 2750 plane
1262 2696 1467 2738 universis
1491 2708 1641 2749 magno
1666 2708 1760 2736 cum
1782 2707 1952 2736 rumore

235 2772 421 2813 traditur
454 2772 674 2825 disciplina
706 2775 923 2826 separata,
957 2785 1064 2825 quae
1096 2772 1393 2814 humaniorum
1426 2771 1665 2812 lit-terarum
1696 2769 1827 2811 veluti
1859 2781 1953 2822 per-

232 2848 455 2890 fectionem
489 2848 622 2897 docet,
656 2860 887 2901 earumque
918 2847 1227 2889 institutionem
1257 2846 1450 2888 omnibus
1472 2845 1673 2897 numeris,
1706 2844 1766 2886 uti
1790 2844 1951 2899 dicunt,

235 2923 426 2964 absolvit.
480 2923 596 2965 Haec
628 2922 849 2976 disciplina
879 2922 1180 2965 Aesthetica
1212 2926 1398 2964 vocatur.
1459 2921 1596 2974 Hujus
1630 2920 1800 2973 quidem
1832 2919 1954 2961 disci-

235 3000 374 3052 plinae
406 2998 638 3040 theoretica
670 2999 906 3051 cognitione
937 2998 1119 3040 multum
1152 2997 1345 3051 adjuvari
1376 2999 1518 3050 potest
1549 2996 1750 3047 magister
1781 2995 1868 3037 sive
1899 2993 1953 3036 ad

237 3079 559 3128 praeceptorum
603 3075 688 3116 sive
728 3074 779 3115 ad
821 3074 1060 3116 Authorum
1103 3074 1254 3115 bonam
1293 3072 1640 3125 praelectionem,
1683 3083 1827 3112 verum
1871 3081 1953 3111 non

240 3150 527 3192 existimamus
570 3151 660 3204 ojus
702 3150 999 3191 tractationem
1037 3162 1090 3190 ex
1128 3147 1360 3202 professo
1392 3147 1433 3188 in
1465 3150 1633 3188 nostras
1666 3145 1830 3188 scholas
1862 3157 1954 3187 esse
