2164 3535
212 177 294 218 ⁶258
495 174 747 209 Gemeinsame
773 171 1110 215 Convictsordnung
1136 171 1201 205 der
1227 174 1354 206 osterr.
1381 171 1536 207 Provinz
1565 175 1664 209 1654.

212 317 301 358 sine
340 317 482 358 fructu
523 315 757 368 exponant7
799 312 864 354 vel
907 314 1021 354 certe
1059 311 1149 353 eius
1182 323 1312 354 031133
1341 312 1564 365 patiantur
1592 311 1857 364 innocentes,
1898 315 1941 353 et

213 391 440 433 Convictus
473 390 538 431 vel
570 387 853 430 Seminarium
885 385 1044 428 malum
1076 398 1228 428 nomen
1263 386 1470 439 acquirat.

352 479 389 519 3.
440 475 600 527 Quodsi
641 474 736 528 quis
769 486 793 516 a
825 473 1031 516 Convictu
1062 473 1129 514 vel
1161 472 1396 527 Seminario
1429 476 1605 526 propter
1636 473 1945 515 contumaciam

212 554 279 595 vel
319 552 516 594 infamiae
557 553 701 591 notam
743 548 808 590 vel
847 548 952 590 alias
991 547 1045 589 ob
1078 559 1229 600 graves
1262 559 1413 590 causas
1447 548 1694 603 eijceretur,
1736 547 1948 601 intelligat

213 629 293 670 sibi
331 639 502 680 quoque
539 625 706 667 aditum
746 623 800 665 ad
834 623 1006 676 Collegij
1042 622 1207 665 scholas
1240 624 1284 665 et
1314 621 1573 665 Sodalitates
1607 623 1706 675 (nisi
1732 623 1861 677 justis
1895 622 1946 664 de

214 704 352 745 causis
384 701 555 744 Rectori
585 699 756 753 Collegij
790 698 927 740 nostri
959 697 1075 739 aliud
1107 697 1341 751 videretur)
1375 698 1499 752 plane
1530 698 1810 740 interclusum
1842 697 1944 740 fore.

351 791 389 830 4.
438 788 496 829 Vt
528 788 584 829 sit
614 790 840 829 contentus
872 785 1089 827 ordinaria
1121 788 1164 827 et
1202 788 1406 827 consueta
1443 797 1610 837 mensa,
1653 790 1696 828 et
1736 785 1950 828 abstinere

215 864 314 906 velit
346 863 398 905 ab
430 863 542 905 omni
575 861 888 915 singularitate,
921 860 1228 902 comessatione
1260 862 1303 901 et
1334 860 1552 913 potatione
1577 860 1690 902 domi
1712 860 1912 914 forisque.
1943 863 1949 913 l

309 984 314 989 »
355 958 393 998 5.
442 956 499 997 Vt
539 955 676 1009 possit
715 957 755 996 et
800 954 901 995 velit
938 953 1200 995 necessarios
1233 956 1430 1006 sumptus
1463 965 1540 994 suo
1573 956 1764 1007 tempore
1795 951 1950 1006 facere,

216 1034 258 1073 et
290 1031 460 1085 quidem
484 1035 571 1073 tam
595 1030 633 1071 in
658 1030 748 1083 ipso
772 1029 967 1081 ingressu
992 1040 1120 1081 quam
1143 1027 1341 1082 deinceps
1362 1027 1483 1069 initio
1506 1028 1712 1082 cuiusque
1734 1028 1950 1070 semestris

218 1107 280 1149 vel
323 1111 437 1149 certe
476 1105 724 1161 trimestriS‚
768 1104 951 1158 pretium
991 1103 1210 1156 sequentis
1251 1103 1480 1145 trimestris
1512 1103 1577 1145 vel
1609 1103 1826 1146 semestris
1858 1116 1952 1157 per-

217 1182 375 1237 solvat,
417 1186 465 1224 ut
506 1182 585 1224 hac
628 1181 792 1223 ratione
834 1192 944 1233 quae
982 1178 1224 1220 necessaria
1266 1178 1320 1220 ad
1362 1178 1520 1221 victum
1563 1182 1606 1220 et
1643 1179 1697 1220 ad
1736 1179 1819 1221 alia
1850 1180 1951 1221 sunt

219 1260 455 1311 opportune
497 1258 629 1299 coemi
670 1256 854 1310 possint,
896 1258 939 1297 et
982 1254 1133 1296 domus
1166 1266 1241 1296 seu
1274 1254 1557 1296 Seminarium
1587 1266 1671 1296 non
1704 1254 1949 1306 obaeretur;

218 1332 405 1385 alioquin
452 1333 559 1374 sciat
605 1345 649 1374 se
696 1331 811 1373 ultra
857 1342 1044 1372 mensem
1091 1342 1222 1370 unum
1268 1329 1311 1370 in
1359 1328 1483 1370 domo
1529 1341 1613 1371 non
1664 1329 1946 1372 retinendum.

220 1407 379 1457 Quodsi
411 1420 536 1461 quem
570 1407 788 1459 contingat
820 1408 918 1448 ante
951 1405 1143 1458 elapsum
1169 1408 1338 1458 tempus
1362 1404 1592 1460 discedere,
1625 1405 1882 1447 restituatur
1913 1405 1949 1446 ei

218 1483 424 1536 quidquid
458 1496 506 1525 ex
538 1486 762 1525 numerata
794 1481 974 1536 pecunia
1005 1480 1291 1535 superfuerit,
1331 1483 1506 1534 excepto
1539 1483 1730 1534 tempore
1768 1480 1951 1522 vacatio-

217 1572 332 1610 num,
366 1559 437 1611 qui
470 1562 666 1611 sumptus
698 1558 737 1599 in
761 1557 979 1609 familiam,
1013 1559 1132 1598 sarta
1155 1559 1268 1599 tecta
1300 1558 1342 1598 et
1364 1556 1468 1598 alias
1491 1557 1765 1599 necessitates
1788 1555 1950 1598 Domus

218 1633 527 1687 impendentur.

358 1722 394 1762 6.
444 1721 537 1762 Non
580 1720 862 1763 admittentur
901 1720 955 1762 ad
989 1719 1239 1762 Convictum
1278 1720 1343 1762 vel
1383 1719 1665 1762 Seminarium
1705 1719 1951 1775 Acatholici,

218 1795 299 1837 nisi
331 1795 382 1836 de
415 1808 613 1848 expresso
646 1808 853 1845 consensu
886 1795 931 1837 P.
958 1796 1173 1847 Rectoris‚
1216 1796 1441 1849 paratique
1473 1795 1557 1837 sint
1588 1795 1772 1847 Regulas
1806 1807 1949 1836 omnes

220 1870 483 1924 disciplinam
516 1871 791 1914 domesticam
823 1874 1124 1914 concernentes
1157 1872 1394 1915 observare.
1426 1876 1430 1924 Ι

792 2278 939 2324 Casus
968 2278 1384 2337 Indispensabiles

386 2370 775 2415 Exclusionis
819 2387 841 2415 e
881 2373 1278 2416 Convictibus
1319 2377 1374 2415 et
1415 2371 1786 2428 Sennium-ijs

578 2453 743 2494 etiam
785 2453 846 2496 ab
888 2454 1005 2507 ipso
1049 2455 1284 2497 Rectore
1312 2454 1317 2508 Ι
1346 2452 1592 2506 Collegij.

449 2578 690 2620 Perniciosa
723 2579 967 2633 corruptela
998 2592 1176 2622 morum.

451 2653 641 2703 Notoria,
674 2653 927 2696 scandalosa
957 2656 999 2696 et
1030 2655 1187 2697 iterata
1218 2654 1495 2696 contumacia.

450 2727 727 2771 Emansiones
755 2732 1001 2771 nocturnae.

453 2802 694 2844 Ebrietates
726 2804 1012 2847 scandalosae.

452 2876 680 2918 Graviores
711 2878 1004 2931 percussiones
1036 2882 1078 2921 et
1109 2891 1276 2932 pugnae
1309 2878 1611 2919 tumultuosae.

454 2952 587 2993 Furta
618 2951 781 2994 maiora
812 2956 854 2994 et
884 2953 1123 3006 frequentia

454 3026 666 3068 Authores
719 3028 1049 3069 concitationum
1101 3040 1174 3069 3011
1232 3026 1531 3068 seditiosarum
1590 3025 1950 3079 conspirationum

230 3103 375 3143 contra
408 3101 649 3154 superiores
682 3113 1029 3155 communemque
1061 3101 1337 3153 disciplinam.

364 2580 404 3067 &myxas-9050?
