2164 3535
250 210 332 251 358
510 208 548 243 P.
576 208 803 242 Brzozowski
830 207 967 241 fordert
992 206 1142 241 Bericht
1168 206 1255 240 iiber
1281 206 1338 240 die
1365 207 1437 241 alte
1463 206 1504 241 R.
1533 212 1574 242 st.
1617 210 1714 243 1821.

251 347 414 390 dierum
446 361 522 402 pro
556 361 811 401 unoquoque
844 360 998 399 genere
1034 347 1186 389 harum
1219 347 1387 388 artium.
1452 348 1558 389 Tum
1599 347 1838 405 denique,
1882 361 1978 391 con-

251 424 448 466 sideratis
481 423 689 469 omnibus,
722 424 875 464 formet
907 426 1036 476 atque
1068 426 1214 464 exaret
1236 422 1392 476 scripto
1416 423 1674 473 succinctim,
1708 423 1834 479 clare,
1866 424 1976 466 ordi-

252 499 384 541 natim
417 511 538 541 suani
570 499 809 552 opinionem
842 502 884 540 et
916 498 1141 540 Postulata
1171 510 1220 539 ex
1252 510 1299 540 re
1330 499 1558 540 manantia.

390 591 640 633 Extractum
672 604 722 633 ex
754 591 907 633 litteris
940 591 1061 632 Adm.
1095 591 1143 632 R.
1178 591 1221 632 P.
1256 591 1306 632 N.
1344 592 1407 633 13.
1432 591 1527 633 Jan.
1556 592 1678 633 1821.

904 717 954 758 N.
989 716 1176 758 Godinot
1206 715 1247 758 S.
1281 716 1319 758 J.
1355 717 1609 759 Vice-Prov.
1644 718 1917 770 Helvetiae¹).

614 1022 800 1072 Ueber
848 1021 1171 1070 denselben
1221 1021 1621 1088 Gegenstand.

904 1116 970 1157 31.
1004 1115 1171 1158 Januar
1205 1116 1327 1159 1821.

390 1233 453 1275 Ra
491 1233 554 1274 Va
590 1232 692 1273 mihi
723 1232 894 1287 scribat,
927 1235 969 1273 et
1000 1231 1171 1284 quidem
1204 1231 1464 1284 singillatim,
1496 1232 1537 1273 in
1571 1233 1720 1285 quavis
1755 1233 1909 1275 Schola
1941 1235 1983 1275 et

254 1309 386 1350 classe
419 1321 528 1361 quae
561 1307 714 1350 Studia
745 1310 1008 1362 tractentur,
1041 1319 1150 1359 quae
1182 1310 1225 1347 et
1257 1310 1360 1360 quot
1392 1306 1520 1348 horae
1551 1308 1593 1348 in
1626 1309 1868 1361 septimana
1900 1309 1981 1350 illis

252 1383 570 1437 impendantur:
604 1396 783 1436 quarum
802 1383 1043 1435 linguarum
1062 1383 1381 1435 peregrinarum
1402 1385 1570 1434 praeter
1592 1383 1766 1425 latinam
1791 1383 1980 1426 studium

254 1459 294 1500 in
340 1459 533 1500 Helvetia
575 1459 747 1511 vigeat?
808 1459 964 1501 Utrum
1005 1458 1150 1510 lingua
1191 1458 1318 1499 etiam
1361 1457 1525 1500 Graeca
1572 1458 1708 1500 locum
1756 1458 1980 1512 habeat‘ffl)

255 1534 442 1585 Quorum
466 1534 700 1575 Auctorum
723 1533 972 1588 pracsertim
998 1533 1167 1585 Logica,
1190 1532 1494 1587 Metaphysica,
1525 1533 1677 1575 Ethica
1700 1537 1829 1587 atque
1850 1534 1982 1577 Theo-

256 1610 417 1663 logicae
449 1610 674 1651 facultates
707 1610 747 1650 in
782 1609 944 1651 Scholis
977 1609 1217 1651 tradantur.
1274 1607 1557 1662 Geographia,
1589 1609 1808 1665 Mathesis,
1840 1610 1983 1652 Histo-

256 1686 332 1739 ria,
366 1688 408 1726 et
440 1685 572 1727 civilis
605 1688 648 1727 et
669 1685 891 1738 naturalis,
924 1684 1136 1738 quomodo
1160 1684 1216 1725 sit
1236 1697 1312 1737 per
1335 1684 1522 1737 singulas
1547 1685 1702 1727 classes
1726 1685 1982 1728 distributa?

257 1761 475 1811 Quaenam
508 1761 592 1803 sint
624 1764 817 1813 tempora
848 1760 1131 1809 vacationum,
1166 1772 1402 1801 annuarum
1437 1763 1478 1802 et
1501 1760 1690 1813 qualibet
1713 1761 1982 1813 septimana?

255 1836 368 1886 Quot
405 1836 518 1878 horis
562 1849 684 1878 mane
727 1838 769 1878 et
810 1836 861 1878 de
903 1835 1076 1877 meridie
1117 1836 1160 1877 in
1203 1835 1357 1877 scholis
1399 1836 1564 1877 soleant
1606 1836 1761 1878 durare
1809 1836 1982 1879 studia?

256 1911 418 1953 Vellem
451 1911 578 1953 etiam
611 1911 739 1966 scire,
783 1913 923 1953 utrum
969 1911 1009 1952 in
1050 1911 1214 1953 ratione
1255 1910 1495 1953 studiorum
1535 1911 1677 1964 aliqua
1717 1912 1980 1966 praescripta

255 1987 340 2028 sint
372 2000 395 2027 a
428 1987 634 2039 regimine
667 1986 788 2041 civili,
822 1999 931 2039 quae
962 1986 1179 2028 immutari
1211 1999 1235 2028 a
1265 1986 1422 2028 nostris
1454 1999 1537 2027 non
1569 1990 1760 2039 possunt.

397 2081 517 2121 1821.
568 2080 633 2120 31.
668 2079 751 2121 Jan

500 2154 646 2196 Roma.

703 2261 766 2302 Ex
799 2261 973 2304 Litteris
1004 2262 1049 2303 P.
1084 2261 1323 2316 Raymundi
1356 2261 1625 2303 Brzozowski
1658 2260 1920 2303 Assistentis.

399 2446 423 2487 1)
450 2444 488 2479 P.
515 2444 733 2480 Nicolaus
761 2446 973 2489 Godinot,
1008 2446 1085 2489 geb.
1119 2457 1161 2480 zu
1196 2445 1344 2480 Rheims
1377 2450 1408 2481 5.
1435 2445 1600 2480 Februar
1630 2447 1737 2488 1761,
1770 2444 1891 2479 wurde
1919 2444 1980 2477 Dr.

257 2501 380 2535 Theol.
409 2512 453 2535 an
480 2502 543 2536 der
562 2503 756 2546 sorbonne,
784 2505 915 2538 musste
943 2504 1113 2538 wahrend
1140 2504 1203 2538 der
1221 2504 1436 2538 Revolution
1456 2504 1547 2538 nach
1566 2502 1815 2538 Deutschland
1844 2501 1977 2536 fliehen

260 2559 331 2593 und
361 2565 432 2594 trat
467 2560 545 2594 hier
578 2561 612 2594 in
647 2561 714 2594 (len
742 2562 876 2596 Verein
910 2561 974 2596 der
1000 2561 1128 2595 Patres
1154 2561 1276 2600 Fidei,
1313 2564 1400 2596 1810
1432 2561 1466 2594 in
1501 2561 1558 2595 die
1592 2561 1632 2595 G.
1660 2561 1693 2595 J.
1728 2561 1763 2594 in
1790 2559 1980 2594 Russland.

258 2617 361 2651 Nach
388 2618 762 2662 Wiederherstellung
788 2619 850 2653 des
878 2619 1016 2653 Ordens
1043 2619 1169 2653 wirkte
1197 2630 1234 2652 er
1260 2619 1295 2652 in
1323 2618 1385 2653 dei·
1413 2619 1573 2653 Schweiz
1599 2618 1671 2653 und
1698 2628 1771 2651 war
1799 2619 1978 2653 1818-24

259 2675 559 2719 Viceprovinzial.
598 2676 648 2709 Im
674 2676 787 2710 Jahre
810 2679 896 2711 1824
915 2677 1035 2711 wurde
1064 2688 1102 2711 er
1127 2688 1207 2710 zum
1225 2676 1429 2710 Provinzial
1457 2676 1520 2710 der
1546 2676 1837 2711 nenerrichteten
1861 2675 1980 2708 fran-

238 2734 494 2768 ›zosischen
523 2734 812 2778 Ordensprovinz
840 2741 1002 2770 ernannt.

397 2803 425 2846 2)
450 2804 558 2837 Diese
577 2803 695 2847 Frage
722 2807 794 2838 war
820 2805 920 2839 nicht
938 2806 1080 2848 mussig.
1120 2805 1222 2839 Noch
1249 2805 1295 2838 im
1314 2804 1427 2839 Jalire
1451 2807 1537 2839 1834
1563 2808 1635 2838 trat
1653 2803 1716 2837 der
1737 2802 1979 2846 Erziehnngs-

261 2864 318 2893 rat
345 2860 502 2896 (Conseil
530 2860 770 2903 d'education)
798 2861 860 2895 des
886 2862 1050 2896 Kantons
1077 2862 1254 2905 Freiburg
1280 2863 1316 2896 in
1343 2862 1406 2896 der
1433 2862 1593 2896 Schweiz
1627 2871 1739 2905 gegen
1772 2861 1828 2895 die
1857 2861 1979 2894 alten

261 2918 493 2961 Sprachen
521 2918 593 2951 und
621 2919 876 2954 insbcsondere
905 2931 1017 2963 gagen
1050 2921 1113 2954 das
1141 2920 1435 2954 Griechische
1470 2929 1525 2952 am
1558 2919 1724 2962 dortigen
1751 2918 1881 2959 Kolleg
1907 2918 1978 2952 auf.

265 2976 311 3008 »ll
340 2978 507 3019 apparait
535 2986 580 3010 au
607 2977 748 3010 Conseil
777 2977 1028 3021 d’Fltlucation,
1056 2978 1186 3020 qn’une
1211 2977 1363 3011 reforme
1390 2982 1443 3012 est
1470 2977 1631 3011 devenue
1659 2976 1862 3010 necessaire
1889 2975 1980 3010 dans

263 3033 560 3075 l’enseignement
585 3044 630 3067 au
658 3033 813 3077 Collegv,
841 3035 894 3067 s'il
923 3046 965 3068 ne
992 3041 1075 3068 veut
1101 3045 1165 3078 pas
1191 3039 1307 3068 rester
1333 3045 1375 3068 en
1397 3034 1533 3068 arriere
1559 3034 1603 3068 de
1633 3038 1710 3068 tout
1736 3044 1775 3067 ce
1801 3032 1863 3076 qui
1888 3042 1978 3067 nous

261 3096 428 3134 entourffi
462 3102 530 3134 que
558 3092 592 3125 la
617 3092 795 3126 necessite
821 3092 926 3126 (l'une
954 3092 1059 3126 etude
1086 3092 1167 3135 plus
1194 3091 1425 3135 particuliere
1452 3092 1515 3127 des
1550 3092 1699 3135 langues
1726 3091 1913 3125 modernes
1941 3102 1977 3124 se

260 3148 326 3181 fait.
360 3154 439 3181 tous
475 3149 525 3182 lvs
552 3149 655 3192 jum-s
689 3149 767 3193 plus
801 3150 988 3184 t'ortcnwnt
1024 3150 1152 3194 sentis,
1185 3155 1218 3183 et
1244 3150 1521 3194 qu'appliquees
1548 3150 1568 3183 a
1596 3150 1890 3193 l'enseigncinent
1914 3176 1920 3182 .
1943 3176 1976 3182 ..
