2164 3535
774 208 982 254 Gymnasial
992 229 1004 235 -
1014 208 1225 253 Padagogik
1254 211 1351 246 1736.
1842 217 1919 257 165

199 349 331 402 tisper
374 352 511 395 vacet:
554 353 602 391 ut
639 350 758 392 alteri
802 349 950 401 Sacro,
990 350 1023 391 si
1067 350 1217 392 Festus
1250 350 1339 392 dies
1378 350 1594 403 inciderit,
1635 352 1825 397 intersit:
1869 358 1917 395 ut

200 423 252 464 ad
285 422 460 465 Sacrum
494 425 675 477 primum
709 425 771 466 vel
812 437 833 466 e
872 424 1018 477 primis
1058 438 1189 466 unum
1227 425 1267 466 in
1308 425 1465 478 templo
1508 439 1552 468 se
1594 439 1756 469 summo
1795 440 1917 470 mane

200 498 325 540 sistat
356 502 433 540 cet.

334 574 385 615 ΙΙ.
437 574 631 615 Exuatur
662 575 732 627 qui
756 575 992 627 peccaverit
1013 575 1240 628 privilegiis
1265 575 1459 617 omnibus
1485 576 1546 617 vel
1570 576 1918 634 aliqmmmultis,

196 649 228 689 si
253 661 361 701 quae
383 648 460 689 sibi
484 649 610 690 fuerit
643 649 821 690 antehac
853 649 1130 702 pr01neritus;
1164 650 1228 690 vel
1261 650 1437 703 praemii
1470 650 1655 703 alioquin
1686 651 1916 705 accipiendi

195 723 398 764 multetur
423 723 541 775 jure;
585 723 648 763 vel
680 723 899 775 privilegia
932 735 1009 764 sua
1040 727 1115 764 aut
1156 725 1344 776 praemia
1385 725 1531 767 cedere
1563 725 1686 767 alteri
1719 727 1913 780 cuipiam,

193 809 317 850 quem
350 796 459 838 forte
489 797 643 850 injuria
675 797 859 848 laeserit,
893 800 1080 850 cogatur.

331 871 406 913 III.
456 871 616 913 Puncto
648 872 789 925 aliquo
822 884 896 913 seu
929 875 1041 922 nota,
1077 885 1161 913 una
1184 873 1248 914 vel
1280 874 1485 928 pluribus,
1519 876 1801 929 negligentiae
1824 890 1917 930 gar-

195 947 380 988 rulitatis
415 947 614 989 similisve
652 947 781 988 errati
812 946 998 1001 nomine,
1031 949 1235 999 tanquam
1274 951 1367 989 atro
1401 949 1581 1003 calculo,
1621 963 1717 993 reus
1756 952 1917 1006 consig-

199 1025 336 1077 netur,
368 1025 417 1063 ut
447 1022 537 1064 vult
559 1021 787 1064 Sacchinus
819 1022 894 1063 loc.
915 1022 981 1063 cit.
1007 1022 1159 1064 Postea
1190 1035 1298 1077 vero,
1333 1035 1460 1076 quam
1491 1028 1687 1067 notarum
1716 1039 1915 1070 numerus

195 1097 458 1150 aliquantum
506 1097 756 1145 excreverit.
799 1097 972 1139 alterius
1014 1097 1178 1150 generis
1221 1098 1498 1150 compellatur
1538 1111 1717 1151 poenam
1759 1101 1912 1144 subire.

192 1172 370 1225 Eritque
402 1172 503 1214 haec
543 1185 642 1214 sane
675 1171 894 1213 commoda
926 1172 1034 1213 ratio
1066 1172 1227 1214 vitandi
1259 1172 1430 1214 nimiam
1464 1176 1729 1216 caeterarum
1762 1188 1913 1229 poena-

193 1260 286 1288 rum
329 1246 622 1300 frequentiam.
693 1246 940 1300 Complures
981 1259 1163 1300 namque
1212 1247 1255 1288 id
1301 1260 1432 1300 genus
1474 1251 1600 1290 notae
1644 1250 1913 1302 paucioribus

192 1322 284 1364 aliis
342 1322 715 1364 commutabuntur
766 1323 932 1376 poenis:
987 1323 1342 1376 quemadmodum
1393 1324 1592 1377 praemiis
1643 1326 1913 1379 paucioribus

188 1396 312 1450 plura
344 1397 655 1450 compensanda
686 1397 918 1451 privilegia,
950 1398 1140 1439 Articulo
1173 1399 1391 1452 superiore
1423 1399 1615 1441 diximus.

330 1473 401 1514 IV.
446 1473 666 1514 Interdum
701 1473 751 1514 de
784 1473 991 1515 industria
1024 1473 1126 1514 nihil
1149 1473 1316 1515 omnino
1340 1486 1499 1527 poenae
1521 1475 1686 1517 nocenti
1711 1475 1910 1519 dictetur:

188 1548 262 1590 sed
293 1548 327 1590 is
361 1549 537 1601 cogatur
569 1547 678 1590 ferre
710 1560 811 1590 suae
846 1548 1027 1590 dedecus
1059 1561 1212 1603 noxae,
1245 1548 1357 1602 quod
1389 1548 1588 1592 beneficio
1620 1563 1780 1604 poenae
1813 1552 1912 1595 alio-

188 1623 289 1676 quin
321 1622 625 1665 obliteraturus
657 1622 809 1665 fuisset
840 1627 968 1676 atque
1001 1623 1259 1676 expiaturus.
1325 1623 1416 1674 Qua
1454 1625 1618 1668 ratione
1656 1627 1809 1680 corrigi
1840 1641 1911 1681 po-

188 1697 399 1739 tissimum
431 1698 459 1738 ii
490 1702 706 1752 poterunt,
740 1698 971 1753 qui‚‘quod
1004 1698 1144 1740 indole
1176 1700 1449 1753 caeteroquin
1470 1701 1780 1753 praestantiore
1812 1703 1909 1759 sint,

188 1773 405 1816 dedecoris
438 1778 553 1816 metu
585 1774 718 1827 magis
753 1787 880 1827 quam
913 1786 1039 1816 sensu
1071 1787 1305 1827 poenarum
1336 1777 1582 1827 tanguntur.

325 1849 373 1890 V.
417 1849 666 1903 Imponatur
698 1862 1000 1903 nonnunquam
1035 1849 1419 1892 extraordinarium
1451 1850 1628 1893 literarii
1650 1853 1788 1906 operis
1811 1866 1910 1907 pen-

188 1937 295 1979 sum,
328 1924 497 1966 minime
530 1928 671 1966 tamen
704 1924 986 1975 laboriosum3
1019 1938 1155 1978 neque
1187 1925 1247 1967 ita
1270 1925 1493 1981 prolixum,
1526 1930 1574 1967 ut
1595 1928 1777 1979 persolvi
1801 1941 1909 1970 com-

185 1999 307 2041 mode
338 2000 593 2053 praestituto
625 2003 816 2053 tempore
849 2004 1044 2053 nequeat.
1108 2001 1227 2054 (Reg.
1258 2001 1313 2041 40
1346 2000 1480 2053 Com.)
1544 2000 1634 2051 Quo
1677 2002 1716 2043 in
1757 2015 1908 2055 genere

187 2075 284 2117 usui
315 2087 407 2117 esse
448 2079 625 2128 possunt
662 2075 805 2117 variae
847 2075 1057 2117 scribendi
1094 2075 1433 2126 exercitationes,
1478 2076 1656 2118 maxime
1689 2089 1793 2130 quas
1832 2078 1908 2120 Ca-

185 2151 271 2204 pite
294 2152 317 2192 5
351 2151 441 2192 Art.
467 2152 489 2192 5
524 2152 594 2204 §6
628 2150 875 2192 nominatim
907 2151 1207 2193 recensuimus.

324 2226 392 2267 VI.
442 2226 586 2268 Odiosi
620 2226 835 2279 quidpiam
869 2226 933 2268 vel
976 2226 1227 2268 incommodi
1261 2227 1538 2279 compellatur
1575 2228 1663 2281 pati
1694 2241 1800 2281 puer
1832 2234 1907 2271 aut

184 2302 338 2351 facere,
372 2301 484 2354 quod
517 2301 715 2343 acerbum
739 2301 908 2354 quidem
930 2301 1101 2344 minime
1133 2302 1200 2352 sit,
1234 2315 1369 2355 neque
1392 2302 1619 2344 admodum
1644 2303 1905 2359 diuturnum,

183 2380 228 2418 at
259 2376 435 2418 afflictet
467 2381 607 2418 tamen
641 2376 950 2429 aliquantulum
985 2377 1239 2430 crucietque.
1302 2377 1439 2430 Hujus
1472 2378 1636 2429 generis
1671 2383 1792 2420 sunt:
1837 2379 1905 2421 de-

186 2451 354 2493 mittere
387 2463 430 2493 se
463 2451 515 2492 ad
547 2451 822 2492 osculandum
857 2452 1055 2493 auditorii
1089 2452 1243 2501 solum„
1284 2456 1398 2494 stare
1429 2453 1626 2506 pedibusg
1665 2466 1800 2506 genua
1832 2467 1904 2508 po-

184 2539 303 2575 nere3
336 2526 483 2568 sedere
513 2526 644 2578 humi,
677 2539 920 2580 quanquam
953 2540 1033 2568 non
1068 2527 1156 2569 sine
1188 2527 1460 2578 adminiculo;
1492 2528 1534 2569 in
1560 2528 1747 2570 ordinem
1771 2530 1903 2584 redigi

186 2601 447 2644 inferiorem:
488 2601 705 2642 amandari
739 2601 791 2642 ad
825 2614 1044 2643 scamnum
1077 2602 1237 2646 infelix:
1270 2602 1311 2643 in
1344 2602 1482 2644 locum
1516 2603 1699 2656 aliquem
1731 2605 1904 2657 ignomi-

183 2677 251 2718 nia
281 2680 489 2729 notatum‚
523 2676 643 2729 quasi
675 2677 785 2718 exilii
818 2689 959 2724 causa,
993 2677 1219 2730 segregari.
1284 2677 1446 2730 (Sacch.
1480 2678 1555 2721 loc.
1591 2679 1679 2731 cit.)

321 2757 412 2798 VII.
462 2756 504 2798 Si
538 2757 631 2810 quis
663 2757 771 2799 forte
804 2758 929 2811 paulo
973 2758 1153 2811 amplius
1195 2758 1440 2811 deliquerit,
1483 2772 1534 2801 ne
1577 2760 1768 2802 acerbior
1809 2774 1903 2803 con-

185 2832 301 2874 tinuo
335 2832 587 2874 decernatur
627 2833 955 2879 animadversio.
998 2846 1101 2875 neve
1144 2833 1196 2875 ad
1236 2834 1411 2876 verbera
1451 2835 1592 2876 subito
1634 2836 1901 2889 prosiliatur:

183 2907 256 2949 sed
288 2907 352 2948 vel
385 2907 513 2960 dupla
534 2919 669 2960 poena
699 2908 983 2949 constituatur
1006 2920 1053 2949 ex
1076 2908 1154 2963 his,
1187 2921 1292 2962 quas
1315 2909 1518 2951 hactenus
1543 2911 1900 2952 enumeravimus:

182 2982 245 3023 vel
280 2982 442 3023 iteratis
476 2982 635 3024 vicibus
668 2982 776 3024 idem
813 2983 959 3024 redeat
988 2996 1147 3036 poenae
1171 2996 1317 3039 genus,
1350 2985 1414 3026 vel
1446 2985 1570 3038 plura
1592 2998 1746 3038 genera
1777 2985 1903 3027 levio-

184 3069 277 3098 rum
312 3056 437 3108 simul
468 3070 700 3110 poenarum
738 3058 1032 3111 imponantur;
1072 3059 1137 3100 vel
1178 3072 1262 3101 una
1294 3059 1474 3113 denique
1516 3061 1700 3113 vexati0‚
1744 3064 1901 3114 quanto

182 3132 317 3176 fuerit
348 3133 620 3185 tolerabihor,
652 3138 770 3177 tanto
803 3135 967 3187 longius
1000 3135 1260 3178 extrahatur.
