2164 3535
546 224 772 269 Anordnung
797 224 860 260 des
885 225 936 268 3j.
964 224 1093 269 philos.
1121 224 1260 260 Kurses
1291 226 1389 260 1858.
1753 228 1836 269 573

251 368 317 408 74.
365 366 573 409 Voluntas
606 365 793 408 humana
828 365 939 407 omni
973 368 1071 407 actu
1094 376 1171 407 suo
1204 363 1368 418 appetit
1399 363 1556 406 bonum
1578 364 1838 420 simpliciter,

111 440 227 494 quod
260 444 325 483 est
356 441 513 483 bonum
545 453 760 483 summum
793 454 868 483 seu
899 441 1029 482 Deus.

256 518 322 558 75.
371 516 487 558 Finis
530 517 766 570 praesentis
808 516 920 557 vitae
959 528 1042 557 non
1081 519 1145 557 est
1185 516 1275 557 sola
1312 516 1532 570 dispositio
1564 515 1617 557 ad
1658 515 1840 557 beatitu-

110 592 251 634 dinem
296 594 534 643 aeternam,
577 591 652 633 sed
693 592 821 633 etiam
862 591 1107 644 temporalis
1147 595 1190 632 et
1231 594 1405 633 externa
1448 590 1649 645 felicitas,
1691 591 1752 632 ita
1792 595 1840 633 ut

111 666 218 709 hanc
250 671 422 720 praeter
452 667 654 709 virtutem
685 667 885 721 prosequi
918 671 1152 708 teneamur.

251 743 316 783 76.
368 741 517 784 Cultus
551 742 627 784 Dei
668 746 868 784 externus
913 754 995 782 non
1028 754 1104 795 per
1134 754 1179 783 se
1220 741 1310 795 ipse
1351 741 1541 795 debitus,
1584 741 1660 783 sed
1702 741 1839 783 solum

112 819 287 870 propter
317 815 543 859 fovendum
575 817 789 859 internum
822 815 1088 857 adhibendus
1120 819 1196 859 est.

252 894 318 934 77.
367 893 504 935 Homo
544 895 700 934 natura
739 894 994 933 autonomus
1026 894 1092 933 est
1132 890 1322 944 adeoque
1354 891 1458 932 nulli
1501 892 1710 945 superiori
1741 891 1840 934 sub-

115 966 254 1018 ditur,
298 979 424 1020 quem
457 966 588 1008 libere
619 978 700 1008 non
733 966 918 1019 elegerit.
981 966 1228 1007 Auctoritas
1268 966 1446 1019 proinde
1477 966 1580 1008 nihil
1614 967 1728 1008 aliud
1761 971 1839 1023 est,

112 1054 240 1096 quam
274 1054 441 1084 summa
481 1041 772 1095 voluntatum,
808 1040 1066 1094 judiciorum
1100 1044 1142 1082 et
1173 1040 1347 1091 virium,
1390 1041 1544 1094 quibus
1576 1041 1765 1084 homines
1797 1043 1838 1084 in

112 1117 316 1160 societate
348 1130 393 1160 se
425 1117 637 1172 abdicant,
670 1119 719 1158 ut
748 1115 845 1158 inde
876 1114 951 1157 fiat
981 1115 1193 1169 possibilis
1225 1115 1410 1157 humana
1442 1116 1633 1158 societas.

252 1194 317 1235 78.
365 1192 445 1235 Jus
485 1192 678 1234 innatum
720 1194 918 1233 externae
960 1190 1170 1232 libertatis
1203 1190 1256 1232 ad
1298 1194 1420 1232 actus
1453 1204 1618 1245 omnes,
1661 1192 1839 1234 aliorum

112 1269 329 1311 hominum
357 1268 526 1321 juribus
559 1280 641 1309 non
676 1266 930 1317 contrarios,
964 1265 1224 1315 extenditur;
1257 1278 1390 1318 quare
1422 1266 1651 1321 actionem,
1694 1279 1840 1320 quam-

113 1344 175 1386 vis
207 1344 434 1386 intrinsece
455 1343 625 1398 malam,
660 1355 744 1397 qua
776 1347 917 1384 tamen
951 1341 1088 1383 aliena
1113 1341 1214 1394 jura
1246 1353 1330 1383 non
1362 1341 1590 1390 violantur,
1621 1354 1838 1395 nunquam

113 1418 300 1472 legitime
330 1418 596 1472 impedimus.

251 1496 317 1536 79.
367 1495 447 1537 Jus
475 1493 748 1548 proprietatis
781 1505 863 1535 non
896 1492 1138 1534 continetur
1167 1491 1259 1545 lege
1281 1494 1481 1543 naturali,
1513 1493 1587 1535 sed
1611 1493 1839 1536 arbitraria

113 1570 329 1612 hominum
361 1570 636 1612 conventione
668 1569 959 1612 introductum
991 1571 1067 1610 est.

251 1646 316 1687 80.
365 1646 608 1699 Proprietas
651 1645 704 1687 ab
744 1657 829 1686 una
872 1645 961 1697 lege
1003 1643 1110 1684 civili
1152 1643 1328 1697 pendet,
1371 1655 1446 1685 nec
1488 1644 1566 1685 nisi
1609 1645 1647 1685 in
1692 1644 1839 1686 eadem

114 1721 204 1774 lege
230 1722 300 1775 jus
333 1720 584 1763 succedendi
617 1723 754 1762 totum
786 1719 1002 1761 fundatur.

252 1797 318 1838 81.
366 1796 639 1838 Testamenta
680 1795 846 1837 nonnisi
878 1808 927 1837 ex
969 1795 1244 1848 dispositione
1271 1795 1379 1848 juris
1420 1795 1589 1847 positivi
1622 1795 1704 1836 vim
1737 1795 1838 1837 obli-

113 1871 239 1924 gandi
271 1872 518 1914 sortiuntur.
555 1897 603 1902 —
638 1896 690 1901 ——

252 2161 370 2203 XIII.
420 2161 571 2215 Itaque
613 2162 924 2216 propositiones
957 2162 1035 2204 hae
1081 2174 1224 2204 omnes
1255 2174 1307 2203 ne
1340 2173 1364 2202 a
1397 2159 1620 2202 Societatis
1662 2159 1837 2201 homini-

115 2236 193 2278 bus
227 2237 314 2278 sive
345 2236 386 2278 in
418 2236 571 2279 scholis
603 2237 853 2289 tradantur,
896 2237 982 2279 sive
1014 2238 1054 2278 in
1098 2235 1458 2290 disputationibus
1500 2238 1836 2288 propugnentur,

114 2311 201 2354 sive
223 2312 350 2353 etiam
382 2311 500 2353 libris
533 2311 706 2354 edendis
729 2312 986 2367 inserantur,
1018 2312 1307 2353 interdicimus
1332 2314 1374 2352 et
1402 2310 1693 2363 prohibemus:
1726 2310 1839 2351 ideo-

116 2399 198 2440 que
238 2386 349 2428 hunc
382 2386 632 2440 Catalogum
675 2399 769 2428 cum
811 2387 988 2439 singulis
1021 2386 1338 2429 Professoribus
1372 2389 1414 2427 et
1446 2385 1676 2426 Praefectis
1717 2396 1838 2437 supe-

116 2462 275 2504 riorum
312 2462 587 2517 facultatum,
633 2475 793 2504 necnon
835 2475 928 2504 cum
975 2462 1181 2503 librorum
1220 2460 1494 2503 Revisoribus
1538 2459 1838 2501 communicari

117 2537 332 2590 volumus3
365 2549 595 2590 omnesque
627 2537 670 2578 in
704 2537 882 2578 Domino
914 2536 1156 2591 hortamur,
1189 2540 1237 2577 ut
1268 2536 1309 2576 in
1342 2548 1386 2576 re
1418 2538 1506 2576 tam
1539 2534 1656 2586 gravi
1689 2534 1837 2586 dignos

118 2624 163 2654 se
196 2611 420 2654 Societatis
451 2611 559 2654 filios
590 2615 789 2665 prompta
821 2615 863 2653 et
895 2612 1105 2654 constanti
1146 2611 1385 2653 obedientia
1418 2610 1653 2652 exhibeant.
1719 2609 1840 2650 Absit

120 2690 284 2741 autem,
327 2691 376 2729 ut
407 2687 631 2741 quisquam
667 2687 709 2729 id
742 2687 820 2729 sibi
853 2687 1120 2741 praestitisse
1152 2686 1368 2739 videatur,
1401 2686 1435 2727 si
1468 2685 1518 2726 de
1550 2688 1711 2736 mente,
1754 2695 1838 2737 qua

117 2762 222 2805 haec
253 2766 400 2805 nostra
422 2762 643 2804 Ordinatio
676 2762 790 2804 edita
813 2765 890 2817 est,
922 2775 1071 2816 parum
1104 2761 1308 2804 sollicitus
1340 2761 1383 2802 id
1404 2762 1571 2802 tantum
1602 2759 1838 2814 provideat,

118 2851 170 2881 ne
201 2838 448 2895 sententias,
481 2850 588 2892 quas
618 2838 959 2892 proscripsimus,
991 2837 1054 2893 iiS,
1086 2837 1240 2890 quibus
1270 2849 1344 2878 nos
1377 2836 1442 2877 usi
1465 2847 1626 2887 sumus,
1659 2833 1838 2876 vocabu—

118 2913 169 2956 lis
201 2914 415 2969 enuntiet,
449 2917 524 2956 aut
554 2913 667 2967 ipsas
700 2913 871 2966 quidem
903 2912 1134 2955 sententias
1165 2911 1232 2954 hic
1264 2911 1450 2966 positas,
1483 2922 1566 2951 non
1599 2921 1697 2951 vero
1729 2920 1838 2961 quae

120 3000 214 3031 cum
254 2988 305 3031 iis
347 2989 584 3032 necessario
625 2989 849 3042 conjuncta
889 2989 989 3030 sunt
1029 2987 1168 3029 evitet.
1232 2987 1288 3028 Et
1330 2990 1377 3027 ut
1419 2985 1470 3026 de
1512 2987 1651 3026 mente
1692 2985 1839 3025 nostra

119 3063 308 3106 dubitari
346 3068 552 3121 nequeat,
593 3076 791 3119 expresse
833 3064 1119 3119 declaramus,
1162 3063 1215 3105 ad
1247 3062 1578 3104 uniformitatem
1612 3063 1653 3101 et
1684 3058 1840 3101 securi-

120 3142 251 3183 tatem
293 3140 583 3196 philosophiae
625 3141 904 3183 institutionis
947 3152 1087 3182 coram
1120 3139 1208 3182 Deo
1240 3138 1418 3179 Domino
1460 3138 1605 3177 nostro
1637 3133 1680 3175 id
1718 3133 1837 3175 nobis
