2164 3535
224 249 303 289 124
450 247 668 282 Geschichte
695 257 741 282 an
767 246 836 282 den
863 247 1081 292 Gymnasien
1109 246 1173 282 der
1198 248 1525 283 &sterteichischen
1550 248 1714 284 Provinz.

801 469 922 510 Fur
970 467 1070 510 die
1113 467 1364 522 Syntax.

844 548 1035 592 (Wagner
1059 558 1098 592 p.
1114 545 1322 593 178-180.)

358 643 571 685 Historiae
605 643 709 684 ordo
741 642 868 697 idem,
901 643 974 696 qui
1005 643 1046 684 in
1077 641 1346 685 inferioribus
1369 643 1574 686 hactenus
1599 644 1839 698 descriptus
1872 647 1950 687 est.

219 719 388 760 Bellum
412 718 707 760 Catilinarium
739 718 933 759 minutim
969 718 1222 771 explicatum
1256 717 1421 761 facilem
1454 719 1605 761 reddet
1636 719 1876 761 orationum
1908 719 1950 761 in

220 794 443 835 Catilinam
476 796 518 835 et
550 793 728 835 aliorum
761 793 1004 841 lectionem:
1045 794 1107 835 uti
1140 796 1183 835 et
1216 794 1403 836 Historia
1439 794 1564 847 exilii,
1606 794 1855 848 reditusque
1887 794 1952 837 Ci-

219 869 401 923 ceronis,
444 882 491 911 ac
533 872 631 910 ante
674 868 814 910 omnia
856 868 975 910 civile
1008 869 1202 911 Caesaris
1236 873 1277 911 et
1309 870 1498 924 Pompeji
1532 869 1689 912 bellum
1721 870 1950 924 praecipuo

218 944 359 986 studio
399 944 692 986 condiscenda.
758 943 919 986 Contra
957 945 1117 997 primae
1151 945 1247 986 illae
1279 944 1527 999 seditiones,
1566 957 1702 997 usque
1736 944 1789 986 ad
1823 943 1953 987 Grac-

221 1019 377 1061 chanas
411 1020 545 1061 levius
577 1020 755 1062 tractari
786 1022 1003 1074 poterunt.

354 1094 608 1136 Academiae
639 1108 689 1136 ex
720 1095 909 1137 Historia
948 1094 1236 1136 instituendae
1275 1097 1376 1136 sunt
1414 1095 1543 1143 duae,
1587 1095 1722 1137 altera
1753 1098 1852 1149 post
1883 1095 1954 1137 ab·

217 1170 402 1212 solutam
448 1169 576 1212 libelli
623 1173 789 1223 partem
841 1169 1045 1222 priorem,
1098 1168 1280 1211 fortasse
1328 1169 1381 1211 ad
1427 1169 1594 1211 Bellum
1642 1169 1950 1213 Catilinarium.

219 1245 498 1296 Quaestiones
530 1245 637 1287 aliae
670 1247 797 1286 erunt
838 1245 1049 1297 simplices
1091 1248 1133 1286 et
1174 1244 1345 1300 planae,
1388 1245 1542 1298 quibus
1588 1258 1675 1287 rem
1718 1246 1870 1302 latius,
1912 1248 1956 1288 et

219 1321 305 1362 suis
346 1320 505 1371 verbis,
545 1324 588 1362 et
627 1320 852 1362 vernacule
891 1320 1092 1362 narrandi
1133 1320 1295 1362 occasio
1329 1319 1472 1362 detur:
1522 1321 1629 1363 aliae
1662 1321 1954 1376 complicatae,

219 1396 271 1437 ad
293 1395 642 1438 Academicorum
665 1395 864 1449 peritiam
888 1395 1022 1448 magis
1047 1395 1348 1449 explorandam
1372 1395 1523 1451 factae,
1557 1396 1635 1438 hoc
1657 1396 1743 1439 fere
1765 1396 1950 1439 modulo.

359 1477 549 1533 Quoties,
581 1480 624 1519 et
656 1476 727 1518 ubi
759 1479 995 1530 pugnatum
1030 1490 1051 1517 a
1086 1476 1203 1518 Sulla
1236 1475 1420 1518 reduce?
1454 1501 1503 1506 ——
1549 1477 1665 1528 Quae
1698 1480 1799 1519 sunt
1831 1478 1954 1520 Pom-

217 1553 300 1607 peji
332 1556 453 1606 gesta
485 1566 509 1594 a
541 1552 797 1595 Iuventute‘?
847 1577 896 1581 —
948 1551 1109 1602 Quibus
1151 1552 1290 1594 causis
1323 1552 1520 1594 Coloniae
1553 1565 1578 1594 a
1608 1553 1808 1595 Romanis
1852 1556 1954 1595 sunt

219 1628 441 1670 conditae?
486 1653 535 1658 —
580 1627 697 1678 Quae
729 1639 859 1669 causa
888 1626 997 1668 Belli
1028 1627 1209 1678 socialis,
1243 1627 1336 1680 quis
1370 1627 1537 1669 exitus‘.>
1581 1652 1630 1658 —-
1676 1627 1793 1678 Quae
1823 1640 1954 1670 causa

219 1707 382 1746 remota
413 1704 509 1745 belli
542 1703 723 1745 Mariani
756 1705 799 1744 et
830 1702 1050 1755 proxima?
1104 1728 1147 1731 ——
1200 1702 1247 1743 In
1281 1715 1364 1755 quo
1397 1702 1482 1744 sita
1514 1705 1580 1744 est
1611 1703 1850 1745 Tribunitia
1881 1715 1950 1757 po-

218 1780 382 1821 testas?
447 1804 495 1808 —
559 1779 676 1820 Bello
710 1780 861 1831 captus
895 1790 998 1829 ager
1029 1777 1241 1830 quomodo
1275 1777 1575 1819 dividebatur‘.>
1627 1804 1677 1808 —
1733 1777 1952 1829 Quomodo

218 1855 351 1897 evasit
386 1855 562 1907 Marius,
596 1857 638 1896 et
670 1852 884 1907 quomodo
918 1852 1071 1893 rediit?
1117 1877 1164 1882 —
1217 1852 1334 1903 Quae
1367 1866 1521 1897 causae
1554 1854 1651 1895 belli
1683 1853 1953 1906 gladiatorii?

221 1957 270 1961 —
306 1932 492 1973 Recense
525 1930 633 1972 Livii
665 1929 792 1971 Drusi
825 1928 1089 1970 seditionem.
1128 1954 1176 1958 —
1212 1928 1328 1978 Quae
1361 1929 1406 1970 L.
1431 1929 1598 1983 Apuleji
1624 1928 1873 1970 Saturnini?
1899 1953 1950 1958 —

220 2006 424 2056 Quomodi
456 2006 617 2047 interiit
641 2005 684 2046 C.
709 2003 959 2045 Gracchus‘?
993 2028 1042 2032 -—
1078 2002 1195 2053 Quae
1218 2003 1368 2045 seditio
1392 2004 1480 2046 Tib.
1505 2004 1716 2046 Gracchi?
1750 2029 1800 2034 —
1836 2004 1954 2054 Quae

219 2081 470 2134 proscriptio
506 2080 706 2134 Syllana?
742 2104 791 2108 -—
828 2079 939 2129 Quid
972 2082 1120 2131 postea
1150 2078 1278 2134 Sylla,
1312 2080 1384 2132 qui
1416 2079 1550 2121 finiit?
1586 2105 1634 2110 ——
1669 2079 1836 2122 Bellum
1868 2092 1954 2122 ser-

220 2157 300 2198 vile
333 2160 381 2197 ut
413 2156 563 2208 coepit,
598 2157 645 2196 ut
675 2154 812 2195 finiit?
863 2179 912 2184 —
963 2154 1064 2204 Quis
1097 2153 1177 2194 suit
1209 2153 1454 2196 Sertorius‘.>
1499 2180 1548 2184 —
1593 2154 1811 2206 Quomodo
1843 2154 1954 2197 finiit

221 2232 464 2273 Sertorius?
501 2255 549 2260 —-
585 2230 702 2280 Quae
735 2232 835 2271 sunt
867 2232 962 2271 acta
997 2228 1181 2271 Cinnae?
1216 2254 1265 2258 —
1306 2230 1491 2272 Recense
1525 2230 1846 2272 Decemviratus
1881 2229 1953 2271 Hi-

221 2308 409 2349 storiam.
447 2332 495 2336 —
532 2306 617 2348 Cur
648 2307 820 2347 inventa
843 2306 1081 2347 Tribunitia
1109 2305 1333 2347 Potestas?
1368 2330 1417 2335 ——
1454 2305 1563 2356 Quid
1594 2305 1660 2347 lex
1692 2304 1953 2347 Iudiciaria?

224 2408 272 2413 —
309 2383 425 2433 Quae
457 2394 610 2424 causae
633 2385 697 2423 tot
719 2381 1004 2423 seditionum?
1040 2405 1089 2409 —
1124 2380 1263 2422 Narra
1286 2380 1336 2422 de
1358 2380 1414 2421 M.
1440 2380 1597 2421 Manlio
1621 2379 1871 2433 Capitolino.
1897 2404 1950 2408 —

222 2459 586 2511 Complicatae:
636 2457 809 2508 Quoties
842 2468 1054 2498 secessum
1089 2469 1112 2497 a
1143 2456 1293 2509 plebe‘?
1343 2480 1392 2485 —
1442 2455 1522 2506 Qui
1554 2455 1675 2497 exilio
1707 2454 1818 2508 pulsi
1850 2454 1953 2496 clari

221 2535 331 2577 cives
363 2537 406 2575 et
436 2533 619 2575 redditi‘?
653 2558 702 2562 —
739 2532 818 2582 Qui
851 2532 977 2573 duces
1012 2532 1135 2573 occisi
1170 2544 1193 2572 a
1225 2531 1342 2573 suis?
1389 2531 1436 2573 R.
1462 2530 1609 2585 Cinna,
1643 2529 1871 2572 Sertorius.
1899 2554 1949 2559 —

220 2609 303 2652 Ubi
336 2609 497 2651 obsessi
529 2608 817 2661 gladiatores?
872 2632 921 2637 —
976 2607 1156 2658 Quinam
1189 2620 1234 2648 se
1264 2607 1379 2660 ipsos
1412 2605 1630 2648 occidere‘.>
1690 2606 1738 2647 R.
1775 2604 1951 2661 Appius,

221 2684 397 2725 Marius.
434 2709 483 2714 —-
519 2684 620 2734 Quis
652 2683 800 2725 humili
833 2695 986 2736 genere
1019 2682 1166 2724 ortus‘?
1213 2682 1260 2723 R.
1287 2681 1534 2734 Spartacus,
1566 2679 1822 2735 Herdonius,
1856 2678 1952 2721 Ser-

222 2759 371 2801 torius.
427 2784 478 2788 ——
531 2759 614 2801 Ubi
647 2761 767 2800 extra
799 2758 976 2799 Romam
1009 2760 1182 2799 senatus
1214 2757 1333 2798 Rom.
1368 2756 1655 2798 constitutus?
1701 2756 1749 2797 R.
1784 2767 1808 2796 a
1839 2754 1952 2796 Mar-

222 2835 276 2876 tis
295 2835 349 2886 (2³)
379 2847 401 2874 a
425 2833 628 2875 Sertorio.
653 2858 700 2862 —
729 2833 902 2883 Quoties
925 2833 1123 2885 edictum,
1156 2832 1349 2874 viderent
1372 2831 1590 2887 Consules,
1622 2844 1675 2873 ne
1696 2830 1952 2884 Respublica

223 2909 523 2951 detrimentum
567 2908 735 2960 capiat‘?
801 2931 845 2936 -
912 2907 991 2957 Qui
1025 2907 1216 2949 consules
1250 2906 1404 2948 occisis>
1467 2931 1516 2936 —
1582 2906 1661 2956 Qui
1693 2905 1950 2948 seditionum

223 2984 422 3025 authores
456 2983 596 3025 caesi‘?
631 3008 680 3012 ——
724 2982 901 3032 Quando
934 2983 1069 3024 Roma
1099 2982 1140 3023 in
1173 2981 1353 3023 maximo
1385 2984 1516 3031 metu,
1549 2984 1592 3023 et
1622 2980 1810 3034 periculo
1841 2979 1950 3021 fuit?

223 3062 265 3101 et
296 3059 490 3112 quoties?
532 3082 581 3087 —
627 3057 743 3107 Quae
775 3057 981 3099 foeminae
1013 3057 1308 3099 turbaverint?
1361 3057 1409 3098 R.
1444 3056 1564 3098 Fabii
1597 3055 1795 3097 Ambusti
1824 3054 1949 3109 filiae,

224 3133 432 3184 Cornelia,
465 3135 542 3175 cet.
595 3157 643 3161 —
695 3132 796 3182 Quis
829 3132 1213 3185 peregrinationem
1245 3131 1378 3173 obiit‘?
