2164 3535
492 227 560 261 Die
586 226 829 270 Propaganda
854 226 943 260 iiber
968 224 1026 260 die
1053 225 1184 270 papstl.
1211 225 1446 262 Seminarien.
1487 228 1584 261 1625.
1813 229 1895 269 283

284 635 499 688 Dekret
555 635 655 687 der
716 634 1098 707 l'ropaganda
1153 633 1243 687 fiir
1298 634 1389 687 die
1445 633 1809 706 p'apstlichen

732 748 1104 801 Seminarien.
1175 749 1342 801 1625.

613 861 776 906 (Aren.
815 860 963 898 Germ.
996 860 1099 895 x111
1137 860 1185 895 A.
1217 860 1235 894 1
1272 869 1312 905 p.
1345 860 1464 903 305.)

181 1141 516 1190 Decretum
556 1140 1102 1207 Congregationis
1142 1139 1364 1189 Sacrae
1404 1139 1471 1186 de
1509 1138 1905 1204 propaganda

499 1245 639 1294 Fide
678 1263 869 1294 coram
907 1243 1302 1293 sanctissimo
1341 1242 1589 1291 habitae

806 1350 872 1392 die
905 1352 970 1392 24.
1007 1350 1112 1391 Nov.
1149 1350 1270 1391 1625.

315 1475 444 1518 Sacra
477 1476 757 1530 Congregatio
802 1477 853 1519 de
895 1476 1093 1518 mandato
1134 1475 1305 1529 speciali
1349 1475 1389 1517 S.
1425 1475 1474 1516 D.
1509 1474 1557 1517 N.
1593 1472 1758 1516 Urbani
1788 1473 1903 1514 VIII.

178 1551 430 1593 Rectoribus
464 1551 747 1605 Collegiorum
780 1551 1097 1593 Pontificiorum
1138 1563 1250 1593 nunc
1292 1552 1334 1592 et
1375 1563 1451 1603 pro
1493 1552 1683 1602 tempore
1726 1548 1906 1590 existen-

179 1626 293 1668 tibus
327 1627 531 1681 praecipit
562 1627 766 1681 districte,
799 1630 847 1668 ut
879 1627 930 1668 ab
954 1626 1160 1675 Alumnis,
1193 1626 1264 1679 qui
1286 1626 1468 1678 maj0res
1495 1626 1546 1665 14
1569 1625 1689 1666 annis
1720 1625 1763 1665 in
1787 1636 1906 1677 prae—

182 1701 280 1743 fatis
313 1701 508 1755 Collegiis
541 1702 582 1743 in
615 1705 834 1756 posterum
874 1702 1150 1756 recipientur,
1189 1704 1380 1754 tempore
1420 1699 1687 1742 admissionis
1724 1699 1908 1755 illorum,

182 1777 247 1818 vel
285 1777 338 1830 (si
370 1777 552 1820 minores
593 1777 767 1830 fuerint)
811 1781 907 1831 post
947 1780 1147 1830 quartum
1189 1776 1396 1818 decimum
1440 1787 1598 1816 annum
1638 1774 1907 1829 completum,

175 1852 468 1906 juramentum
498 1852 622 1905 juxta
660 1852 892 1906 subjectam
932 1851 1157 1893 formulam
1200 1851 1389 1903 exigantt,
1430 1849 1555 1903 illud,
1594 1852 1642 1890 ut
1682 1849 1908 1902 perfertur,

181 1930 399 1979 exaratum
448 1939 496 1969 ac
543 1939 670 1968 manu
717 1926 886 1968 illorum
927 1926 1233 1980 subscriptum,
1280 1925 1320 1966 in
1361 1923 1554 1966 archiviis
1594 1923 1908 1977 praedictorum

182 2001 463 2055 Collegiorum
497 2001 719 2055 diligenter
751 2004 982 2043 asservent.

320 2095 501 2148 Insuper
532 2095 678 2137 eadem
710 2094 841 2137 Sacra
863 2095 1144 2148 Congregatio
1179 2093 1380 2143 declarat,
1413 2092 1528 2146 quod
1560 2105 1635 2146 per
1665 2091 1908 2145 hujusmodi

179 2172 469 2226 juramentum
500 2170 705 2212 Alumnos
739 2170 790 2212 ab
823 2170 915 2212 aliis
948 2169 1277 2223 obligationibus
1310 2173 1352 2211 et
1378 2168 1651 2223 juramentis,
1687 2180 1795 2220 quae
1827 2167 1909 2208 for-

182 2246 293 2288 sitan
342 2259 390 2289 ex
431 2245 746 2299 praedictorum
789 2245 1072 2298 Collegiorum
1113 2244 1500 2287 Constitutionibus
1547 2247 1768 2299 praestare
1816 2255 1911 2284 con-

186 2324 431 2376 sueverunt,
464 2321 645 2362 eximere
677 2333 760 2362 non
792 2320 999 2374 intendit,
1039 2319 1119 2361 nisi
1152 2323 1364 2372 quatenus
1401 2319 1675 2373 infrapositae
1706 2318 1913 2360 formulae

184 2396 395 2438 contraria
427 2396 653 2438 extiterint.
720 2395 803 2437 Sed
842 2408 891 2437 ea
933 2395 1072 2436 omnia
1111 2394 1259 2436 illaesa
1291 2407 1339 2436 ac
1380 2394 1503 2436 firma
1534 2407 1704 2436 manere
1734 2394 1825 2435 vult
1864 2406 1911 2435 ac

183 2471 225 2512 in
258 2471 404 2513 eodem
436 2470 587 2513 robore
619 2470 867 2525 persistere,
901 2482 948 2512 ac
982 2470 1015 2511 si
1048 2481 1248 2522 praesens
1280 2469 1509 2511 Decretum
1544 2482 1627 2510 non
1659 2470 1909 2510 emanasset.

324 2564 550 2606 Praeterea
583 2563 634 2605 de
666 2563 866 2605 mandato
899 2562 1071 2616 speciali
1104 2561 1292 2615 ejusdem
1324 2561 1362 2603 S.
1398 2562 1448 2603 D.
1482 2561 1538 2604 N}
1580 2561 1733 2603 statuit
1764 2573 1811 2602 ac
1844 2561 1911 2602 de-

186 2639 336 2695 crevit,
376 2639 582 2681 neminem
616 2642 764 2680 contra
801 2637 1117 2691 infrascriptam
1150 2637 1383 2690 Juramenti
1421 2636 1645 2678 formulam
1680 2635 1913 2689 praedicto—

186 2727 280 2756 rum
325 2714 601 2756 Alumnorum
644 2714 684 2755 in
729 2713 871 2766 aliqua
909 2713 1146 2766 Religione,
1190 2711 1422 2766 Societate,
1469 2711 1532 2753 vel
1577 2709 1912 2763 Congregatione

186 2789 371 2842 regulari
405 2802 428 2830 a
462 2788 761 2842 Superioribus
795 2788 944 2841 recipi,
985 2799 1060 2829 nec
1093 2786 1146 2828 ad
1177 2786 1484 2840 professionem
1515 2785 1684 2828 admitti
1717 2797 1841 2838 posse
1873 2798 1910 2825 v.

189 2863 359 2913 debere,
401 2863 585 2916 alioquin
629 2864 813 2917 receptio
846 2866 888 2905 et
920 2861 1124 2916 professio
1157 2861 1298 2903 nullae
1339 2865 1439 2903 sunt
1481 2874 1527 2903 ac
1560 2861 1716 2903 nullius
1749 2860 1911 2902 roboris

189 2941 231 2979 et
261 2937 486 2979 firmitatis.
549 2938 606 2979 Et
637 2938 709 2991 qui
747 2951 796 2979 ex
839 2936 1062 2979 antedictis
1095 2935 1396 2989 Superioribus
1429 2936 1633 2978 Alumnos
1670 2933 1911 2988 hujusmodi

188 3015 335 3054 contra
366 3011 599 3066 subjectam
636 3012 867 3065 Juramenti
899 3010 1123 3053 formulam
1165 3011 1391 3065 receperit,
1435 3024 1471 3052 v.
1516 3010 1570 3052 ad
1608 3009 1911 3063 professionem

191 3086 423 3135 admiserit,
456 3087 595 3129 activa
625 3090 667 3129 et
697 3087 867 3140 passiva
891 3099 991 3128 voce
1013 3086 1248 3139 praesentis
1270 3085 1439 3128 Decreti
1462 3085 1722 3127 authoritate
1749 3086 1909 3126 careat.

190 3161 282 3204 Non
317 3161 582 3204 obstantibus
624 3161 938 3214 praedictorum
972 3161 1254 3214 Collegiorum
1297 3160 1618 3203 fundationibus
1650 3171 1698 3201 ac
1730 3159 1911 3201 Decreto
