2164 3535
730 220 805 254 Das
831 220 1093 254 Theresiauum
1120 219 1156 253 in
1183 219 1299 254 Wien.
1792 224 1873 266 345

482 487 551 529 De
589 487 835 529 Meteoris
873 487 1036 540 igneis
1075 487 1251 541 aqueis
1293 490 1339 528 et
1378 488 1552 529 aereis.

296 578 406 629 Quid
436 579 642 622 Fulmen?
689 580 882 632 Fulgur‘?
929 580 1053 622 Unde
1085 581 1279 622 tonitru‘?

298 652 406 702 Quid
428 654 546 706 ignes
567 655 707 696 fatui?
738 655 1026 697 Ambulones‘?
1063 656 1172 708 Ignis
1197 655 1437 698 Lambens‘?
1471 655 1627 698 Stellae
1652 656 1878 698 cadentes?

296 727 419 769 Unde
451 741 606 770 aurora
638 729 860 771 Borealis?
910 730 1071 772 Lumen
1103 730 1355 771 Zodiacale‘?

295 801 417 843 Unde
448 802 645 844 Nebula?
691 803 866 845 Nubes?
914 804 1030 845 Ros‘?
1072 804 1261 845 Pruina‘?
1304 805 1481 846 Pluvia?
1526 806 1633 847 Nix?
1677 805 1878 847 Grando‘?

298 876 407 927 Quid
440 879 623 920 ventus?
656 878 728 931 qui
761 879 974 932 praecipui
1007 880 1327 920 memorantur?

301 952 423 994 Unde
455 953 564 994 Iris?
611 953 694 995 Cur
727 953 973 996 circularis?
1021 953 1130 1003 Quid
1162 953 1285 1004 Halo,
1320 954 1487 1007 Parem,
1521 959 1564 997 et
1594 955 1880 997 Paraselene‘?

594 1216 664 1258 Ex
705 1216 970 1273 Geologia‚
1009 1221 1058 1260 et
1094 1217 1447 1271 Mineralogia.

851 1299 1193 1341 Assertiones.

300 1409 431 1450 Terra
462 1411 527 1450 est
557 1408 741 1461 Figurae
774 1408 1054 1462 Eliptoidicae
1086 1409 1139 1450 ad
1170 1409 1289 1462 polos
1322 1409 1559 1462 depressae.

302 1496 469 1538 Montes
510 1495 708 1548 ignivomi
750 1495 946 1536 oriuntur
988 1508 1011 1537 a
1053 1495 1447 1538 fermentat-ionibus
1491 1497 1692 1538 materiae
1736 1497 1882 1538 acidae

160 1584 208 1613 ac
239 1571 505 1625 sulphureae.

300 1663 455 1705 Terrae
486 1664 626 1704 motus
661 1663 798 1704 oritur
829 1675 877 1704 ex
914 1663 1123 1705 rarefacto
1157 1676 1253 1705 aere
1287 1664 1591 1716 subterraneo,
1632 1667 1707 1706 aut
1739 1664 1884 1717 aqueis

164 1738 358 1792 partibus
390 1738 431 1779 in
467 1750 665 1791 vaporem
698 1738 814 1780 actis.

303 1830 487 1884 Lapides
521 1830 717 1872 oriuntur
748 1843 796 1872 ex
830 1830 957 1872 variis
990 1831 1141 1873 terreis
1184 1831 1322 1873 arenis
1356 1844 1433 1885 ope
1475 1844 1695 1874 succorum
1737 1830 1886 1885 lapidi-

165 1906 339 1948 ficorum
371 1906 481 1947 inter
512 1918 557 1948 se
590 1905 969 1948 concrescentibus.

303 1993 475 2035 Metalla
507 1993 589 2035 alia
620 1996 721 2035 sunt
752 1993 953 2046 perfecta,
985 1993 1231 2046 imperfecta
1265 1994 1358 2035 alia.

305 2086 485 2128 Materia
516 2085 785 2127 Metallorum
819 2088 884 2126 est
914 2084 1091 2126 fluidum
1123 2085 1334 2138 quoddam
1368 2086 1408 2126 in
1442 2098 1619 2139 vapores
1652 2085 1887 2127 resolutum

171 2174 298 2215 poros
330 2164 484 2216 terrae,
516 2161 790 2215 lapidumque
821 2164 986 2202 meatus
1019 2161 1253 2214 pervadens
1288 2162 1329 2203 in
1360 2162 1608 2203 matricibus
1641 2161 1887 2203 convenien-

163 2235 277 2277 tibus
309 2235 544 2278 collectum.

862 2454 930 2495 De
969 2453 1182 2495 Plantis.

307 2545 416 2596 Quid
447 2546 630 2588 Planta‘.>
679 2546 794 2596 Quae
826 2546 1078 2599 praecipuae
1111 2549 1253 2599 partes
1287 2546 1489 2599 plantae?

857 2799 1197 2840 Assertiones.

309 2903 485 2945 Plantae
519 2916 660 2946 omnes
695 2904 890 2945 oriuntur
921 2917 968 2946 ex
1002 2905 1187 2960 proprio,
1220 2904 1498 2958 specificoque
1532 2904 1700 2946 semine.

310 2989 627 3031 Nutrimentum
673 2990 915 3043 plantarum
970 2990 1151 3032 habetur
1203 3004 1278 3043 per
1324 2995 1467 3044 partes
1520 2990 1675 3031 salinas
1723 2993 1885 3030 terreas

173 3064 337 3106 oleosas
369 3065 410 3105 in
443 3076 567 3106 succo
601 3077 735 3117 aqueo
758 3068 1050 3118 praeparatas,
1087 3068 1350 3113 extenuatas,
1384 3065 1596 3117 subactas,
1630 3068 1672 3106 et
1694 3076 1788 3106 cum
1810 3064 1888 3105 hoc

172 3151 296 3180 succo
327 3152 404 3192 per
436 3139 675 3181 universam
707 3140 949 3193 plantarum
982 3140 1264 3181 substantiam
1299 3140 1547 3181 distributas
