2164 3535
228 208 310 249 218
763 204 1040 248 Heranbildung
1066 203 1130 238 der
1155 203 1295 238 Lehrer
1325 207 1421 240 1622.

229 345 447 399 cohaeret,
480 345 681 399 avellere,
723 347 798 386 aut
829 343 1020 386 ordinem
1052 342 1140 386 fere
1171 344 1436 397 perturbare.
1499 344 1740 387 Plurimum
1770 345 1962 399 proderit

229 420 282 462 ad
324 420 427 462 haec
465 419 754 469 observanda,
795 418 992 472 periodos
1025 417 1240 461 Ciceronis
1283 419 1394 473 apud
1439 432 1515 462 nos
1548 420 1671 473 quasi
1702 420 1960 463 modulando

228 495 459 537 identidem
500 494 679 548 iterare,
727 496 775 535 ut
816 506 941 536 aures
983 496 1155 536 nostrae
1193 493 1376 536 barbaro
1420 497 1463 536 et
1510 494 1669 548 agresti
1709 495 1962 538 vernaculae

228 570 398 623 linguae
437 581 539 611 sono
579 568 768 611 imbutae
810 568 865 610 ad
898 568 1198 611 Ciceronianae
1231 569 1434 612 orationis
1467 569 1724 613 suavitatem
1756 570 1963 624 paulatim

229 647 490 687 assuescant.

367 720 430 761 De
463 718 722 761 ornamentis
753 717 857 759 nihil
889 718 1044 761 attinet
1075 718 1231 761 dicere:
1266 722 1367 762 sunt
1398 719 1507 762 enim
1530 719 1572 761 hi
1602 719 1698 762 libri
1730 720 1781 763 iis
1804 719 1962 772 referti,

229 807 277 837 ac
309 807 354 837 se
387 796 538 848 sponte
569 792 747 835 offerent
777 793 1028 846 legentibus.

977 1163 1136 1218 Caput
1166 1165 1210 1205 V.

633 1279 706 1327 De
744 1278 906 1344 po'etis
946 1286 1256 1344 temperatae
1295 1277 1545 1328 dictionis

366 1406 442 1447 His
477 1406 595 1448 libris
627 1418 755 1458 prosa
786 1405 956 1459 scriptis
999 1405 1318 1459 respondebunt
1348 1406 1397 1458 ii,
1440 1406 1512 1459 qui
1554 1419 1638 1448 non
1673 1405 1876 1447 minorem
1917 1406 1958 1447 in

226 1493 351 1522 versu
383 1481 639 1523 suavitatem
671 1480 842 1535 habent,
876 1484 925 1522 ut
956 1484 1056 1523 sunt
1089 1480 1297 1534 Georgica
1318 1481 1497 1534 Virgilii,
1530 1480 1630 1524 fasti
1653 1480 1805 1537 Ovidii,
1841 1480 1960 1523 Odae

225 1556 392 1598 Horatii
425 1559 466 1598 et
498 1556 669 1598 similes.
733 1556 986 1609 Georgica
1023 1556 1260 1598 imitatione
1292 1556 1467 1598 Hesiodi
1498 1556 1658 1598 habent
1688 1556 1872 1609 plurima
1905 1556 1958 1597 ad

227 1631 488 1672 naturalium
512 1644 653 1673 rerum
677 1631 961 1683 cognitionem
984 1631 1243 1684 pertinentia
1266 1634 1439 1684 praeter
1461 1631 1744 1685 digressiones
1766 1630 1960 1685 pulcher-

226 1705 367 1761 rimas,
398 1706 535 1759 qualis
568 1708 633 1748 est
663 1706 735 1747 illa
768 1706 818 1748 de
850 1706 1048 1749 laudibus
1082 1707 1232 1749 Italiae
1264 1708 1334 1749 lib.
1362 1710 1397 1760 l,
1431 1708 1483 1750 de
1513 1707 1710 1750 laudibus
1744 1707 1856 1749 vitae
1887 1719 1958 1748 ru-

226 1781 359 1822 sticae
390 1781 459 1823 lib.
486 1783 525 1834 2,
557 1781 701 1823 fabula
735 1781 787 1824 de
818 1782 1089 1824 restitutione
1123 1795 1250 1836 apum
1283 1783 1351 1825 lib.
1377 1785 1415 1824 4.
1472 1783 1613 1825 Fasti
1648 1782 1815 1825 Ovidii
1847 1781 1958 1836 pleni

225 1855 465 1898 fabularum
505 1860 547 1898 et
584 1857 822 1910 priscarum
860 1856 1138 1899 historiarum
1170 1870 1368 1911 magnam
1400 1858 1675 1911 suppeditant
1707 1856 1956 1899 eruditionis

226 1931 461 1973 materiam.
533 1931 668 1973 Odae
707 1931 925 1973 continent
967 1932 1115 1974 laudes
1158 1932 1389 1975 illustrium
1432 1933 1619 1975 virorum
1662 1945 1710 1974 ac
1752 1933 1956 1988 locorum,

225 2008 355 2059 atque
398 2006 523 2048 etiam
567 2006 773 2048 virtutum
814 2006 1113 2057 tractationes3
1160 2010 1288 2060 atque
1330 2007 1434 2050 adeo
1477 2007 1709 2049 ostendunt
1749 2007 1954 2049 rationem

224 2080 404 2133 quidvis,
437 2081 549 2134 quod
582 2081 698 2123 brevi
733 2082 917 2123 carmine
950 2082 1247 2135 comprehendi
1280 2083 1435 2135 possit,
1463 2082 1664 2137 jucunde,
1695 2082 1881 2124 breviter
1913 2085 1956 2124 et

224 2155 389 2197 erudite
420 2155 651 2201 tractandi:
685 2159 727 2197 et
758 2159 859 2197 sunt
891 2156 1157 2198 observanda
1189 2161 1442 2210 argumenta
1472 2158 1625 2211 omnia,
1658 2169 1767 2211 quae
1799 2157 1853 2199 ad
1876 2157 1953 2199 has

225 2231 429 2273 materias
462 2244 605 2273 omnes
640 2231 915 2273 adhibentur:
960 2245 996 2273 v.
1032 2244 1091 2284 gr.
1126 2232 1275 2274 laudat
1306 2232 1520 2274 interdum
1551 2231 1757 2274 Horatius
1789 2231 1954 2285 aliquid

226 2305 317 2347 aliis
340 2305 637 2359 praeferendo;
670 2306 730 2348 ita
752 2306 901 2348 laudat
923 2306 1054 2348 Tibur
1085 2307 1165 2349 ode
1188 2310 1211 2349 7
1246 2308 1314 2349 lib.
1343 2310 1377 2349 1.
1429 2307 1715 2350 »Laudabunt
1737 2307 1830 2349 alii«
1856 2310 1954 2357 cet.;

223 2380 436 2422 interdum
468 2394 543 2435 per
575 2381 949 2437 comparationem,
982 2382 1042 2424 ita
1073 2383 1224 2425 laudat
1256 2383 1444 2425 Drusum
1479 2382 1557 2425 ode
1579 2385 1604 2424 4
1636 2382 1706 2425 lib.
1731 2384 1757 2424 4
1789 2395 1954 2436 compa-

223 2456 356 2498 rando
390 2469 484 2498 cum
518 2456 690 2509 aquila.
715 2470 744 2503 ,ς
787 2457 914 2499 tertio
959 2470 1091 2499 unum
1132 2458 1302 2511 aliquod
1345 2458 1562 2511 egregium
1603 2458 1763 2500 factum
1801 2457 1954 2500 descri-

223 2530 380 2585 bendo,
412 2531 472 2573 ita
506 2531 655 2573 laudat
686 2532 897 2584 Regulum
938 2532 1016 2574 ode
1050 2535 1073 2574 5
1118 2533 1187 2575 lib.
1224 2534 1260 2574 3.
1324 2532 1516 2575 Eandem
1558 2532 1659 2575 item
1700 2532 1953 2575 sententiam

223 2605 351 2646 variis
383 2605 518 2647 modis
551 2606 746 2660 explicat,
778 2609 827 2647 ut
859 2606 937 2648 ode
958 2608 982 2648 2
1015 2607 1084 2649 lib.
1111 2609 1157 2663 2,
1191 2620 1275 2660 qua
1307 2608 1529 2649 avaritiam
1562 2608 1724 2650 confert
1755 2620 1850 2650 cum
1880 2607 1953 2662 hy-

225 2679 377 2732 drope3
412 2679 489 2721 ode
514 2682 565 2721 16
599 2681 668 2721 lib.
702 2682 725 2722 3
759 2680 936 2723 eandem
968 2682 1204 2724 insectatur
1237 2681 1366 2723 allata
1394 2681 1539 2724 fabula
1575 2682 1756 2724 Danaes.
1826 2681 1952 2724 Deni-

224 2766 307 2807 que
342 2758 595 2806 argumenta
627 2755 765 2797 omnia
805 2755 959 2798 debent
997 2768 1090 2798 esse
1127 2756 1269 2798 facilia
1307 2759 1349 2798 et
1387 2756 1641 2810 probabilia,
1680 2756 1822 2809 qualia
1852 2760 1953 2799 sunt

223 2828 389 2881 similia,
422 2828 656 2881 dissimilia,
689 2830 876 2881 effectus,
908 2832 1188 2879 inductiones,
1222 2833 1470 2874 sententiae.
1513 2858 1561 2862 —
1604 2832 1871 2874 Formulae
1902 2832 1950 2874 in

222 2904 376 2946 fastis
409 2904 699 2947 observandae
730 2910 831 2948 sunt
862 2907 1053 2962 inprimis
1088 2920 1183 2963 eae,
1226 2907 1379 2961 quibus
1422 2907 1590 2949 fabulae
1631 2907 1743 2949 inter
1780 2920 1825 2949 se
1856 2919 1950 2950 nec-

223 2981 393 3029 tuntur;
440 2979 653 3021 interdum
700 2981 863 3023 inducit
904 2982 1014 3024 idem
1065 2982 1248 3036 aliquem
1295 2982 1373 3024 sibi
1420 2985 1689 3037 narrantem,
1735 2982 1946 3024 interdum

223 3054 392 3096 invocat
435 3054 628 3111 quidem,
676 3056 750 3098 sed
790 3057 880 3110 ipse
921 3070 1099 3100 narrare
1142 3058 1301 3111 pergit;
1350 3057 1453 3099 alias
1495 3060 1722 3111 memorat,
1768 3056 1948 3099 amicum

223 3140 479 3182 quemquam
513 3130 591 3172 sibi
623 3143 833 3173 narrasse.
898 3130 1098 3174 Similiter
1137 3131 1179 3173 in
1212 3131 1480 3185 Georgicis
1522 3133 1749 3186 praecepta
1787 3131 1947 3174 rustica

2154 2811 2164 2902 ‘nn-s.
2160 2756 2164 2790 ..,
