2164 3535
697 206 972 250 Heranbildung
996 205 1059 241 der
1084 205 1222 240 Lehrer
1250 208 1346 240 1622.
1800 207 1878 248 187

165 583 467 639 Genauere
526 585 948 638 Instructionen
1006 585 1095 637 fiir
1152 585 1242 637 die
1290 584 1732 655 Heranbildung
1783 584 1882 636 der

333 686 547 739 Lehrer
591 687 646 739 in
694 687 792 740 der
835 687 1198 740 rheinischeu
1252 687 1491 741 Provinz
1542 687 1707 739 1622.

569 797 708 839 (Arch.
735 797 855 832 Prov.
884 797 1015 833 Germ.
1035 797 1138 832 XIII
1164 797 1228 832 A2
1255 807 1296 841 p.
1314 797 1470 840 345ss.)

298 911 412 946 Unter
437 911 506 946 den
527 911 788 955 »Repete-ntes«
819 911 897 946 sind
925 911 982 945 die
1003 911 1183 954 ¹jungerem
1202 911 1421 955 Religiosen,
1449 922 1514 945 von
1543 912 1701 945 welchen
1728 911 1785 945 ein
1804 910 1882 945 Teil

161 969 218 1003 die
245 969 581 1013 philosophischen,
614 969 677 1003 der
709 969 841 1003 andere
868 969 926 1003 die
959 969 1268 1004 humanistischen
1296 968 1443 1002 Studien
1471 968 1698 1012 wiederholt,
1731 979 1773 1002 zu
1807 978 1882 1001 ver-

167 1026 303 1061 stehen.
353 1027 444 1061 Dass
470 1026 572 1061 beide
601 1027 732 1061 Coetus
768 1031 891 1071 streng
924 1027 1140 1070 geschieden
1168 1037 1304 1071 waren,
1339 1027 1424 1070 geht
1457 1026 1567 1060 sehon
1600 1036 1664 1059 aus
1697 1025 1761 1059 der
1793 1025 1883 1059 oben

163 1084 210 1126 (S.
233 1085 308 1128 176)
335 1084 571 1128 mitgeteilten
598 1083 824 1128 Anordnung
856 1084 918 1119 des
945 1085 1168 1119 Provincials
1199 1085 1345 1128 hervor,
1378 1083 1440 1118 der
1472 1083 1612 1127 zufolge
1646 1083 1716 1117 den
1742 1082 1883 1116 Horern

163 1142 226 1177 des
253 1142 562 1177 humanistischen
588 1141 721 1176 Cursus
747 1141 816 1175 alle
845 1141 1164 1185 philosophischen
1190 1141 1334 1175 Bucher
1367 1144 1540 1184 entzogen
1574 1139 1715 1174 werden
1743 1138 1882 1178 soHten,

163 1199 275 1234 damit
299 1199 357 1234 ihr
382 1209 515 1243 ganzer
540 1198 654 1233 Fleiss
680 1198 759 1233 dem
788 1198 1038 1243 Spezialfache
1066 1199 1208 1242 gehere.

421 1421 480 1472 A,
538 1419 807 1467 hist-ructio
847 1438 934 1485 pro
975 1419 1212 1467 Praeside
1251 1418 1622 1484 Repetentium.

302 1557 378 1598 Cui
409 1557 486 1599 hoc
519 1570 672 1599 munus
705 1570 729 1598 a
764 1556 991 1610 Superiore
1024 1557 1273 1609 imponitur,
1306 1556 1471 1597 omnino
1505 1557 1583 1597 sibi
1616 1557 1884 1609 persuadeat,

165 1632 380 1684 negotium
414 1632 553 1684 magni
587 1632 807 1678 momenti,
851 1632 1049 1684 quodque
1080 1645 1161 1672 non
1195 1631 1332 1673 minus
1375 1631 1426 1672 ad
1468 1644 1688 1673 commune
1728 1632 1882 1673 bonnm

166 1705 408 1760 Societatis,
453 1719 579 1759 quain
622 1706 675 1747 ad
708 1706 970 1759 singulorum
1014 1706 1193 1747 fratrum
1236 1710 1477 1748 nostrorum
1521 1706 1883 1748 scholiasticorum

164 1780 400 1833 profectum
432 1783 474 1822 et
507 1781 732 1823 utilitatem
765 1781 994 1834 pertineat,
1034 1782 1109 1822 sibi
1145 1781 1413 1823 commissum
1447 1794 1550 1823 esse.
1616 1782 1885 1834 Quapropter

164 1855 310 1897 sedulo
355 1856 408 1897 ad
446 1856 550 1897 illud
596 1856 833 1905 incumbat,
881 1861 922 1898 et
964 1857 1166 1909 singulari
1214 1857 1295 1898 fide
1342 1869 1389 1898 ac
1435 1856 1651 1909 diligentia
1698 1857 1887 1909 praestet

165 1943 333 1973 necesse
365 1933 440 1973 est.
490 1931 611 1982 Quod
643 1935 692 1972 ut
722 1932 885 1973 facilius
909 1936 1177 1984 assequatur,
1211 1945 1260 1973 ea
1282 1945 1390 1984 quae
1415 1935 1653 1984 sequuntur
1676 1931 1882 1973 observet.

305 2009 339 2047 1.
375 2006 608 2048 Conabitur
630 2019 650 2047 e
673 2007 799 2048 variis
823 2007 1173 2048 instructionibus
1208 2010 1293 2047 tam
1328 2007 1544 2060 impressis
1567 2019 1694 2059 quam
1717 2006 1884 2059 scriptis

163 2080 415 2133 intelligere,
457 2082 551 2134 quis
584 2082 638 2123 sit
669 2082 709 2123 in
744 2081 954 2123 Societate
990 2085 1137 2122 nostra
1177 2094 1329 2134 scopus
1362 2086 1404 2122 et
1443 2081 1551 2123 ratio
1584 2081 1734 2122 harum
1768 2093 1886 2134 repe-

166 2155 376 2209 titionum,
408 2159 456 2197 ut
478 2156 671 2198 nimirum
698 2157 938 2199 scholastici
962 2158 1094 2198 nostri
1120 2161 1347 2209 utrumque
1370 2158 1572 2207 studium,
1596 2156 1885 2210 philosophiae

164 2243 218 2272 sc.
254 2234 296 2272 et
333 2230 628 2272 humaniorum
672 2232 889 2273 literarum
935 2232 1067 2285 (quod
1108 2245 1184 2285 per
1225 2232 1439 2273 biennium
1482 2232 1716 2273 noviciatus
1758 2231 1885 2272 inter—

165 2305 339 2347 missum
381 2319 462 2347 non
505 2319 655 2359 parum
698 2307 749 2348 ab
791 2307 998 2348 oblivione
1041 2307 1282 2348 detrimenti
1326 2307 1513 2359 accipere
1554 2306 1733 2359 potuit),
1775 2306 1883 2347 serio

164 2380 319 2422 iterum
353 2384 656 2433 recognoscant
688 2386 730 2423 et
761 2382 959 2423 recolant.
1010 2383 1056 2423 In
1091 2394 1138 2423 eo
1162 2381 1342 2435 denique
1365 2382 1480 2423 brevi
1513 2382 1713 2434 temporis
1746 2381 1883 2434 spatio

164 2454 225 2496 ita
256 2468 301 2496 se
332 2455 571 2509 perficiant,
615 2460 661 2497 ut
693 2459 735 2498 et
773 2457 928 2509 ingenii
961 2460 1003 2498 et
1044 2457 1292 2498 eruditionis
1336 2469 1436 2498 suae
1479 2456 1649 2509 aliquod
1683 2455 1885 2498 Societati

164 2530 373 2582 specimen
408 2530 509 2572 dare
543 2534 584 2572 et
620 2532 699 2585 ipsi
733 2532 785 2573 ad
818 2532 964 2573 eadem
1006 2532 1147 2573 studia
1186 2532 1470 2574 continuanda
1502 2532 1682 2585 maiores
1723 2531 1883 2572 animos

165 2605 381 2658 concipere
415 2617 462 2647 ac
494 2606 666 2647 tandem
699 2606 956 2648 fructuosius
996 2607 1068 2648 illa
1099 2620 1174 2648 suo
1209 2610 1398 2659 tempore
1440 2606 1479 2647 in
1514 2606 1665 2648 scholis
1698 2609 1884 2659 pertrac-

164 2682 255 2721 tare
287 2680 460 2733 possint.
514 2681 699 2737 Accedit,
733 2681 845 2734 quod
870 2695 894 2723 a
927 2681 1237 2734 repetitione
1269 2681 1630 2735 philosophiae
1662 2693 1883 2722 successus

164 2755 251 2796 fere
283 2754 484 2797 examinis
528 2756 791 2809 singulorum
834 2769 909 2809 pro
952 2756 1161 2798 audienda
1202 2757 1414 2809 theologia
1456 2756 1702 2809 dependeat.
1767 2755 1884 2805 Quae

165 2842 231 2871 res
264 2842 359 2871 cum
390 2830 526 2872 multa
559 2831 640 2873 alia
673 2832 973 2885 consequentia
1014 2835 1112 2885 post
1150 2845 1194 2874 se
1233 2832 1407 2885 habeat,
1450 2831 1571 2873 valde
1614 2844 1664 2872 ea
1695 2830 1883 2872 Praesidi

165 2905 458 2947 commendata
489 2905 545 2946 sit
577 2909 754 2959 oportet.

303 2980 340 3020 2.
390 2979 586 3033 Inprimis
618 2980 762 3034 itaque
795 2982 979 3036 curabit,
1022 2986 1068 3023 ut
1100 2982 1289 3024 ordinem
1330 2982 1567 3025 studiorum
1606 2983 1648 3022 et
1680 2980 1882 3034 temporis

166 3053 508 3096 distributionem
540 3055 641 3108 ipsis
672 3057 1003 3111 praescriptam,
1044 3057 1345 3099 instructiones
1388 3068 1556 3110 quoque
1595 3068 1676 3096 non
1716 3057 1881 3096 tantum

166 3128 454 3181 repetentibus
486 3129 737 3172 humaniora
769 3131 911 3173 studia
942 3135 985 3173 et
1016 3131 1347 3188 philosophiam,
1390 3131 1463 3173 sed
1501 3131 1626 3172 etiam
1668 3128 1882 3181 magistris
