2164 3535
683 186 958 229 Heranbildung
983 185 1047 220 der
1071 185 1210 220 Lehrer
1238 187 1335 219 1622.
1794 187 1872 227 197

149 330 339 383 magistri
379 342 478 371 suos
520 329 748 383 discipulos
789 328 842 370 ad
875 328 1033 381 apicem
1066 327 1315 369 literaturae
1350 323 1582 377 perducere
1614 325 1793 376 possunt
1827 335 1874 364 ac

150 404 317 460 debent,
350 404 411 446 ita
442 404 613 447 eosdem
646 404 873 456 magistros
906 404 1128 445 certiorem
1152 402 1262 443 viam
1285 398 1545 451 modumque
1568 410 1612 440 se
1634 396 1874 450 perficiendi

149 492 224 521 nec
255 491 460 532 quaerere
492 479 645 521 debere
677 491 752 520 nec
784 477 969 531 reperire
1000 489 1145 529 posse,
1188 488 1316 528 quam
1349 473 1420 527 qui
1454 473 1494 514 in
1527 472 1674 514 iisdem
1718 471 1874 524 regulis

149 554 462 607 praescribitur.
521 554 635 606 Ergo
668 553 776 594 idem
809 553 877 593 ille
911 551 1150 594 studiorum
1184 550 1301 603 ordo,
1336 548 1505 591 eaedem
1539 546 1874 601 exercitationes,

148 629 272 670 iidem
306 627 548 682 proficiendi
583 627 740 680 gradus
774 630 815 667 et
847 625 1140 667 subordinatio
1174 626 1226 667 ab
1258 625 1338 666 illis
1380 622 1596 665 observari
1636 621 1872 663 conveniet:

148 704 207 745 ita
245 706 293 744 ut
330 704 496 756 privata
538 705 735 743 autorum
778 701 920 751 lectio,
966 699 1214 753 quotidiana
1254 699 1339 740 stili
1371 698 1614 740 exercitatio
1649 700 1875 749 ceteraque

147 777 388 831 hujusmodi
424 790 506 819 non
539 777 661 829 longe
685 775 907 817 discedant
929 774 982 816 ab
1013 774 1077 825 iis,
1111 786 1219 827 quae
1236 774 1359 827 juxta
1381 773 1559 826 gradum
1583 784 1685 814 suae
1706 771 1874 813 scholae

149 853 211 895 vel
254 853 440 906 proxime
483 850 699 904 sequentis
732 850 810 903 ipsi
845 849 1062 903 discipulis
1094 849 1182 891 suis
1214 848 1384 889 tradere
1417 850 1748 897 consueverunt,
1792 858 1874 887 non

147 927 258 981 quod
300 929 390 968 toto
434 938 542 967 anno
585 925 687 966 nihil
726 927 931 973 tractare,
974 923 1075 964 nihil
1120 922 1342 964 sublimius
1387 925 1553 964 tentare
1591 921 1767 973 legendo
1801 922 1875 962 aut

147 1001 368 1045 scribendo
401 1000 596 1055 debeant,
629 1012 757 1053 quam
790 999 907 1052 quod
930 998 1145 1051 discipulis
1168 998 1347 1051 proponi
1369 997 1492 1051 solet,
1524 996 1598 1038 sed
1621 996 1735 1049 quod
1758 996 1874 1048 prius

147 1078 188 1118 in
221 1077 301 1119 isto
336 1089 488 1129 genere
520 1087 564 1117 se
595 1073 796 1128 perficere
829 1073 1026 1128 debeant,
1059 1073 1309 1126 priusquam
1342 1071 1395 1113 ad
1425 1071 1578 1112 altiora
1599 1070 1875 1115 contendantz

147 1156 189 1195 et
231 1151 343 1205 quod
383 1150 593 1204 gradatim
634 1150 816 1191 debeant
855 1151 897 1190 et
940 1161 1021 1190 non
1060 1161 1135 1201 per
1172 1147 1330 1190 saltum
1362 1147 1415 1189 ad
1448 1147 1599 1189 altiora
1631 1145 1784 1187 venire.
1822 1169 1871 1174 —

148 1227 204 1268 Et
244 1239 346 1269 sane
388 1226 423 1268 si
466 1225 558 1278 quis
601 1224 756 1277 ingenii
796 1223 997 1265 felicitate
1029 1223 1094 1264 vel
1127 1222 1321 1264 laborum
1355 1221 1622 1263 contentione
1654 1233 1724 1275 ea,
1766 1233 1876 1273 quae

149 1306 249 1345 sunt
287 1314 390 1344 suae
421 1300 695 1355 professionis
728 1312 776 1341 ac
808 1299 998 1349 scholae,
1039 1298 1162 1340 citius
1196 1299 1459 1351 penetraret,
1502 1296 1630 1349 idque
1662 1296 1803 1349 reipsa
1833 1295 1874 1337 in

147 1378 258 1429 stilo,
291 1389 483 1419 sermone
515 1379 557 1418 et
589 1375 796 1417 bonorum
830 1378 1052 1416 auctorum
1086 1372 1283 1426 perlectis
1311 1371 1595 1413 monumentis
1619 1371 1875 1418 ostenderet,

147 1465 229 1494 non
261 1453 427 1493 tantum
460 1463 541 1492 non
573 1448 885 1503 impediendus,
926 1448 1000 1490 sed
1032 1448 1176 1501 potius
1210 1447 1428 1500 urgendus
1461 1450 1594 1499 esset,
1637 1449 1685 1487 ut
1716 1445 1768 1488 ad
1811 1459 1874 1501 ea,

148 1540 257 1581 quae
303 1526 471 1569 scholae
512 1525 728 1579 proximae
777 1523 1099 1566 accommodata
1140 1526 1265 1578 sunt,
1312 1522 1492 1576 gradum
1540 1522 1711 1564 faceret.
1788 1522 1875 1564 Nec

147 1606 369 1657 praeterea
399 1601 611 1655 prohiberi
643 1603 808 1654 potest,
849 1600 948 1653 quin
982 1613 1052 1641 eos
1085 1603 1257 1641 autores
1293 1610 1368 1640 suo
1402 1601 1591 1651 tempore
1631 1597 1764 1650 legat,
1802 1596 1875 1650 qui

148 1677 404 1732 explicandis
453 1676 702 1719 lectionibus
755 1675 1029 1729 praescriptis
1083 1678 1126 1716 et
1180 1673 1380 1716 thematis
1437 1672 1735 1715 concinnandis
1792 1685 1876 1714 ser-

148 1754 284 1798 viunt:
326 1753 367 1794 in
400 1765 483 1806 quo
515 1755 656 1793 tamen
690 1764 770 1792 non
814 1751 997 1792 varietas
1041 1753 1262 1803 autorum,
1309 1748 1383 1790 sed
1426 1747 1644 1789 doctrinae
1682 1746 1875 1789 soliditas

148 1827 390 1883 spectanda.

266 1922 305 1962 3.
340 1919 620 1962 Statuendum
646 1920 686 1961 in
710 1918 874 1961 ratione
891 1919 1131 1961 studiorum
1158 1918 1343 1971 quinque
1361 1916 1498 1958 media
1516 1915 1760 1969 praescribi,
1785 1915 1876 1969 qui-

148 1996 226 2038 bus
246 1996 378 2037 omnis
394 1995 694 2049 discipulorum
709 1994 922 2047 profectus
942 1994 1197 2039 continetur:
1217 1992 1446 2046 praelectio
1465 1991 1738 2034 classicorum
1756 1992 1876 2032 auto-

149 2084 255 2125 rum,
274 2070 491 2112 annotatio
509 2070 835 2123 praecipuarum
854 2069 1199 2111 observationum
1222 2081 1269 2110 ex
1293 2067 1440 2109 iisdem
1465 2067 1752 2119 collectarum,
1772 2078 1875 2119 quo-

147 2146 308 2188 tidiana
331 2146 417 2189 stili
440 2145 698 2194 exercitatio,
722 2145 988 2194 declamatiO,
1023 2143 1293 2186 concertatio.
1344 2143 1533 2194 Quorum
1556 2142 1723 2195 singula
1745 2154 1875 2195 quum

149 2222 209 2263 ita
247 2221 485 2264 necessaria
517 2221 620 2276 sint,
662 2224 710 2261 ut
740 2221 903 2262 nullum
937 2233 984 2261 ex
1017 2220 1099 2261 illis
1133 2219 1294 2272 absque
1326 2218 1444 2271 gravi
1476 2217 1716 2259 studiorum
1750 2216 1876 2258 detri-

149 2300 289 2338 mento
330 2297 467 2338 omitti
504 2296 659 2351 possit,
701 2296 827 2337 etiam
868 2295 1046 2349 quilibet
1086 2295 1290 2347 magister
1329 2294 1370 2335 in
1412 2292 1577 2346 privato
1617 2305 1693 2334 suo
1733 2291 1873 2333 studio

148 2372 298 2414 horum
339 2372 523 2413 omnium
567 2371 773 2413 rationem
815 2370 1009 2424 habebit,
1054 2382 1154 2422 ergo
1195 2369 1362 2411 labores
1403 2372 1444 2410 et
1482 2370 1675 2420 tempora
1707 2378 1785 2407 sua
1816 2366 1876 2408 ita

147 2447 392 2502 distribuet,
433 2450 481 2489 ut
520 2447 696 2500 singulis
735 2446 799 2488 his
847 2446 1055 2488 exercitiis
1088 2458 1191 2487 suus
1231 2444 1447 2486 tribuatur
1487 2442 1605 2485 locus
1652 2445 1693 2484 et
1733 2453 1872 2495 opera.

149 2523 206 2565 Et
238 2523 320 2564 tria
352 2522 522 2576 quidem
554 2522 697 2576 priora
719 2521 967 2575 quotidiana
989 2521 1074 2563 sint
1096 2522 1283 2574 oportet3
1317 2518 1399 2560 duo
1422 2517 1672 2572 posteriora,
1705 2515 1874 2569 quando

148 2611 240 2640 sese
293 2597 439 2640 offeret
493 2600 568 2638 aut
621 2600 853 2650 quaeretur
899 2595 1086 2650 occasio,
1139 2594 1318 2647 impigre
1366 2606 1390 2635 a
1438 2592 1625 2644 diligenti
1672 2591 1874 2644 magistro

150 2673 452 2727 suscipiuntur.
508 2672 814 2715 Declamationi
849 2684 994 2713 ansam
1028 2670 1205 2724 dabunt,
1238 2682 1314 2723 per
1345 2681 1473 2722 quam
1507 2666 1684 2720 quodvis
1707 2666 1875 2719 linguae

149 2761 223 2790 seu
264 2747 625 2802 pronunciationis
667 2747 913 2789 exercitium
957 2745 1133 2798 intelligi
1176 2744 1323 2797 velim,
1364 2742 1678 2785 exhortationes
1720 2739 1876 2783 hebdo-

150 2823 368 2864 madariae
399 2823 440 2864 in
473 2822 639 2873 scholis,
671 2822 789 2864 festis
823 2821 984 2874 diebus,
1015 2820 1056 2861 in
1091 2819 1405 2866 sodalitatibus,
1436 2818 1477 2859 in
1511 2816 1713 2867 triclinio,
1746 2818 1875 2868 atque

150 2898 192 2939 in
225 2897 515 2951 superioribus
548 2897 754 2940 classibus
788 2896 1060 2950 quotidianae
1092 2894 1417 2948 praelectiones,
1462 2892 1681 2935 conciones
1721 2889 1874 2932 alicubi

150 2972 327 3027 latinae,
366 2972 585 3014 familiaris
626 2984 782 3014 sermo:
830 2984 938 3024 quae
978 2970 1138 3025 omnia,
1179 2969 1214 3011 si
1254 2982 1345 3011 cum
1380 2968 1605 3010 verborum
1638 2966 1802 3008 delectu
1834 2968 1876 3006 et

153 3047 295 3101 aliqua
327 3047 477 3089 saltem
510 3046 776 3089 accuratione
809 3046 925 3098 fiant,
957 3045 1160 3097 insignem
1195 3043 1399 3098 paulatim
1433 3042 1596 3086 dicendi
1628 3041 1873 3084 facultatem
