<?xml version="1.0" encoding="UTF-8"?>
<!DOCTYPE html PUBLIC "-//W3C//DTD XHTML 1.0 Transitional//EN"
    "http://www.w3.org/TR/xhtml1/DTD/xhtml1-transitional.dtd">
<html xmlns="http://www.w3.org/1999/xhtml" xml:lang="en" lang="en">
 <head>
  <title>
</title>
<meta http-equiv="Content-Type" content="text/html;charset=utf-8" />
  <meta name='ocr-system' content='tesseract 3.04.00' />
  <meta name='ocr-capabilities' content='ocr_page ocr_carea ocr_par ocr_line ocrx_word'/>
</head>
<body>
  <div class='ocr_page' id='page_1' title='image "./ratiostudiorumet16jesu_0205.png"; bbox 0 0 2164 3535; ppageno 0'>
   <div class='ocr_carea' id='block_1_1' title="bbox 713 194 1899 238">
    <p class='ocr_par' dir='ltr' id='par_1_1' title="bbox 713 194 1899 238">
     <span class='ocr_line' id='line_1_1' title="bbox 713 194 1899 238; baseline 0.003 -9"><span class='ocrx_word' id='word_1_1' title='bbox 713 194 988 238; x_wconf 86' lang='lat' dir='ltr'>Heranbildung</span> <span class='ocrx_word' id='word_1_2' title='bbox 1014 194 1077 229; x_wconf 88' lang='lat' dir='ltr'>der</span> <span class='ocrx_word' id='word_1_3' title='bbox 1105 194 1243 229; x_wconf 87' lang='lat' dir='ltr'>Lehrer</span> <span class='ocrx_word' id='word_1_4' title='bbox 1271 197 1367 229; x_wconf 82' lang='grc'><strong>1619.</strong></span> <span class='ocrx_word' id='word_1_5' title='bbox 1826 199 1899 238; x_wconf 81' lang='lat'>181</span> 
     </span>
    </p>
   </div>
   <div class='ocr_carea' id='block_1_2' title="bbox 1111 263 1898 276">
    <p class='ocr_par' dir='ltr' id='par_1_2' title="bbox 1111 263 1898 276">
     <span class='ocr_line' id='line_1_2' title="bbox 1111 263 1898 276; baseline 0 0"><span class='ocrx_word' id='word_1_6' title='bbox 1111 263 1898 276; x_wconf 95' lang='lat' dir='ltr'> </span> 
     </span>
    </p>
   </div>
   <div class='ocr_carea' id='block_1_3' title="bbox 191 261 968 278">
    <p class='ocr_par' dir='ltr' id='par_1_3' title="bbox 191 261 968 278">
     <span class='ocr_line' id='line_1_3' title="bbox 191 261 968 278; baseline 0 0"><span class='ocrx_word' id='word_1_7' title='bbox 191 261 968 278; x_wconf 95' lang='lat' dir='ltr'> </span> 
     </span>
    </p>
   </div>
   <div class='ocr_carea' id='block_1_4' title="bbox 162 333 1903 3161">
    <p class='ocr_par' dir='ltr' id='par_1_4' title="bbox 170 333 1903 1356">
     <span class='ocr_line' id='line_1_4' title="bbox 180 333 1901 388; baseline 0 -13"><span class='ocrx_word' id='word_1_8' title='bbox 180 333 398 388; x_wconf 87' lang='lat' dir='ltr'>Amicitia,</span> <span class='ocrx_word' id='word_1_9' title='bbox 431 333 482 375; x_wconf 87' lang='lat' dir='ltr'>de</span> <span class='ocrx_word' id='word_1_10' title='bbox 515 333 761 386; x_wconf 76' lang='lat' dir='ltr'>Senectute,</span> <span class='ocrx_word' id='word_1_11' title='bbox 801 347 825 375; x_wconf 93' lang='lat' dir='ltr'>a</span> <span class='ocrx_word' id='word_1_12' title='bbox 856 333 1171 375; x_wconf 81' lang='lat' dir='ltr'>narrationibus</span> <span class='ocrx_word' id='word_1_13' title='bbox 1203 334 1505 383; x_wconf 85' lang='lat' dir='ltr'>familiaribus;</span> <span class='ocrx_word' id='word_1_14' title='bbox 1545 334 1696 377; x_wconf 89' lang='lat' dir='ltr'>deinde</span> <span class='ocrx_word' id='word_1_15' title='bbox 1730 336 1776 376; x_wconf 88' lang='lat' dir='ltr'>ut</span> <span class='ocrx_word' id='word_1_16' title='bbox 1807 347 1901 387; x_wconf 88' lang='lat' dir='ltr'>pro-</span> 
     </span>
     <span class='ocr_line' id='line_1_5' title="bbox 181 407 1901 461; baseline -0.001 -11"><span class='ocrx_word' id='word_1_17' title='bbox 181 420 351 461; x_wconf 86' lang='lat' dir='ltr'>gressus</span> <span class='ocrx_word' id='word_1_18' title='bbox 384 407 457 450; x_wconf 86' lang='lat' dir='ltr'>fiat</span> <span class='ocrx_word' id='word_1_19' title='bbox 490 408 543 449; x_wconf 89' lang='lat' dir='ltr'>ad</span> <span class='ocrx_word' id='word_1_20' title='bbox 575 408 844 460; x_wconf 78' lang='lat' dir='ltr'>quaestiones</span> <span class='ocrx_word' id='word_1_21' title='bbox 877 408 1152 460; x_wconf 82' lang='lat' dir='ltr'>Tusculanas,</span> <span class='ocrx_word' id='word_1_22' title='bbox 1184 408 1237 450; x_wconf 89' lang='lat' dir='ltr'>ad</span> <span class='ocrx_word' id='word_1_23' title='bbox 1269 408 1399 450; x_wconf 90' lang='lat' dir='ltr'>libros</span> <span class='ocrx_word' id='word_1_24' title='bbox 1433 407 1690 459; x_wconf 86' lang='lat' dir='ltr'>Officiorum,</span> <span class='ocrx_word' id='word_1_25' title='bbox 1724 408 1777 450; x_wconf 88' lang='lat' dir='ltr'>ad</span> <span class='ocrx_word' id='word_1_26' title='bbox 1811 422 1901 450; x_wconf 84' lang='lat' dir='ltr'>ora-</span> 
     </span>
     <span class='ocr_line' id='line_1_6' title="bbox 180 482 1903 536; baseline -0.001 -11"><span class='ocrx_word' id='word_1_27' title='bbox 180 483 336 532; x_wconf 78' lang='lat' dir='ltr'>tiones,</span> <span class='ocrx_word' id='word_1_28' title='bbox 377 483 557 524; x_wconf 87' lang='lat' dir='ltr'>maxime</span> <span class='ocrx_word' id='word_1_29' title='bbox 592 483 790 524; x_wconf 65' lang='lat' dir='ltr'>Yerrinas</span> <span class='ocrx_word' id='word_1_30' title='bbox 823 485 866 524; x_wconf 89' lang='lat' dir='ltr'>et</span> <span class='ocrx_word' id='word_1_31' title='bbox 896 482 1155 535; x_wconf 85' lang='lat' dir='ltr'>Philippinas</span> <span class='ocrx_word' id='word_1_32' title='bbox 1189 483 1304 536; x_wconf 83' lang='lat' dir='ltr'>(sic),</span> <span class='ocrx_word' id='word_1_33' title='bbox 1348 482 1527 536; x_wconf 90' lang='lat' dir='ltr'>denique</span> <span class='ocrx_word' id='word_1_34' title='bbox 1559 484 1611 525; x_wconf 87' lang='lat' dir='ltr'>ad</span> <span class='ocrx_word' id='word_1_35' title='bbox 1646 484 1774 525; x_wconf 88' lang='lat' dir='ltr'>libros</span> <span class='ocrx_word' id='word_1_36' title='bbox 1808 483 1903 524; x_wconf 89' lang='lat' dir='ltr'>Phi-</span> 
     </span>
     <span class='ocr_line' id='line_1_7' title="bbox 178 556 1902 611; baseline 0 -12"><span class='ocrx_word' id='word_1_37' title='bbox 178 558 425 611; x_wconf 90' lang='lat' dir='ltr'>losophicos.</span> <span class='ocrx_word' id='word_1_38' title='bbox 464 581 511 586; x_wconf 84' lang='lat'>——</span> <span class='ocrx_word' id='word_1_39' title='bbox 548 558 581 597; x_wconf 93' lang='lat' dir='ltr'><strong>A</strong></span> <span class='ocrx_word' id='word_1_40' title='bbox 612 556 812 598; x_wconf 77' lang='lat' dir='ltr'>Cicerone</span> <span class='ocrx_word' id='word_1_41' title='bbox 844 556 1002 608; x_wconf 85' lang='lat' dir='ltr'>gradus</span> <span class='ocrx_word' id='word_1_42' title='bbox 1035 556 1250 609; x_wconf 86' lang='lat' dir='ltr'>proximus</span> <span class='ocrx_word' id='word_1_43' title='bbox 1284 557 1500 599; x_wconf 85' lang='lat' dir='ltr'>faciendus</span> <span class='ocrx_word' id='word_1_44' title='bbox 1533 558 1585 599; x_wconf 89' lang='lat' dir='ltr'>ad</span> <span class='ocrx_word' id='word_1_45' title='bbox 1619 571 1712 611; x_wconf 87' lang='lat' dir='ltr'>eos,</span> <span class='ocrx_word' id='word_1_46' title='bbox 1745 559 1815 611; x_wconf 90' lang='lat' dir='ltr'>qui</span> <span class='ocrx_word' id='word_1_47' title='bbox 1850 558 1902 599; x_wconf 89' lang='lat' dir='ltr'>ab</span> 
     </span>
     <span class='ocr_line' id='line_1_8' title="bbox 180 630 1900 685; baseline 0.001 -12"><span class='ocrx_word' id='word_1_48' title='bbox 180 632 270 685; x_wconf 90' lang='lat' dir='ltr'>ipso</span> <span class='ocrx_word' id='word_1_49' title='bbox 302 631 518 672; x_wconf 88' lang='lat' dir='ltr'>minimum</span> <span class='ocrx_word' id='word_1_50' title='bbox 553 631 722 681; x_wconf 90' lang='lat' dir='ltr'>absunt,</span> <span class='ocrx_word' id='word_1_51' title='bbox 754 630 824 683; x_wconf 88' lang='lat' dir='ltr'>qui</span> <span class='ocrx_word' id='word_1_52' title='bbox 859 631 1070 672; x_wconf 87' lang='lat' dir='ltr'>suavitate</span> <span class='ocrx_word' id='word_1_53' title='bbox 1104 643 1150 672; x_wconf 93' lang='lat' dir='ltr'>ac</span> <span class='ocrx_word' id='word_1_54' title='bbox 1182 630 1297 673; x_wconf 84' lang='lat' dir='ltr'>fluxu</span> <span class='ocrx_word' id='word_1_55' title='bbox 1331 632 1535 673; x_wconf 89' lang='lat' dir='ltr'>orationis</span> <span class='ocrx_word' id='word_1_56' title='bbox 1569 645 1660 674; x_wconf 85' lang='lat' dir='ltr'>sese</span> <span class='ocrx_word' id='word_1_57' title='bbox 1693 645 1900 675; x_wconf 85' lang='lat' dir='ltr'>commen-</span> 
     </span>
     <span class='ocr_line' id='line_1_9' title="bbox 177 704 1901 763; baseline 0.001 -16"><span class='ocrx_word' id='word_1_58' title='bbox 177 706 300 759; x_wconf 86' lang='lat' dir='ltr'>dant,</span> <span class='ocrx_word' id='word_1_59' title='bbox 348 705 484 757; x_wconf 91' lang='lat' dir='ltr'>qualis</span> <span class='ocrx_word' id='word_1_60' title='bbox 528 704 684 746; x_wconf 79' lang='lat' dir='ltr'>Fabius</span> <span class='ocrx_word' id='word_1_61' title='bbox 729 704 1034 754; x_wconf 75' lang='lat' dir='ltr'>Quintilianus,</span> <span class='ocrx_word' id='word_1_62' title='bbox 1083 705 1259 757; x_wconf 85' lang='lat' dir='ltr'>Caesar,</span> <span class='ocrx_word' id='word_1_63' title='bbox 1309 707 1473 762; x_wconf 88' lang='lat' dir='ltr'>Livius,</span> <span class='ocrx_word' id='word_1_64' title='bbox 1522 707 1716 763; x_wconf 86' lang='lat' dir='ltr'>Curtius,</span> <span class='ocrx_word' id='word_1_65' title='bbox 1764 712 1807 749; x_wconf 91' lang='lat' dir='ltr'>et</span> <span class='ocrx_word' id='word_1_66' title='bbox 1852 720 1901 749; x_wconf 83' lang='lat' dir='ltr'>ex</span> 
     </span>
     <span class='ocr_line' id='line_1_10' title="bbox 177 778 1899 832; baseline 0.001 -10"><span class='ocrx_word' id='word_1_67' title='bbox 177 780 482 822; x_wconf 88' lang='lat' dir='ltr'>recentioribus</span> <span class='ocrx_word' id='word_1_68' title='bbox 505 779 798 832; x_wconf 74' lang='lat' dir='ltr'>Pei-pinianus,</span> <span class='ocrx_word' id='word_1_69' title='bbox 830 778 1039 831; x_wconf 88' lang='lat' dir='ltr'>Muretus,</span> <span class='ocrx_word' id='word_1_70' title='bbox 1072 779 1303 821; x_wconf 81' lang='lat' dir='ltr'>Manutius.</span> <span class='ocrx_word' id='word_1_71' title='bbox 1341 805 1389 810; x_wconf 93' lang='lat'>—</span> <span class='ocrx_word' id='word_1_72' title='bbox 1425 781 1583 823; x_wconf 90' lang='lat' dir='ltr'>Ultimo</span> <span class='ocrx_word' id='word_1_73' title='bbox 1607 782 1774 823; x_wconf 89' lang='lat' dir='ltr'>demum</span> <span class='ocrx_word' id='word_1_74' title='bbox 1809 781 1899 823; x_wconf 91' lang='lat' dir='ltr'>loco</span> 
     </span>
     <span class='ocr_line' id='line_1_11' title="bbox 175 853 1899 909; baseline 0.001 -13"><span class='ocrx_word' id='word_1_75' title='bbox 175 867 269 896; x_wconf 91' lang='lat' dir='ltr'>cum</span> <span class='ocrx_word' id='word_1_76' title='bbox 300 854 383 896; x_wconf 90' lang='lat' dir='ltr'>iam</span> <span class='ocrx_word' id='word_1_77' title='bbox 415 854 455 895; x_wconf 93' lang='lat' dir='ltr'>in</span> <span class='ocrx_word' id='word_1_78' title='bbox 490 854 667 895; x_wconf 87' lang='lat' dir='ltr'>lectione</span> <span class='ocrx_word' id='word_1_79' title='bbox 700 856 742 895; x_wconf 89' lang='lat' dir='ltr'>et</span> <span class='ocrx_word' id='word_1_80' title='bbox 774 853 882 907; x_wconf 76' lang='lat' dir='ltr'>stylo</span> <span class='ocrx_word' id='word_1_81' title='bbox 915 853 1095 894; x_wconf 90' lang='lat' dir='ltr'>multum</span> <span class='ocrx_word' id='word_1_82' title='bbox 1129 854 1404 907; x_wconf 81' lang='lat' dir='ltr'>profecerint,</span> <span class='ocrx_word' id='word_1_83' title='bbox 1438 867 1560 897; x_wconf 89' lang='lat' dir='ltr'>omne</span> <span class='ocrx_word' id='word_1_84' title='bbox 1593 868 1725 908; x_wconf 86' lang='lat' dir='ltr'>genus</span> <span class='ocrx_word' id='word_1_85' title='bbox 1760 856 1899 909; x_wconf 85' lang='lat' dir='ltr'>Scrip-</span> 
     </span>
     <span class='ocr_line' id='line_1_12' title="bbox 176 928 1898 983; baseline 0.001 -12"><span class='ocrx_word' id='word_1_86' title='bbox 176 933 315 971; x_wconf 87' lang='lat' dir='ltr'>torum</span> <span class='ocrx_word' id='word_1_87' title='bbox 347 929 506 982; x_wconf 83' lang='lat' dir='ltr'>perlegi</span> <span class='ocrx_word' id='word_1_88' title='bbox 538 928 714 983; x_wconf 88' lang='lat' dir='ltr'>poterit,</span> <span class='ocrx_word' id='word_1_89' title='bbox 749 928 821 980; x_wconf 89' lang='lat' dir='ltr'>qui</span> <span class='ocrx_word' id='word_1_90' title='bbox 854 928 968 981; x_wconf 91' lang='lat' dir='ltr'>vani,</span> <span class='ocrx_word' id='word_1_91' title='bbox 1002 931 1169 981; x_wconf 78' lang='lat' dir='ltr'>turpes,</span> <span class='ocrx_word' id='word_1_92' title='bbox 1211 928 1381 970; x_wconf 85' lang='lat' dir='ltr'>barbari</span> <span class='ocrx_word' id='word_1_93' title='bbox 1414 933 1456 971; x_wconf 90' lang='lat' dir='ltr'>et</span> <span class='ocrx_word' id='word_1_94' title='bbox 1487 931 1637 972; x_wconf 80' lang='lat' dir='ltr'>exotici</span> <span class='ocrx_word' id='word_1_95' title='bbox 1670 945 1750 973; x_wconf 91' lang='lat' dir='ltr'>non</span> <span class='ocrx_word' id='word_1_96' title='bbox 1784 936 1898 983; x_wconf 88' lang='lat' dir='ltr'>sunt,</span> 
     </span>
     <span class='ocr_line' id='line_1_13' title="bbox 173 1002 1898 1056; baseline 0.002 -11"><span class='ocrx_word' id='word_1_97' title='bbox 173 1005 308 1046; x_wconf 89' lang='lat' dir='ltr'>instar</span> <span class='ocrx_word' id='word_1_98' title='bbox 345 1004 554 1053; x_wconf 84' lang='lat' dir='ltr'>Petronii,</span> <span class='ocrx_word' id='word_1_99' title='bbox 587 1003 774 1056; x_wconf 87' lang='lat' dir='ltr'>Apuleji,</span> <span class='ocrx_word' id='word_1_100' title='bbox 818 1002 1164 1056; x_wconf 81' lang='lat' dir='ltr'>Euphormionis,</span> <span class='ocrx_word' id='word_1_101' title='bbox 1208 1003 1278 1056; x_wconf 90' lang='lat' dir='ltr'>qui</span> <span class='ocrx_word' id='word_1_102' title='bbox 1319 1003 1360 1044; x_wconf 91' lang='lat' dir='ltr'>in</span> <span class='ocrx_word' id='word_1_103' title='bbox 1403 1003 1557 1045; x_wconf 91' lang='lat' dir='ltr'>scholis</span> <span class='ocrx_word' id='word_1_104' title='bbox 1600 1018 1651 1047; x_wconf 91' lang='lat' dir='ltr'>ne</span> <span class='ocrx_word' id='word_1_105' title='bbox 1692 1007 1898 1048; x_wconf 90' lang='lat' dir='ltr'>nominari</span> 
     </span>
     <span class='ocr_line' id='line_1_14' title="bbox 173 1077 1896 1134; baseline 0.002 -14"><span class='ocrx_word' id='word_1_106' title='bbox 173 1078 341 1132; x_wconf 89' lang='lat' dir='ltr'>quidem</span> <span class='ocrx_word' id='word_1_107' title='bbox 376 1078 602 1129; x_wconf 88' lang='lat' dir='ltr'>debebunt,</span> <span class='ocrx_word' id='word_1_108' title='bbox 635 1078 767 1118; x_wconf 89' lang='lat' dir='ltr'>multo</span> <span class='ocrx_word' id='word_1_109' title='bbox 791 1077 927 1119; x_wconf 87' lang='lat' dir='ltr'>minus</span> <span class='ocrx_word' id='word_1_110' title='bbox 962 1078 1261 1132; x_wconf 86' lang='lat' dir='ltr'>commendari,</span> <span class='ocrx_word' id='word_1_111' title='bbox 1294 1082 1369 1120; x_wconf 93' lang='lat' dir='ltr'>aut</span> <span class='ocrx_word' id='word_1_112' title='bbox 1400 1092 1447 1120; x_wconf 86' lang='lat' dir='ltr'>ex</span> <span class='ocrx_word' id='word_1_113' title='bbox 1480 1079 1562 1121; x_wconf 91' lang='lat' dir='ltr'>illis</span> <span class='ocrx_word' id='word_1_114' title='bbox 1595 1080 1768 1134; x_wconf 87' lang='lat' dir='ltr'>aliquid,</span> <span class='ocrx_word' id='word_1_115' title='bbox 1802 1081 1896 1123; x_wconf 88' lang='lat' dir='ltr'>licet</span> 
     </span>
     <span class='ocr_line' id='line_1_15' title="bbox 171 1152 1897 1207; baseline 0.001 -12"><span class='ocrx_word' id='word_1_116' title='bbox 171 1166 399 1207; x_wconf 88' lang='lat' dir='ltr'>suppresso</span> <span class='ocrx_word' id='word_1_117' title='bbox 432 1153 617 1203; x_wconf 87' lang='lat' dir='ltr'>nomine,</span> <span class='ocrx_word' id='word_1_118' title='bbox 650 1152 752 1205; x_wconf 89' lang='lat' dir='ltr'>legi:</span> <span class='ocrx_word' id='word_1_119' title='bbox 795 1152 1086 1194; x_wconf 89' lang='lat' dir='ltr'>accenduntur</span> <span class='ocrx_word' id='word_1_120' title='bbox 1119 1153 1227 1194; x_wconf 90' lang='lat' dir='ltr'>enim</span> <span class='ocrx_word' id='word_1_121' title='bbox 1261 1153 1405 1195; x_wconf 90' lang='lat' dir='ltr'>statim</span> <span class='ocrx_word' id='word_1_122' title='bbox 1439 1153 1657 1196; x_wconf 82' lang='lat' dir='ltr'>auditores</span> <span class='ocrx_word' id='word_1_123' title='bbox 1691 1155 1897 1197; x_wconf 86' lang='lat' dir='ltr'>desiderio</span> 
     </span>
     <span class='ocr_line' id='line_1_16' title="bbox 170 1227 1896 1281; baseline 0.001 -11"><span class='ocrx_word' id='word_1_124' title='bbox 170 1228 335 1281; x_wconf 86' lang='lat' dir='ltr'>legendi</span> <span class='ocrx_word' id='word_1_125' title='bbox 367 1232 410 1270; x_wconf 87' lang='lat' dir='ltr'>et</span> <span class='ocrx_word' id='word_1_126' title='bbox 439 1227 601 1270; x_wconf 88' lang='lat' dir='ltr'>emendi</span> <span class='ocrx_word' id='word_1_127' title='bbox 634 1240 719 1278; x_wconf 88' lang='lat' dir='ltr'>eos,</span> <span class='ocrx_word' id='word_1_128' title='bbox 752 1239 858 1280; x_wconf 88' lang='lat' dir='ltr'>quos</span> <span class='ocrx_word' id='word_1_129' title='bbox 883 1227 1061 1268; x_wconf 88' lang='lat' dir='ltr'>audiunt</span> <span class='ocrx_word' id='word_1_130' title='bbox 1096 1228 1380 1269; x_wconf 89' lang='lat' dir='ltr'>commendari</span> <span class='ocrx_word' id='word_1_131' title='bbox 1415 1232 1490 1270; x_wconf 88' lang='lat' dir='ltr'>aut</span> <span class='ocrx_word' id='word_1_132' title='bbox 1512 1229 1719 1270; x_wconf 86' lang='lat' dir='ltr'>nominari</span> <span class='ocrx_word' id='word_1_133' title='bbox 1754 1243 1778 1271; x_wconf 88' lang='lat' dir='ltr'>a</span> <span class='ocrx_word' id='word_1_134' title='bbox 1810 1230 1896 1272; x_wconf 88' lang='lat' dir='ltr'>suis</span> 
     </span>
     <span class='ocr_line' id='line_1_17' title="bbox 170 1303 398 1356; baseline -0.009 -11"><span class='ocrx_word' id='word_1_135' title='bbox 170 1303 398 1356; x_wconf 85' lang='lat' dir='ltr'>Magistris.</span> 
     </span>
    </p>

    <p class='ocr_par' dir='ltr' id='par_1_5' title="bbox 168 1378 1896 1882">
     <span class='ocr_line' id='line_1_18' title="bbox 311 1378 1896 1433; baseline 0.002 -14"><span class='ocrx_word' id='word_1_136' title='bbox 311 1379 373 1419; x_wconf 76' lang='lat'>13.</span> <span class='ocrx_word' id='word_1_137' title='bbox 423 1378 682 1420; x_wconf 63' lang='lat' dir='ltr'>cohortandi</span> <span class='ocrx_word' id='word_1_138' title='bbox 715 1378 769 1419; x_wconf 80' lang='lat' dir='ltr'>ad</span> <span class='ocrx_word' id='word_1_139' title='bbox 802 1378 1013 1433; x_wconf 86' lang='lat' dir='ltr'>audiendi,</span> <span class='ocrx_word' id='word_1_140' title='bbox 1046 1378 1234 1433; x_wconf 86' lang='lat' dir='ltr'>legendi,</span> <span class='ocrx_word' id='word_1_141' title='bbox 1268 1378 1500 1433; x_wconf 87' lang='lat' dir='ltr'>scribendi,</span> <span class='ocrx_word' id='word_1_142' title='bbox 1534 1379 1731 1432; x_wconf 86' lang='lat' dir='ltr'>loquendi</span> <span class='ocrx_word' id='word_1_143' title='bbox 1765 1393 1896 1433; x_wconf 90' lang='lat' dir='ltr'>quan-</span> 
     </span>
     <span class='ocr_line' id='line_1_19' title="bbox 171 1452 1894 1509; baseline 0.001 -15"><span class='ocrx_word' id='word_1_144' title='bbox 171 1453 266 1494; x_wconf 85' lang='lat' dir='ltr'>dam</span> <span class='ocrx_word' id='word_1_145' title='bbox 301 1453 674 1508; x_wconf 87' lang='lat' dir='ltr'>perseverantiam,</span> <span class='ocrx_word' id='word_1_146' title='bbox 708 1458 750 1494; x_wconf 90' lang='lat' dir='ltr'>et</span> <span class='ocrx_word' id='word_1_147' title='bbox 772 1452 873 1494; x_wconf 88' lang='lat' dir='ltr'>nihil</span> <span class='ocrx_word' id='word_1_148' title='bbox 904 1457 979 1494; x_wconf 91' lang='lat' dir='ltr'>aut</span> <span class='ocrx_word' id='word_1_149' title='bbox 1011 1452 1199 1494; x_wconf 85' lang='lat' dir='ltr'>scribant</span> <span class='ocrx_word' id='word_1_150' title='bbox 1221 1455 1296 1494; x_wconf 89' lang='lat' dir='ltr'>aut</span> <span class='ocrx_word' id='word_1_151' title='bbox 1318 1452 1474 1509; x_wconf 75' lang='lat' dir='ltr'>dicant,</span> <span class='ocrx_word' id='word_1_152' title='bbox 1507 1454 1619 1506; x_wconf 86' lang='lat' dir='ltr'>quod</span> <span class='ocrx_word' id='word_1_153' title='bbox 1653 1455 1894 1496; x_wconf 88' lang='lat' dir='ltr'>testimonio</span> 
     </span>
     <span class='ocr_line' id='line_1_20' title="bbox 169 1528 1895 1584; baseline 0.001 -15"><span class='ocrx_word' id='word_1_154' title='bbox 169 1529 345 1582; x_wconf 85' lang='lat' dir='ltr'>alicujus</span> <span class='ocrx_word' id='word_1_155' title='bbox 379 1528 545 1581; x_wconf 88' lang='lat' dir='ltr'>probati</span> <span class='ocrx_word' id='word_1_156' title='bbox 585 1529 770 1570; x_wconf 81' lang='lat' dir='ltr'>auctoris</span> <span class='ocrx_word' id='word_1_157' title='bbox 814 1528 1063 1570; x_wconf 85' lang='lat' dir='ltr'>confirmare</span> <span class='ocrx_word' id='word_1_158' title='bbox 1105 1532 1330 1581; x_wconf 86' lang='lat' dir='ltr'>nequeant.</span> <span class='ocrx_word' id='word_1_159' title='bbox 1396 1529 1453 1569; x_wconf 88' lang='lat' dir='ltr'>Et</span> <span class='ocrx_word' id='word_1_160' title='bbox 1492 1529 1668 1571; x_wconf 87' lang='lat' dir='ltr'>docendi</span> <span class='ocrx_word' id='word_1_161' title='bbox 1712 1530 1895 1584; x_wconf 88' lang='lat' dir='ltr'>proprie,</span> 
     </span>
     <span class='ocr_line' id='line_1_21' title="bbox 168 1603 1892 1659; baseline 0.001 -15"><span class='ocrx_word' id='word_1_162' title='bbox 168 1617 286 1659; x_wconf 85' lang='lat' dir='ltr'>pure,</span> <span class='ocrx_word' id='word_1_163' title='bbox 319 1604 534 1656; x_wconf 80' lang='lat' dir='ltr'>eleganter</span> <span class='ocrx_word' id='word_1_164' title='bbox 565 1604 748 1645; x_wconf 85' lang='lat' dir='ltr'>scribere</span> <span class='ocrx_word' id='word_1_165' title='bbox 780 1608 821 1644; x_wconf 90' lang='lat' dir='ltr'>et</span> <span class='ocrx_word' id='word_1_166' title='bbox 854 1604 983 1656; x_wconf 90' lang='lat' dir='ltr'>loqui,</span> <span class='ocrx_word' id='word_1_167' title='bbox 1016 1603 1176 1656; x_wconf 87' lang='lat' dir='ltr'>scripta</span> <span class='ocrx_word' id='word_1_168' title='bbox 1208 1604 1416 1645; x_wconf 88' lang='lat' dir='ltr'>varietate</span> <span class='ocrx_word' id='word_1_169' title='bbox 1450 1604 1633 1657; x_wconf 88' lang='lat' dir='ltr'>quadam</span> <span class='ocrx_word' id='word_1_170' title='bbox 1669 1604 1892 1646; x_wconf 88' lang='lat' dir='ltr'>verborum</span> 
     </span>
     <span class='ocr_line' id='line_1_22' title="bbox 169 1678 1893 1733; baseline 0.001 -14"><span class='ocrx_word' id='word_1_171' title='bbox 169 1683 207 1720; x_wconf 82' lang='lat' dir='ltr'>et</span> <span class='ocrx_word' id='word_1_172' title='bbox 242 1679 528 1721; x_wconf 87' lang='lat' dir='ltr'>vicissitudine</span> <span class='ocrx_word' id='word_1_173' title='bbox 562 1679 780 1720; x_wconf 87' lang='lat' dir='ltr'>modorum</span> <span class='ocrx_word' id='word_1_174' title='bbox 825 1679 1026 1732; x_wconf 88' lang='lat' dir='ltr'>loquendi</span> <span class='ocrx_word' id='word_1_175' title='bbox 1059 1678 1341 1733; x_wconf 86' lang='lat' dir='ltr'>distinguere,</span> <span class='ocrx_word' id='word_1_176' title='bbox 1381 1679 1517 1720; x_wconf 89' lang='lat' dir='ltr'>multa</span> <span class='ocrx_word' id='word_1_177' title='bbox 1556 1692 1602 1720; x_wconf 89' lang='lat' dir='ltr'>ac</span> <span class='ocrx_word' id='word_1_178' title='bbox 1637 1679 1753 1720; x_wconf 83' lang='lat' dir='ltr'>varia</span> <span class='ocrx_word' id='word_1_179' title='bbox 1794 1679 1893 1721; x_wconf 88' lang='lat' dir='ltr'>scri-</span> 
     </span>
     <span class='ocr_line' id='line_1_23' title="bbox 168 1754 1892 1808; baseline 0 -13"><span class='ocrx_word' id='word_1_180' title='bbox 168 1754 278 1807; x_wconf 85' lang='lat' dir='ltr'>bere,</span> <span class='ocrx_word' id='word_1_181' title='bbox 312 1754 446 1795; x_wconf 88' lang='lat' dir='ltr'>multa</span> <span class='ocrx_word' id='word_1_182' title='bbox 477 1755 681 1806; x_wconf 76' lang='lat' dir='ltr'>ediscere,</span> <span class='ocrx_word' id='word_1_183' title='bbox 714 1768 838 1808; x_wconf 85' lang='lat' dir='ltr'>saepe</span> <span class='ocrx_word' id='word_1_184' title='bbox 872 1767 1014 1797; x_wconf 89' lang='lat' dir='ltr'>secum</span> <span class='ocrx_word' id='word_1_185' title='bbox 1048 1754 1321 1796; x_wconf 81' lang='lat' dir='ltr'>commentari</span> <span class='ocrx_word' id='word_1_186' title='bbox 1355 1757 1395 1796; x_wconf 88' lang='lat' dir='ltr'>et</span> <span class='ocrx_word' id='word_1_187' title='bbox 1430 1758 1623 1808; x_wconf 87' lang='lat' dir='ltr'>repetere</span> <span class='ocrx_word' id='word_1_188' title='bbox 1656 1755 1743 1796; x_wconf 82' lang='lat' dir='ltr'>sine</span> <span class='ocrx_word' id='word_1_189' title='bbox 1774 1754 1892 1796; x_wconf 88' lang='lat' dir='ltr'>libris</span> 
     </span>
     <span class='ocr_line' id='line_1_24' title="bbox 171 1829 1198 1882; baseline -0.001 -13"><span class='ocrx_word' id='word_1_190' title='bbox 171 1841 234 1876; x_wconf 82' lang='lat' dir='ltr'>ea,</span> <span class='ocrx_word' id='word_1_191' title='bbox 267 1841 375 1881; x_wconf 88' lang='lat' dir='ltr'>quae</span> <span class='ocrx_word' id='word_1_192' title='bbox 408 1829 675 1880; x_wconf 80' lang='lat' dir='ltr'>audiverunt,</span> <span class='ocrx_word' id='word_1_193' title='bbox 707 1829 915 1882; x_wconf 84' lang='lat' dir='ltr'>legerunt,</span> <span class='ocrx_word' id='word_1_194' title='bbox 950 1829 1198 1871; x_wconf 88' lang='lat' dir='ltr'>didicerunt.</span> 
     </span>
    </p>

    <p class='ocr_par' dir='ltr' id='par_1_6' title="bbox 163 1909 1891 2412">
     <span class='ocr_line' id='line_1_25' title="bbox 307 1909 1890 1963; baseline 0.001 -13"><span class='ocrx_word' id='word_1_195' title='bbox 307 1911 369 1950; x_wconf 85' lang='lat'>14.</span> <span class='ocrx_word' id='word_1_196' title='bbox 425 1909 640 1952; x_wconf 85' lang='lat' dir='ltr'>Correctio</span> <span class='ocrx_word' id='word_1_197' title='bbox 686 1910 963 1963; x_wconf 75' lang='lat' dir='ltr'>scriptionum</span> <span class='ocrx_word' id='word_1_198' title='bbox 1004 1910 1060 1953; x_wconf 90' lang='lat' dir='ltr'>sit</span> <span class='ocrx_word' id='word_1_199' title='bbox 1102 1910 1351 1963; x_wconf 89' lang='lat' dir='ltr'>quotidiana</span> <span class='ocrx_word' id='word_1_200' title='bbox 1384 1914 1425 1952; x_wconf 90' lang='lat' dir='ltr'>et</span> <span class='ocrx_word' id='word_1_201' title='bbox 1458 1910 1628 1963; x_wconf 88' lang='lat' dir='ltr'>quidem</span> <span class='ocrx_word' id='word_1_202' title='bbox 1662 1910 1890 1963; x_wconf 89' lang='lat' dir='ltr'>plurimum</span> 
     </span>
     <span class='ocr_line' id='line_1_26' title="bbox 166 1983 1891 2036; baseline 0.002 -12"><span class='ocrx_word' id='word_1_203' title='bbox 166 1983 279 2025; x_wconf 88' lang='lat' dir='ltr'>clara</span> <span class='ocrx_word' id='word_1_204' title='bbox 312 1996 431 2036; x_wconf 86' lang='lat' dir='ltr'>voce,</span> <span class='ocrx_word' id='word_1_205' title='bbox 472 1984 628 2026; x_wconf 83' lang='lat' dir='ltr'>exactis</span> <span class='ocrx_word' id='word_1_206' title='bbox 661 1988 703 2026; x_wconf 89' lang='lat' dir='ltr'>et</span> <span class='ocrx_word' id='word_1_207' title='bbox 735 1985 981 2026; x_wconf 86' lang='lat' dir='ltr'>monstratis</span> <span class='ocrx_word' id='word_1_208' title='bbox 1022 1985 1220 2027; x_wconf 88' lang='lat' dir='ltr'>distincte</span> <span class='ocrx_word' id='word_1_209' title='bbox 1263 1985 1499 2027; x_wconf 88' lang='lat' dir='ltr'>rationibus</span> <span class='ocrx_word' id='word_1_210' title='bbox 1545 1989 1805 2035; x_wconf 85' lang='lat' dir='ltr'>erratorum,</span> <span class='ocrx_word' id='word_1_211' title='bbox 1849 1989 1891 2027; x_wconf 89' lang='lat' dir='ltr'>et</span> 
     </span>
     <span class='ocr_line' id='line_1_27' title="bbox 166 2058 1889 2114; baseline 0.002 -15"><span class='ocrx_word' id='word_1_212' title='bbox 166 2058 301 2100; x_wconf 90' lang='lat' dir='ltr'>modis</span> <span class='ocrx_word' id='word_1_213' title='bbox 333 2059 540 2101; x_wconf 89' lang='lat' dir='ltr'>scribendi</span> <span class='ocrx_word' id='word_1_214' title='bbox 573 2059 613 2100; x_wconf 93' lang='lat' dir='ltr'>in</span> <span class='ocrx_word' id='word_1_215' title='bbox 648 2059 758 2100; x_wconf 88' lang='lat' dir='ltr'>omni</span> <span class='ocrx_word' id='word_1_216' title='bbox 782 2072 936 2111; x_wconf 78' lang='lat' dir='ltr'>genere</span> <span class='ocrx_word' id='word_1_217' title='bbox 958 2060 1284 2114; x_wconf 83' lang='lat' dir='ltr'>probatissimis,</span> <span class='ocrx_word' id='word_1_218' title='bbox 1317 2060 1445 2113; x_wconf 90' lang='lat' dir='ltr'>idque</span> <span class='ocrx_word' id='word_1_219' title='bbox 1468 2060 1668 2113; x_wconf 88' lang='lat' dir='ltr'>humane,</span> <span class='ocrx_word' id='word_1_220' title='bbox 1701 2060 1889 2113; x_wconf 82' lang='lat' dir='ltr'>attentis,</span> 
     </span>
     <span class='ocr_line' id='line_1_28' title="bbox 163 2132 1888 2188; baseline 0.002 -14"><span class='ocrx_word' id='word_1_221' title='bbox 163 2133 331 2174; x_wconf 87' lang='lat' dir='ltr'>interim</span> <span class='ocrx_word' id='word_1_222' title='bbox 365 2134 579 2184; x_wconf 91' lang='lat' dir='ltr'>omnibus,</span> <span class='ocrx_word' id='word_1_223' title='bbox 612 2138 654 2175; x_wconf 90' lang='lat' dir='ltr'>et</span> <span class='ocrx_word' id='word_1_224' title='bbox 686 2134 800 2175; x_wconf 85' lang='lat' dir='ltr'>nulla</span> <span class='ocrx_word' id='word_1_225' title='bbox 833 2135 915 2176; x_wconf 88' lang='lat' dir='ltr'>alia</span> <span class='ocrx_word' id='word_1_226' title='bbox 948 2148 992 2176; x_wconf 78' lang='lat' dir='ltr'>re</span> <span class='ocrx_word' id='word_1_227' title='bbox 1025 2132 1263 2188; x_wconf 87' lang='lat' dir='ltr'>occupatis,</span> <span class='ocrx_word' id='word_1_228' title='bbox 1304 2139 1433 2188; x_wconf 87' lang='lat' dir='ltr'>atque</span> <span class='ocrx_word' id='word_1_229' title='bbox 1465 2135 1504 2176; x_wconf 89' lang='lat' dir='ltr'>in</span> <span class='ocrx_word' id='word_1_230' title='bbox 1539 2148 1615 2176; x_wconf 89' lang='lat' dir='ltr'>suo</span> <span class='ocrx_word' id='word_1_231' title='bbox 1648 2135 1888 2188; x_wconf 83' lang='lat' dir='ltr'>scriptionis</span> 
     </span>
     <span class='ocr_line' id='line_1_29' title="bbox 163 2208 1887 2263; baseline 0.001 -14"><span class='ocrx_word' id='word_1_232' title='bbox 163 2208 353 2262; x_wconf 83' lang='lat' dir='ltr'>exemplo</span> <span class='ocrx_word' id='word_1_233' title='bbox 386 2208 709 2261; x_wconf 78' lang='lat' dir='ltr'>corrigentibus,</span> <span class='ocrx_word' id='word_1_234' title='bbox 743 2222 852 2262; x_wconf 86' lang='lat' dir='ltr'>quae</span> <span class='ocrx_word' id='word_1_235' title='bbox 885 2213 1065 2263; x_wconf 85' lang='lat' dir='ltr'>oportet.</span> <span class='ocrx_word' id='word_1_236' title='bbox 1130 2210 1186 2251; x_wconf 86' lang='lat' dir='ltr'>Et</span> <span class='ocrx_word' id='word_1_237' title='bbox 1227 2210 1326 2263; x_wconf 89' lang='lat' dir='ltr'>quia</span> <span class='ocrx_word' id='word_1_238' title='bbox 1366 2209 1462 2251; x_wconf 91' lang='lat' dir='ltr'>talis</span> <span class='ocrx_word' id='word_1_239' title='bbox 1496 2210 1712 2251; x_wconf 75' lang='lat' dir='ltr'>Correctio</span> <span class='ocrx_word' id='word_1_240' title='bbox 1747 2209 1887 2263; x_wconf 88' lang='lat' dir='ltr'>magni</span> 
     </span>
     <span class='ocr_line' id='line_1_30' title="bbox 163 2284 1885 2338; baseline 0.001 -14"><span class='ocrx_word' id='word_1_241' title='bbox 163 2284 325 2325; x_wconf 85' lang='lat' dir='ltr'>fructus</span> <span class='ocrx_word' id='word_1_242' title='bbox 359 2288 442 2334; x_wconf 88' lang='lat' dir='ltr'>est,</span> <span class='ocrx_word' id='word_1_243' title='bbox 475 2284 535 2325; x_wconf 88' lang='lat' dir='ltr'>ita</span> <span class='ocrx_word' id='word_1_244' title='bbox 569 2288 615 2325; x_wconf 90' lang='lat' dir='ltr'>ut</span> <span class='ocrx_word' id='word_1_245' title='bbox 646 2296 721 2337; x_wconf 89' lang='lat' dir='ltr'>pro</span> <span class='ocrx_word' id='word_1_246' title='bbox 753 2284 824 2325; x_wconf 90' lang='lat' dir='ltr'>illa</span> <span class='ocrx_word' id='word_1_247' title='bbox 853 2285 956 2326; x_wconf 86' lang='lat' dir='ltr'>satis</span> <span class='ocrx_word' id='word_1_248' title='bbox 990 2285 1192 2338; x_wconf 90' lang='lat' dir='ltr'>temporis</span> <span class='ocrx_word' id='word_1_249' title='bbox 1227 2285 1455 2335; x_wconf 89' lang='lat' dir='ltr'>habeatur,</span> <span class='ocrx_word' id='word_1_250' title='bbox 1496 2284 1689 2326; x_wconf 83' lang='lat' dir='ltr'>subtrahi</span> <span class='ocrx_word' id='word_1_251' title='bbox 1725 2284 1885 2337; x_wconf 88' lang='lat' dir='ltr'>aliquid</span> 
     </span>
     <span class='ocr_line' id='line_1_31' title="bbox 164 2357 1189 2412; baseline 0.001 -14"><span class='ocrx_word' id='word_1_252' title='bbox 164 2357 352 2410; x_wconf 89' lang='lat' dir='ltr'>quotidie</span> <span class='ocrx_word' id='word_1_253' title='bbox 384 2359 543 2411; x_wconf 90' lang='lat' dir='ltr'>poterit</span> <span class='ocrx_word' id='word_1_254' title='bbox 574 2359 792 2412; x_wconf 87' lang='lat' dir='ltr'>scriptioni</span> <span class='ocrx_word' id='word_1_255' title='bbox 825 2363 1189 2412; x_wconf 81' lang='lat' dir='ltr'>extemporaneae.</span> 
     </span>
    </p>

    <p class='ocr_par' dir='ltr' id='par_1_7' title="bbox 162 2433 1885 2924">
     <span class='ocr_line' id='line_1_32' title="bbox 306 2433 1885 2488; baseline 0.001 -15"><span class='ocrx_word' id='word_1_256' title='bbox 306 2435 368 2473; x_wconf 79' lang='lat'>15.</span> <span class='ocrx_word' id='word_1_257' title='bbox 419 2433 623 2476; x_wconf 89' lang='lat' dir='ltr'>Themata</span> <span class='ocrx_word' id='word_1_258' title='bbox 656 2434 870 2476; x_wconf 82' lang='lat' dir='ltr'>dictentur</span> <span class='ocrx_word' id='word_1_259' title='bbox 908 2435 1033 2487; x_wconf 88' lang='lat' dir='ltr'>plana</span> <span class='ocrx_word' id='word_1_260' title='bbox 1066 2438 1108 2476; x_wconf 90' lang='lat' dir='ltr'>et</span> <span class='ocrx_word' id='word_1_261' title='bbox 1138 2434 1364 2488; x_wconf 86' lang='lat' dir='ltr'>perspicua</span> <span class='ocrx_word' id='word_1_262' title='bbox 1395 2434 1573 2486; x_wconf 88' lang='lat' dir='ltr'>ingeniis</span> <span class='ocrx_word' id='word_1_263' title='bbox 1605 2438 1648 2475; x_wconf 89' lang='lat' dir='ltr'>et</span> <span class='ocrx_word' id='word_1_264' title='bbox 1679 2434 1885 2487; x_wconf 85' lang='lat' dir='ltr'>profectui</span> 
     </span>
     <span class='ocr_line' id='line_1_33' title="bbox 164 2507 1884 2561; baseline 0.001 -13"><span class='ocrx_word' id='word_1_265' title='bbox 164 2507 404 2550; x_wconf 87' lang='lat' dir='ltr'>Iuventutis</span> <span class='ocrx_word' id='word_1_266' title='bbox 437 2508 701 2561; x_wconf 86' lang='lat' dir='ltr'>singularum</span> <span class='ocrx_word' id='word_1_267' title='bbox 725 2509 921 2550; x_wconf 85' lang='lat' dir='ltr'>classium</span> <span class='ocrx_word' id='word_1_268' title='bbox 946 2508 1277 2559; x_wconf 86' lang='lat' dir='ltr'>accommodata,</span> <span class='ocrx_word' id='word_1_269' title='bbox 1310 2508 1535 2561; x_wconf 87' lang='lat' dir='ltr'>desumpta</span> <span class='ocrx_word' id='word_1_270' title='bbox 1566 2509 1813 2561; x_wconf 82' lang='lat' dir='ltr'>frequenter</span> <span class='ocrx_word' id='word_1_271' title='bbox 1835 2522 1884 2550; x_wconf 85' lang='lat' dir='ltr'>ex</span> 
     </span>
     <span class='ocr_line' id='line_1_34' title="bbox 162 2582 1884 2638; baseline 0.001 -15"><span class='ocrx_word' id='word_1_272' title='bbox 162 2582 263 2635; x_wconf 91' lang='lat' dir='ltr'>ipsis</span> <span class='ocrx_word' id='word_1_273' title='bbox 306 2582 681 2638; x_wconf 84' lang='lat' dir='ltr'>praelectionibus,</span> <span class='ocrx_word' id='word_1_274' title='bbox 722 2597 802 2625; x_wconf 91' lang='lat' dir='ltr'>non</span> <span class='ocrx_word' id='word_1_275' title='bbox 846 2584 1093 2636; x_wconf 83' lang='lat' dir='ltr'>prolixiora,</span> <span class='ocrx_word' id='word_1_276' title='bbox 1137 2597 1264 2636; x_wconf 89' lang='lat' dir='ltr'>quam</span> <span class='ocrx_word' id='word_1_277' title='bbox 1307 2583 1509 2625; x_wconf 83' lang='lat' dir='ltr'>meditate</span> <span class='ocrx_word' id='word_1_278' title='bbox 1551 2583 1676 2625; x_wconf 85' lang='lat' dir='ltr'>scribi</span> <span class='ocrx_word' id='word_1_279' title='bbox 1720 2583 1884 2636; x_wconf 89' lang='lat' dir='ltr'>possint</span> 
     </span>
     <span class='ocr_line' id='line_1_35' title="bbox 162 2657 1884 2711; baseline 0.001 -13"><span class='ocrx_word' id='word_1_280' title='bbox 162 2657 273 2698; x_wconf 90' lang='lat' dir='ltr'>intra</span> <span class='ocrx_word' id='word_1_281' title='bbox 305 2661 471 2710; x_wconf 89' lang='lat' dir='ltr'>tempus</span> <span class='ocrx_word' id='word_1_282' title='bbox 505 2658 779 2711; x_wconf 87' lang='lat' dir='ltr'>assignatum.</span> <span class='ocrx_word' id='word_1_283' title='bbox 836 2659 882 2699; x_wconf 87' lang='lat' dir='ltr'>ln</span> <span class='ocrx_word' id='word_1_284' title='bbox 916 2658 1192 2711; x_wconf 89' lang='lat' dir='ltr'>grammatica</span> <span class='ocrx_word' id='word_1_285' title='bbox 1225 2659 1327 2700; x_wconf 92' lang='lat' dir='ltr'>talia</span> <span class='ocrx_word' id='word_1_286' title='bbox 1360 2673 1395 2699; x_wconf 84' lang='lat' dir='ltr'>v.</span> <span class='ocrx_word' id='word_1_287' title='bbox 1430 2671 1507 2711; x_wconf 61' lang='lat' dir='ltr'>gr„</span> <span class='ocrx_word' id='word_1_288' title='bbox 1540 2671 1649 2711; x_wconf 88' lang='lat' dir='ltr'>quae</span> <span class='ocrx_word' id='word_1_289' title='bbox 1679 2658 1731 2700; x_wconf 89' lang='lat' dir='ltr'>ad</span> <span class='ocrx_word' id='word_1_290' title='bbox 1765 2659 1884 2700; x_wconf 91' lang='lat' dir='ltr'>latini</span> 
     </span>
     <span class='ocr_line' id='line_1_36' title="bbox 163 2731 1884 2786; baseline 0.001 -14"><span class='ocrx_word' id='word_1_291' title='bbox 163 2731 376 2773; x_wconf 79' lang='lat' dir='ltr'>Sermonis</span> <span class='ocrx_word' id='word_1_292' title='bbox 419 2732 648 2785; x_wconf 89' lang='lat' dir='ltr'>puritatem</span> <span class='ocrx_word' id='word_1_293' title='bbox 691 2736 733 2775; x_wconf 91' lang='lat' dir='ltr'>et</span> <span class='ocrx_word' id='word_1_294' title='bbox 774 2733 1042 2774; x_wconf 86' lang='lat' dir='ltr'>emendatam</span> <span class='ocrx_word' id='word_1_295' title='bbox 1085 2736 1346 2775; x_wconf 87' lang='lat' dir='ltr'>structuram</span> <span class='ocrx_word' id='word_1_296' title='bbox 1398 2733 1705 2786; x_wconf 86' lang='lat' dir='ltr'>assequendam</span> <span class='ocrx_word' id='word_1_297' title='bbox 1749 2734 1884 2774; x_wconf 81' lang='lat' dir='ltr'>confe-</span> 
     </span>
     <span class='ocr_line' id='line_1_37' title="bbox 163 2807 1883 2862; baseline 0.001 -15"><span class='ocrx_word' id='word_1_298' title='bbox 163 2810 282 2860; x_wconf 85' lang='lat' dir='ltr'>runt,</span> <span class='ocrx_word' id='word_1_299' title='bbox 321 2807 383 2848; x_wconf 87' lang='lat' dir='ltr'>uti</span> <span class='ocrx_word' id='word_1_300' title='bbox 415 2820 506 2849; x_wconf 88' lang='lat' dir='ltr'>esse</span> <span class='ocrx_word' id='word_1_301' title='bbox 538 2807 674 2860; x_wconf 88' lang='lat' dir='ltr'>possit</span> <span class='ocrx_word' id='word_1_302' title='bbox 705 2807 906 2862; x_wconf 88' lang='lat' dir='ltr'>epistola,</span> <span class='ocrx_word' id='word_1_303' title='bbox 943 2807 1145 2850; x_wconf 85' lang='lat' dir='ltr'>historiae</span> <span class='ocrx_word' id='word_1_304' title='bbox 1178 2821 1324 2850; x_wconf 89' lang='lat' dir='ltr'>sacrae</span> <span class='ocrx_word' id='word_1_305' title='bbox 1355 2813 1398 2851; x_wconf 90' lang='lat' dir='ltr'>et</span> <span class='ocrx_word' id='word_1_306' title='bbox 1434 2808 1659 2862; x_wconf 85' lang='lat' dir='ltr'>profanae,</span> <span class='ocrx_word' id='word_1_307' title='bbox 1691 2808 1883 2861; x_wconf 87' lang='lat' dir='ltr'>fabellae,</span> 
     </span>
     <span class='ocr_line' id='line_1_38' title="bbox 163 2880 628 2924; baseline 0.002 -3"><span class='ocrx_word' id='word_1_308' title='bbox 163 2880 405 2923; x_wconf 86' lang='lat' dir='ltr'>Sententiae</span> <span class='ocrx_word' id='word_1_309' title='bbox 435 2881 628 2924; x_wconf 90' lang='lat' dir='ltr'>morales.</span> 
     </span>
    </p>

    <p class='ocr_par' dir='ltr' id='par_1_8' title="bbox 163 2956 1883 3161">
     <span class='ocr_line' id='line_1_39' title="bbox 304 2956 1880 3009; baseline 0.001 -13"><span class='ocrx_word' id='word_1_310' title='bbox 304 2958 366 2996; x_wconf 80' lang='grc'>16.</span> <span class='ocrx_word' id='word_1_311' title='bbox 417 2956 498 2998; x_wconf 91' lang='lat' dir='ltr'>Pro</span> <span class='ocrx_word' id='word_1_312' title='bbox 541 2957 753 2999; x_wconf 85' lang='lat' dir='ltr'>vertendis</span> <span class='ocrx_word' id='word_1_313' title='bbox 797 2957 995 2999; x_wconf 88' lang='lat' dir='ltr'>thematis</span> <span class='ocrx_word' id='word_1_314' title='bbox 1038 2970 1086 2999; x_wconf 87' lang='lat' dir='ltr'>ex</span> <span class='ocrx_word' id='word_1_315' title='bbox 1119 2958 1357 3000; x_wconf 87' lang='lat' dir='ltr'>Vernacula</span> <span class='ocrx_word' id='word_1_316' title='bbox 1397 2958 1438 2999; x_wconf 89' lang='lat' dir='ltr'>in</span> <span class='ocrx_word' id='word_1_317' title='bbox 1481 2957 1654 2999; x_wconf 89' lang='lat' dir='ltr'>latinam</span> <span class='ocrx_word' id='word_1_318' title='bbox 1697 2957 1880 3009; x_wconf 91' lang='lat' dir='ltr'>linguam</span> 
     </span>
     <span class='ocr_line' id='line_1_40' title="bbox 167 3030 1883 3086; baseline 0.001 -15"><span class='ocrx_word' id='word_1_319' title='bbox 167 3030 407 3072; x_wconf 87' lang='lat' dir='ltr'>rudioribus</span> <span class='ocrx_word' id='word_1_320' title='bbox 441 3031 518 3072; x_wconf 90' lang='lat' dir='ltr'>viri</span> <span class='ocrx_word' id='word_1_321' title='bbox 552 3031 664 3074; x_wconf 90' lang='lat' dir='ltr'>docti</span> <span class='ocrx_word' id='word_1_322' title='bbox 696 3032 918 3085; x_wconf 85' lang='lat' dir='ltr'>sequentia</span> <span class='ocrx_word' id='word_1_323' title='bbox 950 3031 1203 3075; x_wconf 89' lang='lat' dir='ltr'>documenta</span> <span class='ocrx_word' id='word_1_324' title='bbox 1232 3032 1527 3086; x_wconf 88' lang='lat' dir='ltr'>praescribunt</span> <span class='ocrx_word' id='word_1_325' title='bbox 1586 3050 1624 3075; x_wconf 73' lang='grc' dir='ltr'>(ι.</span> <span class='ocrx_word' id='word_1_326' title='bbox 1656 3031 1723 3073; x_wconf 85' lang='lat' dir='ltr'>Ad</span> <span class='ocrx_word' id='word_1_327' title='bbox 1755 3032 1883 3085; x_wconf 90' lang='lat' dir='ltr'>scrip-</span> 
     </span>
     <span class='ocr_line' id='line_1_41' title="bbox 163 3105 1882 3161; baseline 0.001 -15"><span class='ocrx_word' id='word_1_328' title='bbox 163 3105 316 3146; x_wconf 84' lang='lat' dir='ltr'>tionem</span> <span class='ocrx_word' id='word_1_329' title='bbox 359 3117 606 3147; x_wconf 83' lang='lat' dir='ltr'>accessurus</span> <span class='ocrx_word' id='word_1_330' title='bbox 650 3107 764 3159; x_wconf 86' lang='lat' dir='ltr'>legat</span> <span class='ocrx_word' id='word_1_331' title='bbox 794 3107 911 3160; x_wconf 86' lang='lat' dir='ltr'>prius</span> <span class='ocrx_word' id='word_1_332' title='bbox 950 3119 1079 3148; x_wconf 89' lang='lat' dir='ltr'>unam</span> <span class='ocrx_word' id='word_1_333' title='bbox 1111 3121 1146 3149; x_wconf 89' lang='lat' dir='ltr'>v.</span> <span class='ocrx_word' id='word_1_334' title='bbox 1191 3108 1367 3150; x_wconf 86' lang='lat' dir='ltr'>alteram</span> <span class='ocrx_word' id='word_1_335' title='bbox 1400 3107 1636 3161; x_wconf 89' lang='lat' dir='ltr'>Epistolam</span> <span class='ocrx_word' id='word_1_336' title='bbox 1671 3107 1882 3148; x_wconf 85' lang='lat' dir='ltr'>Ciceronis</span> 
     </span>
    </p>
   </div>
  </div>
 </body>
</html>
