2164 3535
855 690 1166 755 Zweiter
1215 688 1392 754 Teil.

752 897 1491 982 Convicte.

257 1172 665 1227 Gemeinsame
718 1169 1270 1245 Convictsordnung
1319 1171 1418 1224 der
1468 1169 1983 1223 osterreichisehen

880 1275 1136 1330 Provinz.
1206 1275 1376 1328 1654.

728 1376 868 1420 (Arch.
901 1376 1021 1411 Prov.
1054 1375 1191 1410 Austr.
1224 1375 1357 1418 Hung.
1397 1373 1438 1410 S.
1465 1374 1524 1418 J.)

399 1481 478 1515 Wir
505 1481 713 1515 verdanken
740 1480 805 1515 das
831 1480 999 1524 folgende
1028 1479 1140 1514 Stiick
1167 1478 1231 1512 ‹ler
1258 1478 1351 1512 Giite
1379 1477 1442 1511 des
1475 1477 1611 1511 hochw.
1639 1476 1677 1510 P.
1695 1476 1772 1511 Jos.
1792 1476 1890 1510 Milz.
1941 1475 1990 1509 Es

259 1539 305 1573 ist
332 1539 389 1573 ein
419 1539 730 1574 Oktavbandchen
754 1549 821 1573 von
847 1541 891 1573 35
911 1538 991 1583 SS.,
1017 1549 1043 1572 s.
1064 1548 1117 1582 p.,
1144 1537 1273 1572 dessen
1300 1536 1394 1570 Titel
1423 1536 1487 1569 wir
1512 1541 1622 1569 unten
1651 1535 1783 1579 geben,
1815 1534 1992 1577 gedruckt

263 1597 444 1631 »Viennae
484 1598 675 1642 Austriae,
717 1598 824 1641 Apud
864 1597 1075 1631 Mathaeum
1117 1595 1403 1640 Cosmerovium,
1444 1594 1522 1629 Sac.
1558 1594 1659 1630 Caes.
1693 1595 1838 1638 MaJest.
1874 1593 1992 1638 Typo-

262 1656 452 1699 graphum‚
479 1657 584 1690 Anno
614 1657 733 1691 1672«

398 1714 475 1748 Auf
497 1714 560 1748 der
586 1713 865 1757 unpaginierten
894 1712 927 1746 S.
947 1712 1024 1747 3612
1052 1711 1135 1746 liest
1161 1721 1260 1745 man:

405 1772 632 1815 »Decretun1‚
655 1772 659 1816 Ι
684 1771 909 1815 Sanctiones‚
932 1771 936 1814 Ι
960 1770 1103 1813 aliaque
1131 1769 1190 1803 hic
1216 1775 1386 1804 contenta
1414 1769 1634 1814 publicandi.
1654 1790 1694 1794 —
1722 1769 1839 1813 Leges
1865 1768 1931 1801 has
1958 1771 1994 1801 et

259 1829 529 1874 instructiones,
556 1840 576 1863 a
596 1830 662 1864 CC.
684 1828 978 1875 [consultoribus]
1007 1833 1042 1862 et
1061 1828 1143 1869 alijs
1162 1827 1406 1871 compluribus
1425 1827 1595 1862 Patribus
1614 1827 1826 1861 Provinciae
1846 1830 1991 1860 nostrae

259 1887 451 1931 diligenter
488 1888 730 1932 examinatas,
770 1897 811 1921 ac
851 1886 959 1921 etiam
998 1886 1035 1920 P.
1064 1886 1108 1920 N.
1151 1886 1271 1931 [Patri
1310 1893 1432 1921 nostro
1468 1885 1656 1930 Generali]
1697 1883 1990 1925 communicatas,

260 1945 466 1989 superiores
493 1946 626 1980 locales
653 1945 876 1979 authoritate
894 1944 933 1979 P.
950 1944 1188 1979 Provincialis
1217 1945 1378 1988 proxime
1407 1944 1451 1978 ad
1479 1945 1621 1979 initium
1644 1943 1853 1978 Studiorum
1872 1941 1989 1986 publi-

259 2009 342 2037 cent
375 2004 410 2037 in
445 2003 615 2047 Collegijs
642 2002 898 2046 Alumnorum‚
934 2002 1189 2036 Convictorum
1222 2002 1276 2036 vel
1312 2002 1539 2047 Seminarijs,
1573 2012 1666 2046 quae
1699 2001 1851 2045 habent,
1885 2005 1992 2043 atque

260 2061 358 2104 leges
378 2062 593 2096 Communes
620 2072 700 2096 cum
728 2061 871 2095 casibus
890 2059 1237 2104 indispensabilibus
1259 2060 1294 2093 in
1314 2060 1476 2095 Musaeis
1495 2060 1595 2104 affigi
1613 2064 1750 2094 curent.
1797 2057 1994 2101 Exemplar

260 2129 342 2153 vero
370 2119 619 2153 authenticum
647 2119 682 2152 in
709 2118 869 2153 archivio
897 2118 1046 2161 Collegij
1076 2124 1238 2160 servent,
1272 2119 1423 2162 eiusque
1450 2119 1573 2163 copias
1601 2118 1641 2152 P.
1668 2117 1823 2161 Regenti
1849 2117 1992 2159 integre

259 2181 295 2210 et
320 2175 522 2211 Praefectis
548 2177 651 2211 iuxta
677 2178 836 2212 cuiusvis
864 2176 972 2220 officij
1002 2177 1223 2220 exigentiam
1250 2177 1524 2211 communicent.
1569 2176 1808 2219 Omniumque
1829 2174 1991 2209 sedulam

259 2239 296 2268 et
320 2234 463 2269 fidelem
492 2235 742 2269 executionem
770 2240 978 2269 constanter
1004 2239 1210 2278 procurent.
1249 2235 1286 2268 Si
1313 2234 1374 2278 qui
1400 2245 1482 2269 vero
1502 2234 1695 2269 Convictus
1715 2233 1770 2267 vel
1791 2231 1993 2267 Seminaria

260 2292 501 2335 particulares
528 2293 673 2336 aliquas
692 2293 982 2337 constitutiones,
1009 2293 1064 2326 vel
1083 2292 1304 2336 approbatas
1330 2292 1610 2327 consuetudines
1628 2292 1774 2335 habent,
1800 2301 1842 2326 ea
1861 2292 1896 2325 in
1914 2296 1992 2325 tan-

259 2354 334 2384 tum
361 2351 430 2384 vim
457 2356 492 2385 et
518 2351 676 2395 vigorem
704 2352 891 2386 obtineant
916 2352 1170 2394 imposterum,
1197 2350 1234 2383 in
1264 2356 1438 2394 quantum
1464 2350 1711 2385 sanctionibus
1739 2348 1992 2393 praesentibus

258 2418 328 2442 non
356 2407 605 2443 adversantur.
648 2410 811 2444 Viennae
841 2409 1013 2443 Austriae
1039 2410 1070 2444 7.
1091 2408 1259 2452 Augusti.
1299 2410 1404 2442 Anno
1426 2411 1514 2443 1564
1542 2408 1652 2454 [sic].«
1705 2408 1745 2442 L.
1767 2408 1800 2442 S.
1831 2406 1989 2441 »Zacha-

259 2465 332 2499 rias
359 2465 594 2506 Trinkellius‚
625 2466 658 2501 S.
677 2467 724 2511 J.⁷
751 2466 965 2501 Provinciae
994 2466 1166 2500 Austriae
1193 2466 1430 2510 Praepositus
1458 2465 1730 2500 Provincialis.«

398 2523 465 2557 Die
492 2523 669 2558 Jahrzahl
695 2525 743 2558 ist
769 2524 930 2558 offenbar
957 2524 1013 2558 ein
1041 2523 1286 2558 Druckfehler
1312 2534 1345 2567 p.
1364 2524 1476 2567 16543
1505 2524 1599 2559 denn
1626 2524 1689 2558 der
1709 2524 1736 2557 P
1767 2523 1990 2558 Trinkellius

259 2591 333 2615 war
359 2586 433 2615 erst
461 2592 525 2615 von
557 2584 640 2617 1651
670 2592 715 2616 an
742 2582 947 2616 Provinzial
974 2592 1041 2616 von
1069 2581 1310 2616 Oesterreich.

399 2639 479 2672 Wir
505 2640 624 2673 lassen
651 2639 715 2672 das
736 2639 849 2672 Stuck
875 2638 940 2672 mit
965 2639 1100 2672 seinem
1127 2649 1291 2681 genauen
1310 2638 1405 2672 Titel
1432 2650 1504 2672 nun
1530 2638 1649 2681 folgen
1670 2639 1740 2673 und
1759 2639 1891 2672 deuteu
1911 2638 1990 2672 eine

260 2707 351 2730 neue
381 2696 478 2730 Seite
506 2697 553 2730 ini
579 2696 846 2731 fortlaufenden
874 2697 988 2731 Texte
1016 2708 1084 2731 nur
1110 2697 1223 2731 durch
1251 2696 1491 2731 senkrechten
1519 2697 1638 2731 Strich
1666 2706 1722 2730 an.

603 2813 761 2865 Leges
795 2812 800 2868 Ι
836 2812 1128 2855 Commvnes
1165 2813 1169 2866 Ι
1204 2813 1274 2854 Α1)
1312 2812 1374 2866 ijs
1414 2812 1650 2854 omnibus

337 2886 754 2941 obserlvandae,
793 2889 798 2937 Ι
837 2887 934 2936 Qui
975 2887 1059 2927 vel
1101 2887 1153 2927 in
1198 2886 1466 2940 CollegiJ's
1501 2888 1866 2939 Alumnorum,
1909 2889 1911 2935 1

459 2961 839 3009 Convictorum,
881 2962 955 3003 vel
988 2961 1287 3014 Seminarijs
1320 2961 1617 3017 Solcietatis
1649 2962 1790 3011 Jesv,

661 3036 714 3077 In
746 3036 1018 3078 Provincia
1049 3037 1324 3078 Austriaca
1356 3038 1557 3090 degunt.
1595 3037 1598 3091 1

404 3132 437 3169 1.
482 3128 560 3178 Qui
593 3128 645 3169 ad
679 3128 911 3181 Collegium
936 3128 1229 3177 Alumnorum,
1262 3128 1576 3178 Convictorum,
1609 3129 1674 3171 vel
1707 3128 1987 3170 Seminarium

261 3202 341 3244 sub
373 3215 475 3244 cura
507 3202 547 3244 S.
572 3203 611 3244 J.
645 3202 946 3254 admittuntur,
979 3206 1150 3256 praeter
1173 3204 1341 3256 regulas
1364 3204 1639 3246 scholasticas
1662 3203 1856 3245 omnibus
1881 3215 1991 3244 com-
