2164 3535
393 212 654 256 Bedingungen
679 222 743 245 zur
769 210 972 245 Aufnahme
998 210 1034 244 in
1061 209 1125 244 das
1150 209 1310 243 Fuldaer
1337 208 1510 243 Seminar.
1552 211 1650 244 1603.
1801 211 1882 252 287

165 356 333 395 rentur:
381 352 473 407 qui,
512 352 706 406 inquam,
747 350 1007 393 conditiones
1041 362 1088 391 ex
1122 351 1262 390 mente
1295 347 1457 389 Summi
1487 348 1641 390 Pontis.
1675 348 1730 389 ad
1761 346 1884 389 finem

167 428 291 470 huius
324 427 545 479 Seminarij
587 425 813 478 requisitas
855 425 1023 466 habent.
1089 424 1177 466 Has
1219 436 1318 466 vero
1363 422 1623 464 conditiones
1663 422 1766 464 satis
1805 434 1887 463 non

165 507 230 545 est
261 503 295 545 si
325 505 523 556 parentes
557 503 633 542 aut
665 500 749 553 alij,
782 500 869 541 sive
902 499 1063 541 externi
1097 499 1184 541 sive
1206 498 1340 540 nostri
1364 498 1427 539 vel
1461 497 1539 551 ipsi
1564 509 1732 550 quoque
1755 497 1890 538 Colle-

167 578 330 631 giorum
361 577 585 630 Rectores,
625 574 773 616 adesse
815 576 1020 615 asserent.
1084 572 1320 625 Cognoscet
1351 572 1461 614 enim
1502 572 1596 614 illas
1628 571 1888 613 conditiones

167 656 209 694 et
240 651 426 706 requiret
457 650 546 703 ipse
568 649 840 691 Provincialis
873 649 937 690 vel
970 647 1058 690 eius
1082 647 1229 690 Socius
1262 648 1303 689 in
1336 647 1512 700 singulis
1536 645 1888 701 adolescentibus,

165 727 243 768 hoc
285 725 366 768 fine
403 725 482 767 sibi
513 724 856 779 praesentandis,
899 726 941 766 et
972 727 1101 777 prout
1132 724 1280 766 adesse
1323 728 1398 765 aut
1431 722 1661 766 desiderari
1703 721 1890 763 animad-

166 801 356 857 verterit,
390 800 586 842 admittet
617 799 682 841 vel
713 798 920 840 excludet.

308 875 578 917 Conditiones
610 885 736 927 porro
769 873 896 915 etiam
928 877 1026 927 post
1056 873 1357 926 inspectionem
1390 876 1490 914 sunt
1522 875 1765 925 sequentes:

310 953 360 992 1⁵2¹
400 951 457 992 Vt
488 950 573 992 sint
604 949 764 990 nobiles
798 948 1010 1001 equestris
1053 947 1208 990 ordinis
1252 947 1316 989 vel
1359 947 1462 989 alias
1501 947 1706 999 probatae
1746 946 1891 988 nobili-

167 1026 268 1068 tatis
301 1039 349 1067 ex
381 1024 608 1079 provincijs
641 1022 984 1077 Aquilonaribus.

306 1102 358 1143 ⁴2³}
399 1100 516 1142 Inter
547 1099 718 1141 Nobiles
751 1098 1039 1139 admittuntur
1070 1097 1197 1139 etiam
1236 1097 1365 1150 aliqui
1403 1110 1485 1139 non
1518 1097 1700 1151 nobiles,
1741 1108 1892 1148 genere

168 1179 309 1218 tamen
342 1175 518 1217 honesto
552 1177 594 1216 et
625 1173 836 1215 nobilitati
867 1172 1072 1226 proximo,
1104 1171 1330 1225 indoleque
1363 1173 1544 1225 egregia.

308 1252 360 1292 3²}
402 1250 495 1292 Sint
527 1261 658 1291 annos
690 1248 780 1289 nati
816 1249 866 1289 15
901 1260 1035 1300 eoque
1065 1248 1107 1289 in
1139 1247 1291 1289 litteris
1324 1247 1529 1300 profectu,
1562 1248 1611 1288 ut
1642 1245 1892 1288 rudimentis

168 1326 319 1368 imbuti
342 1326 531 1378 Linguae
555 1324 746 1373 Latinae,
780 1335 861 1364 non
892 1322 1053 1364 nobiles
1088 1322 1141 1363 ad
1163 1321 1346 1364 mediam
1370 1321 1698 1376 Grammaticen,
1731 1320 1891 1362 nobiles

169 1401 222 1443 ad
253 1400 441 1442 infimam
472 1400 624 1442 saltem
655 1397 791 1440 idonei
836 1398 934 1440 sint.
998 1397 1118 1439 Vnde
1158 1401 1199 1439 et
1230 1397 1453 1438 Nobilibus
1495 1397 1640 1451 (latur,
1684 1400 1728 1437 ut
1767 1395 1894 1437 etiam

170 1479 309 1518 aetate
343 1475 547 1529 minores,
586 1475 611 1515 i.
645 1487 678 1516 e.
725 1475 775 1516 12
819 1486 1048 1526 annorum,
1090 1486 1172 1515 non
1215 1476 1358 1515 autem
1398 1473 1507 1514 infra
1548 1471 1675 1525 recipi
1717 1471 1891 1524 possint.

170 1551 214 1593 Si
247 1554 345 1593 ante
380 1552 429 1592 15
463 1552 539 1590 aut
573 1551 623 1591 12
656 1549 866 1601 ingenium
900 1551 1144 1603 praestans,
1185 1551 1260 1589 aut
1292 1561 1341 1589 ea
1373 1550 1578 1601 appareat
1609 1546 1814 1597 conditio,
1846 1550 1895 1586 ut

170 1639 253 1668 non
284 1626 434 1668 nobilis
465 1625 584 1666 iuxta
615 1624 822 1666 rationem
860 1623 1100 1665 studiorum
1142 1623 1195 1665 ad
1238 1622 1418 1676 primam
1450 1621 1782 1673 Grammaticae,
1822 1633 1893 1661 no-

171 1702 264 1743 bilis
297 1704 438 1743 autem
473 1699 526 1742 ad
558 1699 739 1741 mediam
773 1700 898 1751 aptus
931 1698 1193 1748 inveniatur,
1225 1697 1382 1740 talibus
1415 1698 1543 1739 etiam
1575 1697 1691 1738 locus
1724 1695 1894 1737 concedi

171 1779 324 1829 potest.

310 1854 362 1894 4³}
399 1851 493 1893 Non
525 1850 610 1891 sint
631 1849 819 1891 moribus
843 1849 982 1903 asperi
1006 1853 1048 1891 et
1078 1848 1382 1900 intractabiles,
1415 1848 1490 1890 sed
1521 1847 1687 1900 ingenio
1711 1846 1763 1888 ad
1786 1846 1895 1888 litte-

172 1940 241 1969 ras
275 1929 317 1968 et
348 1926 548 1979 pietatem
580 1924 860 1966 hauriendam
893 1928 992 1977 apto
1026 1937 1074 1965 ac
1103 1936 1335 1978 propenso,
1376 1922 1618 1965 valetudine
1659 1924 1892 1976 praeterea,

172 2005 347 2045 externa
378 2001 516 2055 specie
548 2000 821 2054 corporisque
854 1999 1154 2042 constitutione
1186 1999 1471 2041 conveniente.

311 2084 363 2125 52}
406 2081 618 2125 Semestre
650 2082 775 2125 detur
806 2082 858 2124 ad
898 2094 1045 2124 eorum
1075 2081 1291 2134 ingenium
1322 2083 1365 2122 et
1402 2079 1585 2121 indolem
1616 2077 1894 2131 probandam,

173 2170 257 2211 quo
288 2157 489 2211 temporis
521 2158 658 2212 spatio
691 2163 862 2209 sumptu
895 2155 1108 2198 Pontificis
1140 2156 1205 2197 hic
1237 2155 1501 2210 victitantes,
1540 2154 1637 2199 licet
1669 2158 1767 2196 ante
1799 2166 1894 2195 con-

174 2233 352 2275 ditiones
384 2232 539 2274 habere
570 2232 647 2274 visi
679 2232 782 2287 sint,
816 2231 850 2272 si
882 2232 1039 2284 reperti
1071 2229 1227 2273 fuerint
1259 2230 1313 2272 ad
1345 2229 1608 2283 disciplinam
1640 2241 1720 2270 non
1754 2228 1894 2270 idonei

175 2309 241 2351 vel
272 2308 365 2362 alijs
400 2306 709 2349 conditionibus
753 2305 965 2360 destituti,
1004 2305 1111 2347 scire
1142 2305 1315 2360 debent,
1358 2305 1430 2358 qui
1471 2316 1542 2346 eos
1585 2302 1895 2357 commendant,

174 2384 286 2426 inter
331 2382 523 2425 alumnos
570 2394 653 2424 non
707 2393 799 2423 esse
850 2379 1133 2422 numerandos
1187 2379 1442 2432 domumque
1494 2377 1769 2420 remittendos
1821 2379 1897 2418 aut

176 2458 459 2511 dimittendos.

314 2534 366 2575 Θῆ
406 2532 575 2574 Victum
607 2534 650 2573 et
692 2534 838 2584 potum
882 2534 1050 2573 tantum
1090 2530 1308 2573 habebunt
1345 2528 1693 2581 commodamque
1733 2526 1897 2568 habita-

175 2609 331 2651 tionem
373 2607 533 2650 Summi
573 2605 786 2648 Pontificis
827 2606 1103 2659 liberalitate,
1151 2604 1354 2658 quamdiu
1401 2604 1442 2645 in
1484 2602 1718 2646 Seminario
1758 2604 1895 2643 erunt.

177 2683 425 2726 Vestientur
455 2685 677 2737 praeterea
708 2694 733 2723 a
764 2681 1011 2734 parentibus
1049 2680 1248 2734 honeste,
1289 2683 1338 2720 ut
1377 2678 1536 2720 nobiles
1576 2680 1619 2719 et
1656 2677 1897 2718 litterarum

179 2758 392 2800 studiosos
425 2757 565 2811 decet,
606 2768 689 2797 non
720 2756 869 2797 leviter
902 2767 949 2796 ac
981 2754 1162 2796 sordide.
1224 2754 1311 2795 Nec
1348 2755 1507 2807 ponant
1538 2755 1738 2806 parentes
1780 2763 1896 2804 spem

179 2833 220 2874 in
253 2832 514 2883 Seminario,
555 2831 676 2884 quasi
709 2830 761 2872 ab
793 2830 864 2871 illo
897 2829 1123 2884 vestiendi,
1163 2828 1334 2870 tametsi
1364 2828 1548 2881 pretium
1580 2826 1822 2868 reddituros
1853 2838 1898 2867 se

180 2907 442 2961 promittant.
505 2905 786 2948 Seminarium
819 2905 926 2946 enim
958 2903 1066 2945 hanc
1106 2916 1249 2945 curam
1281 2916 1363 2945 non
1401 2906 1540 2956 potest
1579 2914 1655 2944 nec
1691 2900 1898 2954 spondere

181 2995 257 3024 nec
289 2981 523 3035 suscipere,
564 2980 643 3022 nisi
675 2980 896 3033 pecuniam
930 2991 954 3020 a
985 2979 1234 3031 parentibus
1266 2977 1581 3032 suppeditatam
1622 2976 1664 3017 in
1696 2976 1894 3029 promptu

181 3059 348 3101 habeat.
413 3058 571 3109 Quodsi
601 3058 731 3111 igitur
762 3056 905 3111 quoad
936 3055 1135 3098 vestitum
1167 3066 1192 3094 a
1214 3053 1309 3095 Suis
1341 3053 1401 3094 ita
1432 3051 1696 3105 deserentur,
1729 3053 1778 3091 ut
1808 3062 1896 3092 sor-

184 3133 270 3175 didi
301 3146 349 3175 ae
380 3133 507 3175 laceri
538 3133 648 3174 inter
679 3132 783 3173 alios
806 3130 1094 3172 adolescentes
1117 3131 1400 3182 compareant,
1434 3139 1508 3168 nec
1530 3125 1676 3167 moniti
1700 3127 1897 3179 parentes
