2164 3535
687 181 868 226 Speisung
893 192 1010 216 armer
1036 179 1235 216 Studenten
1265 182 1362 215 1635.
1803 181 1883 222 247

306 325 343 364 5.
393 322 537 364 Voluit
568 321 678 363 idem
710 321 817 362 Rdus
849 320 977 362 Pater
1005 319 1279 372 praepositus
1312 318 1354 360 P.
1379 318 1623 360 Ministrum
1654 318 1886 370 invigilare,

168 403 216 440 ut
256 397 343 439 coci
385 399 426 439 01
473 397 739 450 dispensator
787 394 940 448 quibus
988 393 1193 435 incumbit
1233 392 1465 435 liberaliter
1502 392 1636 434 dictas
1673 392 1887 445 reliquias,

168 485 276 526 quae
317 485 397 514 non
442 470 638 513 videntur
680 483 754 523 pro
806 469 984 517 nostris,
1031 469 1072 509 in
1124 468 1249 509 ollam
1295 479 1531 521 pauperum
1577 466 1784 520 inijtziant:
1833 466 1888 508 Et

167 560 319 601 panem
350 546 421 599 qui
453 544 680 598 aliquando
713 544 808 585 hinc
839 543 936 585 inde
966 543 1223 597 indurescit,
1266 542 1368 584 dent
1398 541 1574 583 Ianitori
1606 541 1678 594 qui
1710 541 1887 583 scissum

168 622 231 663 vel
264 621 316 662 ad
349 620 611 672 singulorum
643 619 747 660 ollas
771 617 1013 667 distribuat,
1046 617 1110 658 vel
1132 617 1173 658 in
1201 629 1465 658 communem
1487 616 1528 658 in
1555 615 1693 658 culina
1715 616 1888 669 inijeiat,

167 700 210 738 et
241 695 318 736 hoc
350 694 529 735 maxime
562 692 709 735 diebus
743 691 895 744 quibus
927 704 1009 732 non
1043 691 1278 733 comeditur
1308 703 1418 733 caro.

305 782 341 822 6.
376 779 535 821 Diebus
568 779 746 833 veneris,
774 777 983 829 sabbathi,
1016 777 1282 824 ieiuniorum,
1316 781 1359 819 et
1380 790 1501 819 mane
1523 777 1887 831 quadragesimae,

166 854 381 909 praecepit
421 854 543 907 coqui
584 853 706 895 (110115
745 852 1010 905 Pauperibus
1053 851 1236 904 aliquem
1279 851 1417 893 cibum
1458 865 1506 893 ex
1547 852 1741 893 instituto
1785 852 1889 904 (nisi

166 930 369 983 reliquiae
391 928 583 970 sufficere
605 928 865 979 viderentur)
888 940 923 967 v.
947 939 984 979 g.
1009 926 1164 979 pultes,
1183 926 1288 980 pisa,
1310 926 1458 979 lentes,
1481 938 1620 981 rapas,
1644 926 1785 968 caules
1811 931 1889 968 etc.

168 1005 297 1048 etiam
327 1005 536 1047 iusculum
567 1003 713 1044 intrito
746 1014 854 1056 pane
887 1014 979 1044 cum
1013 1001 1126 1043 iusta
1157 1000 1424 1054 pinguedine.
1760 989 1769 997 ’

307 1093 344 1133 7.
393 1091 470 1142 Qui
514 1091 701 1145 praeerit
732 1090 880 1143 Pater,
923 1101 1050 1142 saepe
1091 1088 1216 1131 debet
1248 1088 1410 1143 videre,
1452 1091 1543 1129 tum
1576 1087 1617 1128 in
1650 1087 1786 1129 culina
1820 1088 1891 1139 (ad

168 1180 295 1221 quam
327 1166 453 1208 eundi
486 1179 535 1208 ea
566 1165 703 1208 solum
737 1165 788 1207 de
820 1177 949 1207 causa
981 1164 1091 1206 idem
1124 1165 1171 1206 R.
1206 1164 1249 1205 P.
1285 1164 1344 1205 illi
1384 1162 1499 1204 dedit
1537 1162 1769 1212 licentiam)
1803 1165 1892 1204 tuni

168 1242 221 1284 ad
253 1245 420 1295 portam
452 1244 499 1282 ut
532 1241 670 1282 omnia
703 1240 808 1282 bene
841 1243 884 1281 et
916 1239 1109 1281 ordinate
1140 1238 1254 1281 fiant.
1306 1239 1396 1289 Quo
1419 1240 1587 1291 spectat
1608 1239 1657 1278 ut
1677 1249 1760 1278 non
1783 1237 1894 1279 sinat

168 1317 301 1359 dictos
333 1328 542 1371 pauperes
574 1316 788 1358 studiosos
821 1316 967 1368 vagari
999 1314 1073 1357 sed
1106 1315 1139 1356 si
1174 1327 1257 1356 non
1290 1314 1541 1356 adversetur
1573 1316 1762 1367 tempus,
1794 1324 1892 1354 suas

168 1393 375 1447 repetant,
408 1395 450 1433 et
481 1391 704 1433 addiscant
735 1390 948 1432 lectiones.

306 1467 344 1508 N
361 1466 395 1508 B
415 1470 448 1508 1.
483 1466 670 1508 Subinde
693 1465 960 1508 examinandi
979 1469 1091 1517 sunt,
1114 1466 1261 1506 utrum
1282 1463 1554 1505 interfuerint
1575 1461 1782 1505 exercitiis
1804 1463 1895 1503 tum

168 1541 444 1595 scholasticis,
477 1545 567 1583 tum
599 1541 893 1595 spiritualibus
926 1544 975 1582 ut
1005 1553 1125 1583 sacro
1160 1544 1235 1582 aut
1259 1539 1601 1593 Congregationi,
1633 1551 1685 1580 an
1716 1536 1895 1581 confessi

168 1618 254 1660 sint
293 1617 380 1659 suis
421 1617 682 1671 temporibus
725 1620 767 1659 et
810 1616 892 1658 alia
929 1629 1038 1669 quae
1079 1615 1361 1658 examinanda
1393 1614 1617 1669 iudicabit,
1660 1613 1710 1656 de
1742 1612 1896 1666 quibus

169 1693 311 1745 agitur
343 1693 384 1734 in
416 1693 657 1746 Pauperum
690 1691 975 1733 Instructione
1006 1690 1053 1732 B.
1088 1691 1172 1745 §3

306 1779 344 1820 N
363 1779 448 1820 BL).
497 1779 659 1820 Ianitor
696 1778 767 1831 qui
801 1777 1018 1819 distribuit
1050 1776 1176 1819 debet
1207 1789 1299 1819 esse
1330 1776 1535 1818 sollicitus
1574 1780 1623 1818 ut
1652 1778 1824 1817 moneat
1854 1775 1896 1816 in

172 1854 311 1896 culina
342 1856 552 1906 quatenus
593 1853 710 1896 cibus
753 1854 807 1895 sit
845 1853 949 1894 bene
988 1851 1149 1894 calidus
1188 1856 1228 1894 et
1274 1852 1640 1906 Dispensatorem,
1679 1850 1758 1892 nisi
1799 1849 1897 1891 Coci

169 1928 350 1979 faciant,
396 1931 445 1970 ut
492 1928 564 1970 det
611 1927 771 1981 aliquid
817 1927 871 1969 ad
919 1927 1185 1980 coquendum
1237 1926 1386 1969 diebus
1433 1926 1587 1980 quibus
1634 1938 1716 1968 non
1765 1937 1896 1968 come-

171 2003 290 2045 ditur
321 2015 431 2045 caro.

312 2091 348 2132 N
366 2090 456 2131 133.
505 2090 648 2131 Pruna
688 2103 724 2131 v.
768 2102 805 2142 g.
840 2102 944 2143 pyra
977 2093 1119 2143 cocta,
1162 2101 1287 2141 poma
1318 2091 1360 2130 et
1391 2087 1632 2130 huiusmodi
1665 2087 1804 2142 acida,
1846 2099 1897 2128 ne

170 2166 427 2208 misceantur
459 2165 552 2206 aliis
585 2164 788 2220 reliquiis,
821 2164 895 2205 sed
926 2163 1066 2217 siquid
1099 2164 1184 2205 tale
1215 2167 1429 2218 superest,
1462 2163 1663 2205 iniectum
1694 2162 1736 2204 in
1769 2161 1894 2203 aliam

173 2241 312 2295 ollam,
345 2241 408 2282 vel
442 2240 636 2282 omnibus
673 2240 738 2281 vel
771 2239 980 2292 aliquibus
1013 2239 1307 2281 distribuatur.

309 2328 355 2369 B.
416 2325 705 2368 Instructio
760 2337 849 2378 pro
902 2325 1217 2378 pauperibus
1266 2325 1515 2367 studiosis
1564 2325 1635 2377 qui
1684 2323 1896 2366 ordinarie

172 2402 385 2455 accipiunt
417 2401 556 2444 cibum
589 2400 642 2442 ad
674 2404 842 2454 portam
876 2400 1035 2441 Domus
1068 2400 1289 2442 Professae
1322 2400 1520 2442 Viennae.

312 2479 348 2518 1.
397 2476 518 2518 Tales
562 2487 655 2517 esse
698 2475 851 2517 debent
894 2474 965 2527 qui
1008 2475 1116 2516 serio
1155 2478 1342 2517 tractent
1373 2474 1535 2529 studia,
1578 2476 1621 2516 et
1663 2474 1809 2515 eadem
1842 2472 1894 2515 ad

172 2552 373 2594 maiorem
406 2551 482 2592 Dei
515 2551 705 2604 gloriam,
738 2550 803 2591 vel
835 2550 876 2590 in
910 2549 1121 2591 communi
1153 2549 1217 2591 vel
1250 2549 1291 2590 in
1324 2549 1570 2602 particulari
1603 2549 1799 2600 dirigant.

310 2640 347 2679 2.
396 2637 561 2680 Debent
592 2650 683 2679 esse
715 2638 756 2678 in
791 2636 933 2689 aliqua
965 2635 1314 2690 Congregatione,
1346 2648 1456 2689 quae
1487 2635 1698 2678 habentur
1727 2635 1770 2677 in
1797 2634 1893 2677 Col-

173 2714 294 2768 10910,
325 2717 368 2755 01
399 2726 508 2766 (11130
539 2713 581 2754 111
613 2725 663 2755 03
693 2710 1042 2765 praescribuntur
1074 2710 1390 2752 accuratissime
1422 2723 1603 2752 servare.

312 2802 350 2842 3.
398 2800 583 2853 Singulis
616 2799 762 2841 diebus
802 2797 1042 2840 recitabunt
1085 2798 1308 2851 quinquies
1351 2798 1582 2840 orationem
1616 2796 1892 2849 Dominica1n‚

173 2879 214 2917 et
256 2875 382 2917 toties
425 2874 723 2917 salutationem
758 2873 1000 2925 Angelicam
1042 2885 1116 2925 pro
1149 2871 1447 2914 fundatoribus
1480 2874 1522 2914 01
1555 2871 1891 2913 benefactoribus

172 2950 276 2991 vivis
319 2952 362 2991 et
399 2949 606 2992 defunctis
641 2950 800 2991 Domus
834 2948 1078 2999 Professae,
1118 2947 1294 3000 singulis
1333 2950 1475 2989 autem
1506 2945 1781 2988 hebdomadis
1813 2958 1889 2997 pro

173 3024 321 3067 iisdem
360 3024 500 3066 dicent
534 3024 600 3066 die
632 3024 850 3067 Dominico
884 3035 1082 3065 coronam
1114 3025 1157 3064 et
1188 3022 1254 3064 die
1286 3021 1480 3064 sabbathi
1512 3020 1701 3062 Litanias
1735 3019 1891 3062 Laure-

175 3104 313 3155 tanas,
346 3099 410 3141 vel
443 3102 556 3141 certe
588 3099 679 3153 aliJs
713 3099 860 3141 diebus
893 3098 926 3139 51
959 3096 1232 3151 praescriptis
1264 3110 1346 3138 11011
1380 3096 1571 3138 dixerint.
