2164 3535
553 195 745 239 Catalogus
771 199 966 240 perpetuus
994 195 1111 229 Germ.
1140 194 1224 238 Sup.
1254 197 1419 229 1602—4.
1822 198 1845 236 7

265 337 508 378 Electorum
541 338 761 389 poetarum
793 348 891 388 pars
918 338 951 377 1.
1005 334 1205 376 Isocratis
1239 333 1384 376 Oratio
1418 333 1470 375 ad
1494 334 1768 376 Demonicum
1802 337 1846 376 et

128 411 351 454 Nicoclem.
386 410 606 463 Theognis.
668 410 815 452 Jacobi
848 409 1037 452 Gretseri
1069 408 1265 463 Syntaxis
1298 408 1471 451 Graeca.

182 487 237 529 In
272 486 317 528 1²}
353 485 708 527 Grammatica.

263 562 317 602 M.
353 560 474 613 Tullij
521 560 602 602 Cic.
637 559 690 601 ad
731 559 907 601 Lucium
940 560 993 611 (P)
1036 560 1229 601 Fratrem
1262 558 1490 612 Epistolae.
1554 558 1754 600 Eiusdem
1794 558 1846 600 de

126 636 320 678 amicitia.
384 634 671 676 Emmanuelis
703 634 890 685 Aluari¹)
923 633 1117 687 Syntaxis
1158 634 1332 687 plenior.
1394 633 1598 675 Prosodia
1640 635 1682 675 et
1720 634 1845 687 Figu-

124 724 208 753 rae.
280 711 324 752 P.
368 709 502 763 Ovidij
549 709 765 762 Epistolae
809 708 1049 763 selectae2)‚
1090 709 1312 762 posteriori
1361 709 1554 751 semestri
1596 709 1639 750 P.
1680 708 1841 762 Virgilij

124 786 318 839 Eclogae.

262 860 477 913 Epistolae
520 860 699 902 selectae
741 858 916 913 Synesij.
985 858 1074 901 Jac.
1115 858 1305 901 Gretseri
1343 858 1630 902 Grammatica
1668 859 1840 902 Graeca.

179 937 231 978 In
265 936 333 979 II?-
360 935 719 977 Grammatica.

259 1011 313 1052 M.
359 1010 479 1063 Tullij
524 1009 607 1052 Cic.
650 1009 938 1062 Epistolaruln
986 1008 1039 1051 ad
1081 1009 1327 1051 Familiares
1371 1009 1395 1050 l.
1434 1011 1451 1050 1
1493 1011 1536 1051 ct
1566 1011 1603 1051 2.
1675 1010 1843 1051 Emma-

122 1088 255 1130 nuelis
288 1088 434 1129 Aluari
467 1087 675 1141 Syntaxis.
737 1087 782 1128 P.
817 1086 950 1139 Ovidij
987 1086 1037 1128 de
1070 1085 1278 1128 Tristibus
1310 1085 1334 1126 l.
1371 1088 1406 1126 1.

260 1163 445 1205 Tabulae
483 1161 660 1204 Cebetis.
729 1161 878 1203 Jacobi
917 1160 1105 1203 Gretseri
1143 1160 1399 1203 Rudimenta
1438 1160 1609 1213 linguae
1642 1160 1839 1203 Graecae.

179 1239 233 1280 In
265 1238 356 1280 1112}
389 1237 769 1280 Grammatica.

261 1314 315 1355 M.
341 1313 462 1367 Tullij
498 1312 710 1355 Ciceronis
742 1312 994 1354 selectarum
1025 1311 1160 1365 Epist.
1194 1310 1263 1353 lib.
1292 1314 1326 1353 1.
1375 1311 1662 1354 Emmanuelis
1694 1311 1841 1354 Aluari

121 1388 188 1431 lib.
227 1391 260 1430 1.
296 1387 608 1430 Grammaticae
641 1400 734 1429 cum
766 1387 1085 1429 Introductione
1116 1385 1362 1440 Syntaxeos.

260 1463 323 1504 Ex
356 1463 621 1505 Rudimentis
654 1463 802 1505 Jacobi
835 1462 1024 1505 Gretseri
1062 1462 1361 1504 declinationes
1400 1462 1608 1516 simplices
1647 1466 1689 1504 et
1727 1462 1840 1504 nuda

120 1539 348 1581 uerborum
380 1539 694 1593 Barytonorum
726 1538 902 1580 inflexio.

176 1613 234 1656 In
267 1613 460 1656 ordine
491 1613 755 1656 inferiore
787 1613 915 1656 IIIa.e
947 1613 1336 1655 Grammaticae.
1401 1613 1707 1668 [Rudimenta]

255 1688 310 1730 M.
337 1688 458 1742 Tullij
484 1688 565 1731 Cic.
590 1689 724 1742 Epist.
749 1689 890 1731 select.
913 1688 982 1730 lib.
1003 1689 1040 1730 2.
1089 1687 1377 1730 Emmanuelis
1399 1688 1545 1730 Aluari
1568 1688 1835 1731 Rudimenta.

120 1788 168 1794 -
203 1763 484 1818 Alphabetum
518 1764 739 1807 Graecum.

256 1838 321 1880 Ad
357 1839 626 1892 quotidianas
665 1843 707 1881 et
744 1840 924 1882 usitatas
957 1840 1259 1892 Magistrorum
1291 1839 1601 1893 Explicationes
1639 1840 1838 1882 accedent

118 1914 410 1970 repetitiones,
458 1915 728 1971 scriptiones,
775 1915 1103 1969 disputationes,
1152 1915 1489 1957 Declamationes
1536 1914 1749 1968 publicae,
1797 1917 1838 1957 et

114 1990 309 2042 priuatae
341 1990 683 2040 exercitationes,
725 1990 878 2044 quibus
919 1990 1221 2043 discipulorum
1254 1991 1459 2032 excitetur
1491 1994 1534 2032 et
1566 1994 1745 2032 acuatur
1776 1990 1838 2031 in-

116 2065 290 2107 dustria.
355 2066 513 2108 Diebus
552 2070 693 2108 autem
727 2065 930 2108 Sabbathi
962 2065 1239 2119 Evangelium
1272 2065 1471 2107 Latinum
1509 2065 1550 2107 in
1583 2065 1744 2107 Scholis
1778 2065 1837 2107 in-

114 2140 357 2192 ferioribus3
398 2142 439 2183 in
480 2141 617 2196 prima
659 2145 801 2184 autem
834 2141 1121 2183 Grammatica
1153 2145 1195 2182 et
1226 2141 1503 2183 Humanitate
1537 2140 1761 2197 Graecum,
1794 2141 1835 2182 in

113 2215 339 2259 Rhetorica

321 2299 456 2351 primo
489 2312 597 2341 anno
630 2300 735 2341 Acta
766 2299 1077 2353 Apostolorum,

321 2374 504 2416 secundo
541 2388 558 2416 »
637 2377 687 2417 15¹·
716 2374 940 2428 panegyris
972 2373 1012 2418 S.
1048 2373 1279 2429 Chrysost..

322 2451 448 2492 tertio
541 2463 559 2493 »
633 2451 741 2493 Acta
772 2450 1086 2504 Apostolorum,

261 2577 287 2619 1)
313 2576 525 2611 Emmanuel
551 2577 704 2611 Alvarez
739 2576 771 2611 S.
798 2576 832 2610 J.
859 2575 1037 2620 (Madeira
1065 2577 1167 2619 1526,
1197 2577 1300 2619 1546,
1328 2577 1440 2617 1582).
1493 2575 1577 2610 »Als
1609 2575 1747 2610 Lehrer
1772 2576 1835 2610 der

120 2632 356 2668 lateinischen
398 2634 557 2678 Sprache
598 2634 735 2669 erwarb
774 2645 811 2668 er
852 2633 927 2668 sich
962 2633 1065 2667 einen
1099 2632 1422 2667 weitverbreiteten
1456 2631 1591 2678 Ruhm,
1626 2633 1697 2668 und
1735 2633 1833 2668 scine

120 2689 345 2725 Grammatik
379 2696 485 2726 unter
518 2691 598 2726 dem
630 2691 768 2726 Namen
802 2690 937 2735 ‚Alvari
969 2689 1176 2734 Principia‘⁷
1208 2690 1487 2733 ausgezeichnet
1513 2689 1626 2725 durch
1652 2691 1831 2725 Vollstan-

116 2746 254 2791 digkeit
291 2748 362 2783 und
396 2750 671 2794 zweckmassige
707 2749 952 2792 Erl‘auterung
984 2750 1050 2783 mit
1083 2748 1218 2783 Stellen
1251 2758 1315 2782 aus
1349 2747 1417 2782 den
1449 2748 1577 2793 Alten,
1614 2749 1832 2793 behauptcte

116 2806 221 2850 lange
260 2807 296 2840 in
336 2807 403 2842 den
437 2808 594 2843 Schulen
627 2809 684 2843 ein
723 2807 937 2842 classisches
971 2806 1173 2841 Ansehen.«
1224 2806 1353 2849 (Ersch
1391 2817 1424 2840 u.
1458 2805 1622 2848 Gruber.)
1681 2806 1832 2841 Alvarez

115 2862 205 2898 fusst
230 2863 295 2898 auf
317 2864 380 2899 der
398 2864 625 2899 Grammatik
651 2865 713 2900 des
739 2865 1003 2909 Despauterius
1031 2864 1148 2908 (Alost
1166 2867 1189 2909 †
1209 2868 1320 2904 1520).
1374 2864 1475 2899 Erste
1504 2864 1715 2908 Ausgaben:
1742 2864 1832 2898 Em-

114 2922 334 2956 manuelis
360 2922 515 2956 Alvari
548 2933 565 2957 e
587 2923 675 2957 Soc.
702 2922 811 2957 Jesu
846 2922 894 2957 de
927 2922 1227 2957 Institutione
1255 2921 1557 2956 Grammatica
1586 2921 1697 2956 libri
1730 2925 1830 2956 tres.

115 2977 327 3022 Olyssipone
348 2980 436 3015 1572
460 2983 526 3024 49,
552 2979 721 3024 Dilingae
741 2981 829 3016 1574
855 2983 922 3025 80,
949 2980 1111 3015 Venetiis
1132 2981 1217 3016 1575
1242 2984 1289 3024 49
1316 2983 1383 3016 526
1400 2991 1476 3025 pp.;
1504 2980 1624 3014 wurde
1649 2980 1831 3023 aufgelegt

114 3035 187 3070 und
220 3036 419 3071 bearbeitet
452 3037 487 3071 in
513 3037 607 3072 allen
641 3038 827 3082 Landern,
861 3038 972 3073 selbst
1003 3039 1039 3073 in
1070 3039 1191 3083 Japan
1224 3038 1415 3081 (Amacuxi
1443 3040 1554 3082 1594).
1612 3038 1830 3081 Wichtigste

116 3092 361 3137 Bearbeitung
393 3105 459 3129 von
490 3095 528 3129 P.
556 3096 756 3132 Torsellino
789 3097 936 3133 Genuae
966 3100 1069 3142 164&
1102 3098 1208 3132 letzte
1241 3096 1488 3139 Bearbeitung
1518 3096 1621 3130 Paris
1656 3098 1752 3131 1863.
1787 3116 1830 3120 -

114 3150 318 3195 Kehrbach‚
345 3151 435 3186 Plan
461 3152 493 3187 d.
519 3152 635 3187 MGP
663 3154 696 3188 S.
715 3157 769 3190 30.

255 3207 283 3252 2)
309 3208 392 3243 Cod.
419 3209 596 3255 Exempla
621 3212 764 3247 selecta.
