2164 3535
229 214 312 255 510
437 211 669 256 Einfuhrung
693 212 757 247 der
782 222 900 246 neuen
917 211 959 245 R.
987 216 1029 246 st.
1057 210 1094 245 in
1120 210 1185 245 der
1211 210 1501 246 oberdeutschen
1526 211 1630 247 Prov.
1652 214 1752 248 1834.
1827 201 1829 203 ¹

366 353 420 394 49
457 352 703 394 Praefectus
732 351 973 393 studiorum
1002 351 1215 394 examinat
1244 350 1437 393 alumnos
1467 352 1518 394 de
1540 364 1648 394 novo
1672 352 1960 406 advenientes,

230 426 301 480 qui
344 427 385 468 in
428 426 717 480 superioribus
759 427 812 468 ab
852 440 938 468 una
979 427 1113 469 classe
1156 426 1209 468 ad
1254 426 1379 468 aliam
1427 427 1657 469 transitum
1704 430 1876 481 petunt:
1926 427 1961 469 si

231 505 372 544 autem
406 502 638 544 adveniunt
670 501 723 543 ab
754 501 1024 544 inferioribus
1057 501 1111 543 ad
1144 501 1367 555 superiora
1390 502 1629 556 transituri,
1661 501 1959 544 examinantur

231 591 256 620 a
295 578 515 620 Praefecto
557 576 815 619 inferiorum.
891 577 1085 630 Utroque
1128 589 1229 619 casu
1273 577 1446 630 utrique
1489 590 1533 620 se
1575 590 1651 631 pro
1691 577 1964 631 inscriptione

231 653 386 695 sistant
409 655 600 706 oportet.

371 747 423 788 59
461 744 711 788 Studiorum
734 744 980 788 Praefectus
1013 745 1202 787 admittit
1237 745 1454 787 auditores
1483 745 1709 787 benevolos
1731 745 1773 787 in
1797 745 1964 788 Classes

232 822 485 875 superiores.
535 821 651 863 Alios
685 825 826 863 autem
861 821 1086 863 admittere
1119 834 1202 862 non
1233 821 1373 873 debet,
1406 833 1533 874 quam
1556 821 1629 874 qui
1651 821 1798 863 eadem
1821 820 1965 863 studia

226 898 315 951 Jam
363 901 630 952 peregerunt.
696 896 738 939 si
785 897 838 939 ob
885 898 1070 939 rationes
1119 909 1269 950 graves
1314 896 1439 937 aliter
1479 895 1568 938 fieri
1608 896 1731 938 subin
1770 899 1966 949 oportere

232 973 461 1029 videretur,
489 972 648 1026 judicio
682 972 874 1015 Rectoris
908 985 976 1014 res
1009 972 1249 1014 definiatur.

373 1066 636 1118 Quicumque
681 1069 886 1118 tanquam
925 1065 1116 1107 benevoli
1158 1064 1469 1118 admittuntur,
1512 1064 1756 1117 disciplinae
1806 1062 1967 1104 schola-

232 1142 377 1195 sticae,
410 1144 584 1194 excepta
617 1141 872 1193 obligatione
905 1141 1167 1193 repetitionis
1201 1141 1241 1181 in
1275 1140 1418 1181 schola
1451 1143 1493 1181 et
1516 1139 1769 1194 examinum,
1801 1139 1842 1180 in
1878 1151 1962 1179 om-

234 1217 357 1258 nibus
390 1216 584 1258 subsunt.

1055 1425 1148 1478 §a

337 1519 510 1560 Studia
551 1519 830 1573 superiora,
871 1531 1143 1572 eorumque
1188 1517 1526 1559 Professores
1567 1517 1861 1571 generatim.

380 1637 428 1677 19
471 1633 739 1676 Professores
771 1634 1039 1687 superiorum
1073 1633 1270 1675 classium
1306 1633 1358 1675 ad
1392 1633 1629 1687 profectum
1663 1632 1964 1686 discipulorum

236 1713 324 1752 tam
356 1710 396 1751 in
430 1710 583 1752 litteris
616 1722 743 1762 quam
776 1710 818 1750 in
852 1710 1011 1751 virtute
1049 1708 1296 1758 attendant3
1341 1708 1692 1751 exhortatitiones
1734 1708 1885 1750 saltem
1928 1707 1969 1748 in

238 1785 389 1838 vigiliis
423 1785 723 1827 solemniorum
755 1785 961 1826 festorum
994 1784 1163 1826 faciant.
1227 1784 1345 1837 (Reg.
1373 1784 1397 1825 3
1431 1782 1541 1825 Prof.
1576 1785 1698 1836 sup).

378 1883 468 1924 Imo
501 1883 535 1924 si
567 1883 721 1925 alicubi
752 1896 842 1924 mos
875 1883 944 1935 sit,
977 1886 1025 1924 ut
1057 1882 1185 1924 semel
1216 1882 1257 1923 in
1282 1882 1559 1924 Hebdomade
1590 1883 1631 1924 in
1664 1881 1969 1936 superioribus,

240 1958 598 2011 quemadmodum
630 1958 671 1999 in
704 1958 990 2013 inferioribus,
1024 1957 1259 1999 exhortatio
1295 1957 1516 2009 habeatur„
1547 1958 1581 1999 is
1616 1957 1874 2000 retinendus.

379 2053 431 2093 29
473 2051 718 2093 Orationem
752 2055 850 2093 ante
882 2051 1068 2093 scholam
1102 2051 1154 2093 ab
1187 2064 1269 2092 uno
1293 2051 1597 2104 discipulorum
1630 2051 1799 2094 recitari
1832 2054 1967 2104 curet,

240 2138 418 2179 eamque
448 2126 538 2180 ipse
572 2130 721 2180 aperto
759 2127 896 2180 capite
929 2126 1047 2179 (Reg.
1073 2127 1097 2168 2
1130 2125 1241 2168 Prof.
1276 2128 1387 2180 sup.)
1422 2130 1465 2169 et
1496 2126 1688 2180 discipuli
1719 2126 1760 2168 in
1782 2126 1873 2169 loco
1895 2138 1971 2169 suo

240 2204 404 2244 stantes
437 2201 626 2243 audiant.

379 2289 432 2331 39
474 2288 693 2331 Praefecto
727 2288 966 2331 studiorum
998 2289 1040 2330 in
1072 2289 1220 2341 rebus⁷
1253 2302 1362 2343 quae
1395 2289 1448 2331 ad
1481 2289 1624 2332 studia
1655 2292 1698 2332 et
1730 2289 1969 2332 scholarum

242 2363 506 2416 disciplinam
528 2368 739 2417 spectant,
772 2364 1040 2407 Professores
1071 2365 1311 2417 superiores
1336 2365 1648 2418 obtemperent3
1682 2365 1971 2408 conclusiones

243 2452 386 2482 omnes
428 2439 564 2482 eidem
606 2440 781 2482 tradant
825 2439 1186 2493 recognoscendas
1230 2440 1351 2492 (Reg.
1381 2442 1407 2481 4
1445 2440 1556 2481 Prof.
1600 2444 1726 2493 sup).
1797 2440 1973 2482 Conclu-

242 2515 370 2557 sionis
403 2514 569 2556 nomine
600 2514 874 2567 intelligimus
908 2516 950 2556 et
981 2514 1213 2557 sententias
1248 2528 1272 2556 a
1303 2514 1547 2557 Professore
1589 2515 1630 2556 in
1670 2515 1814 2557 schola
1853 2518 1973 2557 tuen-

244 2589 334 2645 das,
367 2593 410 2631 et
440 2589 581 2632 theses
615 2589 893 2643 disputationi
926 2589 1236 2643 proponendas,
1270 2594 1312 2632 et
1344 2590 1613 2642 quaestiones
1647 2590 1862 2644 discipulis
1894 2602 1969 2643 pro

244 2665 433 2706 examine
466 2664 709 2706 tradendas.

383 2754 435 2794 49
477 2751 726 2793 Lectionum
758 2752 966 2794 rationem
998 2752 1166 2806 saepius
1199 2752 1380 2805 exigant.
1445 2753 1564 2806 (Reg.
1594 2755 1638 2794 11
1679 2753 1824 2806 Com).

384 2846 435 2886 59
473 2844 679 2897 Regulam
717 2844 1005 2895 undecimam,
1044 2857 1154 2897 quae
1186 2845 1358 2893 statuit‚
1404 2850 1452 2887 ut
1482 2849 1734 2899 praeceptor
1766 2848 1862 2899 post
1892 2846 1970 2888 lec-

244 2920 402 2962 tionem
434 2932 565 2973 prope
597 2919 781 2961 scholam
816 2923 986 2961 maneat
1018 2920 1235 2973 discipulis
1268 2933 1569 2974 responsurus„
1603 2925 1793 2975 servent,
1826 2921 1860 2962 si
1892 2921 1970 2962 loci

252 2997 294 3037 et
325 2995 590 3048 tempestatis
625 2995 733 3036 ratio
765 2994 807 3035 id
838 2994 928 3037 fieri
951 2995 1161 3048 patiatur:
1197 2995 1277 3037 nisi
1308 2995 1449 3037 forsan
1483 3008 1553 3038 eos
1586 2996 1626 3037 in
1650 2995 1840 3037 cubiculo
1873 2996 1975 3037 reci-

247 3069 410 3123 piendis
443 3070 653 3113 extraneis
687 3069 897 3111 destinato
931 3070 1058 3123 recipi
1090 3074 1291 3123 praestet.
1361 3070 1604 3113 Curandum
1637 3074 1777 3112 tamen
1817 3083 1842 3112 a
1872 3071 1974 3113 Rec-

247 3148 360 3198 tore,
394 3149 440 3186 ut
472 3148 588 3186 certa
618 3144 723 3186 hora
755 3148 993 3201 statuatur,
1038 3150 1159 3188 extra
1198 3158 1325 3199 quam
1358 3146 1551 3198 magistri
1584 3159 1607 3187 a
1641 3145 1856 3199 discipulis
1890 3158 1972 3187 non
