2164 3535
291 269 346 308 74
688 265 938 310 Stundenplan
964 265 1000 299 in
1026 265 1090 299 der
1117 263 1442 299 osterreichischen
1468 264 1630 299 Provinz.

427 405 463 448 A
509 406 699 449 Meridie.
780 410 816 449 1.
855 410 898 449 et
937 408 974 448 2.
1025 406 1257 448 Lectiones.
1343 405 1557 448 Cori-ectio
1605 405 1780 449 alterius
1827 406 2015 449 Scholae.
2070 392 2073 395 ¹

289 483 326 524 3.
352 485 394 523 et
414 483 452 523 4.
487 482 672 524 Dictatio
696 482 911 525 Thematis
935 481 1179 524 communis.
1228 483 1265 523 5.
1291 483 1333 524 et
1359 483 1394 523 6.
1430 481 1633 537 Examen,
1663 481 1729 524 vel
1751 495 1800 524 ex
1823 481 2015 525 authore.

289 557 484 612 Utroque
515 557 731 611 quadrans
766 570 898 611 unus3
933 557 997 599 vel
1029 557 1231 600 Historia.

691 733 786 775 Pro
826 732 1028 788 diebus,
1060 731 1243 786 quibus
1276 731 1614 785 componitur.

430 828 463 867 1.
490 827 527 866 2.
562 824 794 868 Lectiones.
859 826 896 867 3.
932 825 1116 868 Dictatio
1147 825 1361 867 Thematis
1394 825 1639 868 communis.
1702 824 1882 878 Reliquo
1916 827 2020 866 tem-

292 913 392 954 pore
424 900 686 954 compositio.

426 976 459 1017 A
492 975 682 1018 Meridie.
754 979 788 1018 1.
824 976 1058 1019 Lectiones.
1129 978 1166 1016 Q.
1200 975 1385 1017 Dictatio
1421 975 1648 1018 Theinatis.
1719 976 1755 1016 3.
1782 976 1820 1017 4.
1854 974 2021 1017 Author

289 1051 542 1105 Superioris.
605 1054 644 1094 5.
671 1054 708 1093 6.
742 1052 909 1094 Author
940 1051 1192 1094 Inferioris·

912 1226 1118 1268 Diebus
1160 1225 1406 1268 Veneris.

429 1320 552 1361 Mane
584 1323 631 1361 ut
664 1319 744 1370 die,
776 1332 861 1373 qua
894 1332 975 1361 non
1010 1318 1291 1372 componitur.

426 1395 462 1436 A
495 1395 682 1437 Meridie.
751 1398 784 1436 1.
809 1396 852 1437 et
874 1396 911 1436 2.
957 1395 1190 1451 Lectiones.
1255 1393 1431 1447 Reliquo
1476 1396 1665 1447 tempore
1704 1392 1939 1447 Explicatio
1978 1396 2021 1435 et

292 1470 539 1524 compositio
573 1471 748 1513 Graeca.

891 1621 1097 1663 Diebus
1140 1620 1421 1662 Sabbathi.

434 1716 467 1754 1.
488 1718 531 1755 et
547 1715 583 1754 ·2.
618 1714 852 1755 Lectiones.
893 1715 930 1754 3.
951 1719 993 1755 et.
1011 1715 1047 1754 4.
1080 1713 1349 1755 Concertatio
1372 1727 1419 1756 ox
1438 1714 1680 1768 Praeceptis
1736 1716 1772 1754 5.
1793 1717 1836 1755 et
1853 1715 1888 1754 6.
1915 1714 2020 1756 Con—

293 1792 471 1830 certatio
504 1802 552 1830 ex
585 1789 788 1831 Authore.
853 1792 887 1830 7.
915 1792 957 1830 et
980 1790 1017 1830 8.
1053 1789 1115 1829 Ex
1150 1789 1349 1830 Historia.

430 1864 463 1905 A
497 1864 686 1912 Meridie,
719 1865 956 1914 Lectiones,
989 1864 1176 1906 Dictatio
1209 1864 1436 1917 Thematis,
1470 1864 1761 1907 Catechismus

431 2130 492 2171 An
537 2130 651 2171 einer
683 2130 866 2172 anderen
901 2131 1030 2173 Stelle
1065 2131 1322 2183 (Instructio
1355 2144 1392 2184 p.
1423 2132 1496 2177 16)
1530 2130 1723 2172 bemerkt
1754 2130 1798 2172 P.
1834 2130 2021 2183 Wagner

291 2217 384 2246 vom
418 2205 737 2247 Griechischen:

431 2280 535 2322 Cum
569 2280 731 2323 Graeca
753 2281 917 2334 Lingua
950 2282 1003 2323 ad
1037 2282 1195 2324 solidae
1227 2282 1497 2324 litteraturae
1529 2282 1697 2323 laudem
1731 2280 2018 2335 aspirantibus

292 2368 373 2397 non
407 2360 492 2397 tam
527 2355 663 2411 utilis,
701 2369 830 2409 quam
862 2357 1122 2404 necessaria.
1164 2358 1331 2411 privato
1364 2358 1529 2406 studio,
1563 2362 1603 2399 et
1636 2370 1719 2398 una
1752 2356 2020 2399 contentione

293 2430 437 2483 citius,
477 2444 603 2484 quam
646 2431 771 2473 lentis
814 2432 1109 2485 progressibus
1152 2433 1190 2475 in
1233 2434 1380 2475 schola
1422 2433 1523 2475 disci
1566 2432 1720 2485 possit:
1769 2436 1811 2473 et
1848 2435 2019 2473 nostrae

291 2506 529 2549 Iuventutis
562 2508 713 2560 vulgus
748 2508 813 2548 vix
845 2507 997 2550 adduci
1032 2509 1189 2561 possit,
1224 2514 1270 2550 ut
1304 2508 1510 2557 volentes,
1544 2507 1809 2560 libente-sque
1841 2519 2020 2560 graecae

292 2582 505 2629 studeant,
539 2582 782 2624 retinendus
816 2586 880 2624 est
912 2595 1001 2625 mos
1026 2583 1272 2625 Provinciae
1304 2587 1475 2624 nostrae
1509 2581 1713 2624 hactenus
1740 2582 1938 2637 usitatus,
1971 2585 2020 2623 ut

293 2657 468 2708 singulis
501 2657 648 2699 diebus
672 2657 848 2699 Veneris
872 2656 1063 2699 Gretseri
1096 2659 1329 2711 Praecepta
1361 2670 1514 2710 graeca
1547 2657 1840 2711 explanentur,
1873 2660 1916 2698 et
1947 2656 2020 2698 ali-

293 2732 394 2784 quid
428 2732 651 2774 scribatur.
714 2733 805 2775 Nisi
837 2734 1019 2775 fortasse
1052 2734 1239 2786 quipiam
1272 2746 1320 2775 ex
1351 2732 1612 2774 Academicis
1645 2732 1843 2785 privatim
1875 2744 1899 2773 a
1929 2731 2019 2774 Ma-

294 2806 426 2858 gistro
458 2807 620 2850 institui
653 2808 731 2861 ipsi
764 2811 969 2861 peterent.
