2164 3535
506 209 700 252 Catalogus
726 211 922 252 perpetuus
950 206 1068 239 Germ.
1096 204 1181 247 Sup.
1211 205 1376 238 1602-4,
1772 202 1795 242 3

79 350 275 405 Polyaeni
309 349 635 402 Strategemata.
976 344 1104 387 Silius
1136 342 1325 386 Italicus.

79 426 250 468 Persius
359 427 371 516 Ι
976 421 1186 462 Lucanus.

80 500 301 542 Juuenalis
374 520 377 524 ·
424 499 611 551 Purgati.
976 495 1146 536 Tacitus
1180 493 1231 535 de
1262 492 1449 534 moribus
1482 491 1677 532 German.

80 576 288 617 Martialis
361 526 373 619 Ι
977 570 1094 611 Idem
1147 569 1197 611 de
1242 567 1387 609 causis
1439 569 1665 618 corruptae
1718 565 1800 607 elo-

81 650 220 691 Plauti
252 648 431 702 Captiui.
497 647 741 689 Trinumini.
1066 644 1275 697 quentiae.

81 724 403 778 Epigrammata
420 720 904 773 etAnthologiaselecta.
978 719 1167 760 Selectae
1199 717 1400 771 epistolae
1434 716 1628 758 Senecae.

81 800 338 851 Fragmenta
360 797 618 838 Graecorum
641 795 906 837 Comicorum
980 793 1179 835 Eiusdem
1218 793 1268 834 de
1301 791 1616 846 Consolatione,
1656 790 1719 832 vel
1753 791 1803 832 de

168 877 212 915 et
242 872 501 925 Lyricorum.
1065 867 1290 921 beneficijs,
1322 868 1387 909 vel
1420 868 1470 909 de
1502 868 1577 909 ira.

83 948 267 990 Velleius
299 946 561 988 Paterculus.
979 943 1350 997 Apophthegmata
1384 941 1573 983 Manutii.

83 1023 321 1064 Fenestella
352 1021 403 1062 de
435 1020 770 1072 Magistratibus.
981 1019 1124 1061 Cicero
1158 1018 1209 1060 de
1240 1021 1395 1059 natura
1425 1017 1627 1059 Deorum.

86 1098 278 1140 Valerius
310 1098 530 1140 Maximus.
980 1094 1141 1136 Seneca
1172 1094 1389 1146 Tragicus.

89 1412 405 1466 Schreiben
444 1412 543 1466 des
584 1411 1041 1465 oberdeutschen
1075 1408 1431 1462 Provinzials
1464 1403 1806 1478 Roseffius³)

85 1510 228 1564 iiber
273 1510 380 1563 den
414 1508 733 1584 Catalogus
776 1508 1236 1582 quinquennalis.
1325 1509 1414 1560 25.
1442 1506 1605 1579 April
1641 1506 1808 1559 1604.

782 1609 902 1653 (Ibin.
928 1609 1000 1643 fol.
1028 1607 1112 1651 24.)

478 1679 788 1721 Reverendis
821 1679 867 1720 in
901 1678 1040 1720 Chro.
1074 1678 1316 1719 Patribus
1348 1680 1425 1719 etc.

225 1795 401 1845 Quando
442 1795 583 1848 elapso
623 1807 763 1837 mense
805 1794 957 1835 Martio
999 1793 1303 1846 Ingolstadium
1346 1792 1398 1833 ad
1438 1804 1504 1833 me
1546 1792 1717 1833 euocavi
1759 1805 1808 1833 ex

87 1870 265 1911 diuersis
299 1870 495 1922 Collegijs
528 1870 675 1911 Patres
707 1869 934 1911 Priinarios
976 1873 1017 1910 et
1049 1869 1089 1909 in
1123 1868 1274 1920 studijs
1306 1867 1625 1909 humanioribus
1659 1867 1729 1908 diu
1767 1870 1809 1908 et

87 1945 190 1986 bene
228 1949 441 1997 versatos,
481 1948 525 1986 vt
569 1945 680 1986 inter
717 1958 760 1987 se
798 1944 1035 1986 conferrent
1067 1944 1117 1985 de
1150 1944 1273 1986 modo
1307 1948 1349 1985 et
1380 1944 1543 1985 ratione
1574 1944 1807 1996 exequendi

87 2024 160 2071 ea,'
182 2033 290 2073 quae
313 2021 359 2062 R.
386 2021 429 2062 P.
454 2021 503 2062 N.
529 2020 745 2062 Generalis
779 2021 889 2062 circa
920 2020 1124 2062 rationem
1158 2020 1395 2061 studiorum
1421 2019 1521 2060 mihi
1546 2019 1808 2072 disponenda

88 2100 130 2137 et
182 2096 425 2148 exequenda
470 2096 716 2149 reliquerat:
777 2096 963 2137 fecerant
1016 2095 1058 2136 id
1111 2095 1280 2148 quidem
1334 2095 1580 2147 diligenter,
1626 2107 1805 2147 quorum

91 2170 245 2211 iudicia
278 2173 320 2212 et
351 2172 581 2213 sententias
614 2171 872 2213 examinatas
905 2184 986 2213 non
1020 2171 1137 2224 potui
1170 2183 1251 2212 non
1285 2170 1476 2224 probare.
1536 2170 1631 2211 Misi
1664 2170 1808 2223 itaque

89 2247 140 2287 29
176 2245 332 2299 Aprilis
375 2258 456 2287 vna
497 2259 592 2288 cum
632 2246 784 2288 litteris
827 2246 929 2288 meis
974 2246 1260 2288 ordinationes
1299 2258 1322 2287 a
1364 2258 1429 2287 me
1469 2245 1725 2299 approbatas
1767 2249 1809 2286 et

226 2397 252 2438 1)
288 2395 425 2438 Gregor
459 2395 637 2429 Roseffius
677 2395 773 2439 (geb.
806 2395 994 2430 Landshut
1029 2398 1132 2439 1538,
1173 2396 1323 2438 eingetr.
1364 2395 1399 2428 in
1439 2394 1507 2429 den
1548 2395 1667 2429 Orden
1710 2398 1807 2435 1559,

90 2459 176 2497 gest.
198 2455 297 2496 1623)
325 2453 465 2488 schrieb
491 2458 596 2487 unter
622 2453 701 2487 (lem
719 2452 945 2497 Pseudonym
965 2453 1202 2497 Christophor
1229 2453 1463 2487 Rosenbusch
1487 2464 1600 2496 gegen
1620 2452 1807 2487 Osiander.

90 2510 348 2545 Handschriftl.
375 2510 547 2545 deutsche
575 2509 769 2553 Predigten
802 2510 838 2544 in
872 2510 935 2544 der
960 2510 1109 2544 Wiener
1140 2509 1303 2544 Hofbibl.
1354 2510 1428 2544 Fur
1454 2511 1633 2546 Weiteres
1669 2512 1718 2545 sei
1753 2522 1808 2545 so-

89 2567 182 2602 wohl
215 2568 303 2602 siber
336 2568 397 2601 ihn
436 2568 488 2602 als
523 2567 615 2602 auch
649 2567 737 2602 iiber
776 2568 833 2602 die
873 2568 908 2601 in
949 2568 1012 2602 der
1043 2568 1154 2612 Folge
1195 2569 1493 2603 vorkommenden
1530 2569 1695 2604 Jesuiten
1732 2581 1808 2604 ver-

90 2625 221 2659 wiesen
247 2626 312 2660 auf
335 2625 511 2660 Sotvellus
540 2625 766 2659 Bibliotheca
785 2626 1007 2669 Scriptorum
1035 2626 1111 2660 Soc.
1129 2625 1219 2660 Jesu
1237 2625 1372 2660 Romae
1401 2627 1487 2661 1676
1512 2626 1641 2670 (hierin
1668 2626 1726 2661 fur
1751 2627 1807 2661 die

90 2683 226 2717 alteren
264 2683 429 2718 Jesuiten
472 2683 564 2717 auch
602 2684 693 2726 jetzt
733 2684 825 2717 noch
863 2683 926 2718 das
969 2684 1069 2718 beste
1115 2684 1469 2728 biographische
1506 2684 1695 2727 Material)
1736 2685 1806 2718 und

91 2740 133 2774 de
161 2740 302 2775 Backer
328 2741 582 2784 Bibliotheque
609 2740 671 2775 des
698 2741 874 2775 ecrivains
901 2741 943 2775 de
970 2742 1004 2775 la
1030 2742 1150 2786 Comp.
1177 2742 1219 2776 de
1245 2742 1364 2776 Jesus.
1416 2741 1527 2785 Liege
1557 2743 1644 2777 1876
1675 2746 1696 2777 3
1722 2743 1807 2776 vol:

92 2797 134 2832 de
160 2798 301 2832 Backer
329 2799 394 2832 irrt
419 2798 477 2832 bei
503 2799 582 2832 dem
608 2798 751 2833 Artikel
778 2799 1224 2834 R-osenbusch-Roseffius
1251 2800 1313 2843 III⁷
1339 2802 1425 2843 3363
1475 2799 1578 2833 einen
1605 2799 1807 2833 Provinzial

92 2855 287 2900 Christoph
312 2856 547 2890 Rosenbusch
580 2858 643 2891 hat
675 2868 713 2892 es
739 2858 842 2891 nicht
868 2857 1044 2901 gegeben,
1086 2857 1157 2891 und
1185 2857 1241 2892 die
1267 2857 1326 2891 fiir
1352 2856 1545 2900 Christoph
1570 2856 1805 2891 Rosenbusch

92 2914 347 2957 angegebenen
373 2914 490 2948 Daten
517 2925 648 2958 passen
674 2926 741 2949 nur
767 2915 832 2948 auf
853 2914 991 2958 Gregor
1017 2914 1206 2949 Roseffius.
1256 2915 1376 2958 Vergl.
1404 2914 1512 2948 Veith
1537 2914 1628 2948 Bibl.
1655 2915 1807 2957 August.

93 2971 134 3014 V,
164 2971 269 3006 182ff.
321 2971 460 3016 Braun,
496 2972 624 3007 Gesch.
659 2972 721 3007 des
754 2972 977 3016 Kollegiums
1011 2972 1074 3007 der
1107 2973 1274 3007 Jesuiten
1307 2973 1342 3006 in
1374 2972 1576 3015 Augsburg.
1625 2971 1806 3005 Munehen

95 3031 193 3072 1822.
220 3029 252 3063 S.
277 3030 339 3064 177
351 3029 373 3064 f,
416 3030 483 3063 Die
501 3041 592 3064 neue
618 3030 1014 3075 bibliographisch
1040 3030 1319 3074 vollstandigere
1338 3029 1490 3073 Auflage
1508 3040 1575 3063 von
1593 3029 1635 3063 de
1656 3029 1807 3072 Backer⁷

95 3086 152 3120 die
178 3086 433 3130 Bibliotheque
461 3087 503 3121 de
530 3088 565 3121 la
589 3088 808 3132 Compagnie
835 3088 876 3122 de
901 3088 1010 3123 «Iesus
1038 3099 1102 3122 von
1130 3088 1168 3122 P.
1196 3088 1232 3122 C.
1260 3087 1534 3130 Sommermgel,
1560 3086 1616 3120 die
1643 3087 1734 3120 noch
1760 3086 1806 3119 im

98 3144 320 3179 Erscheinen
348 3145 520 3188 begriffen
547 3146 609 3190 ist,
643 3145 792 3180 umfasst
816 3146 932 3183 (Ende
962 3149 1062 3189 1892)
1089 3146 1124 3179 in
1149 3149 1170 3180 3
1197 3145 1261 3179 vol.
1289 3144 1432 3179 A-Gz.

1539 3215 1579 3248 1*
