2164 3535
398 228 535 272 Regeln
561 228 619 262 fur
644 227 827 272 Begleiter
853 236 920 261 von
945 226 1144 270 Zoglingen
1169 225 1235 260 auf
1255 224 1508 260 Ferienreisen
1538 227 1638 260 1828.
1804 228 1888 268 385

162 381 210 411 36
252 369 345 411 ideo
379 368 671 422 circumspecti
703 368 789 410 sint
821 366 971 419 duces,
1013 379 1085 421 ne,
1126 365 1226 408 dum
1252 366 1457 419 juvenum
1491 365 1727 408 curiositati
1760 365 1889 417 grati-

161 443 277 486 ficari
310 443 470 499 volunt,
502 443 671 485 illorum
703 455 841 485 mores
874 454 922 484 ac
952 440 1235 484 innocentiam
1266 440 1309 482 in
1342 439 1566 483 discrimen
1599 439 1826 482 adducant.

299 537 338 579 4.
385 535 433 576 In
465 534 671 590 hospitiis,
706 547 815 587 quae
846 547 1013 588 semper
1034 533 1277 577 honestiora
1298 536 1399 576 sunt
1420 532 1627 587 eligenda,
1659 532 1888 586 praecipue

163 609 400 663 attendant,
432 622 483 650 ne
509 610 687 662 juvenes
719 613 1002 663 exponantur:
1041 622 1188 664 quare,
1220 621 1314 651 cum
1348 607 1610 662 advenerint,
1642 607 1786 648 statim
1818 619 1888 648 cu-

164 684 348 726 biculum
380 685 624 737 separatum
656 686 817 738 petant,
850 684 893 725 in
925 696 1008 736 quo
1042 696 1184 726 omnes
1215 682 1340 725 simul
1373 681 1535 725 collecti
1566 694 1737 724 mensae
1769 694 1888 735 prae-

164 758 428 812 parationem
460 761 718 813 exspectent,
751 770 804 799 ne
837 757 1143 811 circumvagari
1175 771 1251 811 per
1272 757 1458 814 domum,
1488 770 1565 800 nec
1588 769 1683 800 cum
1705 756 1890 800 externis

164 833 280 886 loqui
314 833 639 887 permittantur,
681 832 755 875 sed
788 832 930 886 potius
963 832 1216 874 adnotandis
1249 832 1322 888 iis,
1363 845 1472 886 (11136
1503 831 1702 875 viderunt
1740 844 1894 874 memo-

165 912 261 950 ratu
294 907 439 960 digna,
479 907 643 949 interea
674 910 953 960 occupentur:
996 906 1037 948 in
1069 905 1180 948 hunc
1211 906 1336 949 finem
1370 906 1549 959 quilibet
1581 907 1737 950 habeat
1767 919 1893 949 suum

165 982 365 1036 libellum,
397 982 439 1024 in
471 994 554 1035 quo
587 981 690 1023 talia
721 981 898 1023 adnotet
927 994 1021 1023 cum
1053 980 1362 1036 reflexionibus,
1393 981 1428 1022 si
1459 993 1568 1034 quae
1597 985 1836 1024 occurrant.

304 1076 341 1115 5.
389 1074 471 1116 Pro
503 1077 626 1116 110616
657 1077 806 1116 curent
826 1073 1035 1116 Praefecti
1067 1073 1224 1116 habere
1252 1073 1448 1116 cubicula
1469 1074 1644 1129 majora,
1676 1074 1716 1115 in
1740 1074 1894 1127 quibus

167 1149 312 1203 plures
345 1149 484 1203 simul,
518 1149 591 1191 sed
624 1149 833 1202 separatis
862 1161 1030 1202 semper
1050 1148 1182 1203 lectis,
1214 1151 1538 1201 pernoctentur:
1572 1148 1749 1202 quilibet
1770 1148 1896 1190 Prae-

166 1224 300 1266 fectus
333 1224 501 1266 turbam
534 1224 720 1277 aliquam
753 1226 957 1279 assumat,
990 1227 1045 1278 et,
1077 1223 1111 1266 si
1144 1223 1407 1266 convictores
1439 1224 1517 1266 soli
1549 1224 1590 1265 in
1613 1223 1753 1277 aliquo
1778 1223 1893 1265 cubi-

168 1299 260 1341 culo
302 1311 393 1341 esse
433 1298 656 1353 deberent,
700 1298 866 1341 nonnisi
908 1298 1162 1342 maturiores
1203 1311 1252 1342 ac
1293 1299 1544 1354 prudentes,
1587 1299 1741 1352 quibus
1780 1302 1895 1341 certo

166 1373 295 1416 fidere
326 1374 503 1428 possint,
536 1373 591 1415 ibi
624 1373 878 1426 relinquant.

307 1467 344 1507 6.
394 1466 554 1507 Curent
594 1465 824 1520 Praefecti,
867 1467 914 1507 ut
948 1466 1126 1519 juvenes
1168 1466 1345 1519 singulis
1388 1466 1535 1508 diebus
1577 1479 1655 1508 sua
1695 1466 1893 1508 exercitia

167 1541 406 1595 spiritualia
448 1544 645 1582 accurate
683 1542 911 1593 peragant,
952 1541 1131 1594 illosque
1173 1541 1292 1584 bonis
1325 1541 1545 1595 colloquiis
1576 1541 1617 1582 in
1651 1541 1801 1583 itinere
1834 1554 1896 1582 re-

170 1620 332 1669 creent,
365 1616 451 1657 51111
481 1614 683 1670 modesti,
723 1615 863 1657 civiles
896 1628 944 1657 ac
975 1615 1081 1657 bene
1113 1616 1275 1671 vestiti,
1315 1616 1425 1659 inter
1456 1629 1548 1658 sese
1578 1616 1678 1658 laeti
1710 1616 1895 1669 quidem,

168 1691 241 1732 sed
291 1703 384 1732 cum
436 1690 619 1743 quodam
662 1693 858 1743 respectu
900 1694 1227 1746 conversentur,
1274 1693 1322 1732 ut
1363 1691 1502 1733 itineri
1544 1691 1673 1733 etiam
1714 1704 1763 1732 ex
1805 1691 1897 1743 ipsa

169 1765 371 1806 societate
403 1777 511 1806 nova
544 1765 752 1818 quaedam
785 1764 1009 1807 delectatio
1042 1770 1085 1807 et
1116 1766 1351 1808 amoenitas
1384 1766 1569 1808 accedat.

617 2042 641 2094 ξ
674 2042 712 2082 3.
774 2041 905 2083 Post
941 2041 1052 2084 iter
1089 2040 1453 2083 observanda.

312 2157 347 2196 1.
392 2155 570 2198 Iuvenes
613 2155 757 2198 statim
789 2155 979 2198 scribant
1010 2155 1063 2198 ad
1094 2156 1317 2211 Parentes,
1361 2160 1409 2198 ut
1440 2156 1532 2198 illos
1565 2157 1764 2198 certiores
1800 2157 1892 2199 red-

172 2230 275 2271 dant
307 2229 358 2271 de
388 2242 467 2271 sua
498 2230 740 2272 valetudine
771 2243 819 2272 36
850 2230 1153 2285 incolumitate,
1186 2243 1234 2273 ac
1265 2231 1540 2287 promittant,
1571 2244 1617 2273 se
1649 2232 1893 2285 ampliorem

172 2305 358 2358 aliquam
390 2304 441 2346 de
473 2308 562 2346 toto
594 2304 743 2347 itinere
775 2304 1022 2347 relationem
1054 2305 1135 2347 illis
1168 2305 1357 2348 daturos.

312 2399 348 2439 2.
398 2396 515 2448 Quae
556 2396 598 2438 in
640 2396 822 2439 decursu
861 2400 1083 2451 notarunt,
1127 2410 1176 2440 ea
1208 2397 1250 2440 in
1283 2397 1471 2440 ordinem
1504 2402 1652 2452 postea
1685 2399 1893 2453 redigant,

173 2472 434 2514 convenienti
465 2472 575 2526 stylo
609 2477 823 2523 exornent,
857 2473 962 2516 bene
993 2473 1237 2516 describant
1267 2478 1309 2516 et
1331 2473 1383 2515 ad
1406 2474 1609 2516 Parentes
1632 2486 1730 2515 suos
1755 2480 1892 2516 trans-

172 2547 346 2588 mittant
376 2559 470 2588 cum
502 2550 604 2590 nota
636 2561 931 2602 expensarum.

312 2640 349 2681 3.
397 2638 651 2691 Hujusmodi
683 2643 824 2682 autem
858 2640 1083 2682 relationes
1117 2652 1142 2681 a
1174 2640 1330 2682 nostris
1363 2640 1635 2683 revideantur
1667 2653 1714 2683 ac
1747 2641 1897 2694 paulu-

173 2715 259 2756 lum
291 2719 596 2769 expurgentur:
633 2714 692 2757 sic
721 2715 897 2768 juvenes
929 2714 1009 2768 ipsi
1041 2714 1261 2757 addiscent
1292 2727 1358 2758 res
1390 2728 1490 2758 suas
1524 2716 1634 2758 clare
1666 2729 1896 2769 exponere3

173 2794 213 2831 et
246 2791 471 2833 maximam
502 2790 599 2833 inde
631 2790 859 2833 utilitatem
891 2789 1134 2843 percipient.

310 2885 348 2924 4.
384 2883 476 2925 Non
510 2883 762 2925 omittantur
793 2881 1053 2935 reflexiones,
1087 2894 1197 2935 quae
1223 2882 1439 2936 Juventuti
1471 2883 1567 2925 usui
1599 2896 1690 2925 6556
1719 2887 1897 2938 possunt

174 2969 222 2998 ac
247 2969 443 3010 magnam
475 2958 589 3000 hisce
620 2957 661 2999 in
696 2956 1023 3000 circumstantiis
1056 2957 1138 2999 vim
1161 2957 1317 3000 habere
1339 2958 1490 3013 solent,
1522 2957 1557 3000 si
1579 2957 1725 2999 dextre
1747 2970 1896 3000 eruan-

174 3035 247 3073 tur
277 3044 325 3074 ac
357 3033 437 3075 rite
467 3032 746 3086 applicentur.

313 3124 388 3166 His
429 3124 603 3166 cautelis
642 3126 886 3176 susceptum
919 3123 999 3165 iter
1029 3123 1136 3177 suis,
1178 3127 1226 3165 ut
1256 3124 1506 3177 plurimum,
1551 3125 1711 3166 carebit
1744 3124 1896 3166 incom-

250 3211 440 3238 Monumenta
460 3211 632 3238 Germaniae
651 3211 857 3244 paedagogica
876 3211 953 3237 XVI.
1626 3212 1669 3243 25
