2164 3535
688 225 960 269 Heranbildung
984 224 1047 259 der
1071 224 1208 259 Lehrer
1236 225 1334 258 1622.
1787 223 1868 264 225

159 380 323 422 cunque
344 368 506 410 Aeneas
529 367 615 419 egit
636 365 748 418 apud
771 364 992 415 Didonem,
1024 363 1223 405 dicuntur
1244 360 1454 415 episodia3
1486 372 1582 402 nam
1606 360 1685 401 etsi
1708 360 1870 401 Aeneas

160 443 212 485 ad
245 443 450 484 Didonem
488 454 570 484 non
603 440 804 490 venisset,
846 439 1054 492 potuisset
1086 437 1352 479 nihilominus
1385 435 1584 488 navigare
1616 435 1655 476 in
1688 434 1870 484 Italiam,

159 519 500 570 constitissetque
539 515 778 557 substantia
819 515 950 567 ipsius
992 512 1173 555 fabulae.
1237 512 1345 554 Sunt
1384 514 1526 552 autem
1568 509 1751 563 duplicia
1790 508 1874 561 epi-

158 593 289 641 sodia,
322 591 530 644 quaedam
552 591 672 631 extra
692 588 878 630 fabulam
904 612 952 617 —
977 592 1077 629 sunt
1100 600 1195 629 vero
1219 599 1281 637 ea,
1314 599 1422 640 quae
1443 585 1662 638 finguntur
1683 583 1871 626 evenisse

159 672 256 709 ante
288 666 353 708 vel
383 669 479 719 post
509 665 696 707 fabulam
722 689 771 695 —
796 666 924 717 atque
954 663 1057 704 haec
1089 663 1153 704 vel
1184 666 1415 703 narrantur
1439 660 1490 702 ab
1514 660 1656 713 aliqua
1679 671 1873 714 persona,

158 745 206 783 ut
236 742 398 783 Aeneas
430 740 499 781 lib.
525 741 549 781 2
581 742 729 781 narrat
760 738 965 780 excidium
997 737 1167 792 Trojae‚
1205 736 1317 789 quod
1351 739 1642 789 praecesserat
1672 735 1873 785 fabulam,

159 817 222 858 vel
259 816 512 858 describitur
549 828 572 856 a
610 818 736 868 poeta
772 814 813 855 in
846 813 992 855 tabula
1024 812 1166 865 aliqua
1198 814 1274 852 aut
1305 812 1449 865 clypeo
1482 811 1594 864 picta
1628 823 1663 852 v.
1698 811 1873 862 caelata,

159 894 233 933 aut
273 890 489 932 inducitur
531 890 681 943 aliquis
723 889 969 931 vaticinans.
1032 887 1124 928 Alia
1164 889 1264 928 sunt
1301 886 1487 939 episodia
1520 885 1659 926 afficta
1690 885 1871 939 fabulae,

158 966 195 1007 h.
231 979 264 1008 e.
298 979 406 1019 quae
449 965 617 1019 quidem
656 967 947 1006 memorantur
989 961 1136 1004 eodem
1178 965 1367 1014 tempore
1398 960 1531 1011 facta,
1575 973 1657 1013 quo
1691 960 1875 1002 durabat

158 1042 314 1089 fabula,
347 1041 419 1083 sed
452 1045 594 1082 tamen
626 1053 702 1094 pro
735 1040 856 1081 libitu
887 1038 1107 1091 finguntur
1138 1051 1163 1080 a
1195 1040 1319 1091 poeta
1352 1041 1395 1080 et
1416 1038 1650 1087 variantur,
1683 1048 1718 1076 v.
1743 1048 1804 1088 gr.
1832 1036 1872 1076 in

158 1117 301 1158 fabula
340 1120 422 1165 est,
465 1117 648 1158 Aeneam
690 1116 913 1168 navigasse
953 1115 995 1156 in
1027 1114 1193 1156 Italiam
1236 1126 1284 1155 ac
1324 1112 1499 1166 proinde
1539 1112 1579 1153 in
1618 1112 1684 1153 via
1716 1110 1769 1152 ad
1802 1111 1874 1152 ali-

157 1204 285 1245 quam
327 1195 484 1233 terrain
527 1191 760 1245 appulisse,
803 1190 877 1232 sed
917 1189 1098 1232 fueritne
1139 1189 1195 1230 ibi
1235 1188 1423 1230 convivio
1466 1190 1684 1240 exceptus,
1728 1199 1780 1228 an
1821 1186 1876 1227 sit

159 1270 336 1309 venatus
368 1270 443 1308 aut
473 1265 785 1322 sacrificaverit,
817 1265 858 1307 id
891 1268 1027 1307 totum
1060 1265 1254 1307 relictum
1286 1267 1351 1306 est
1381 1263 1546 1316 ingenio
1578 1266 1740 1315 poetae.

295 1348 343 1390 In
376 1348 572 1401 episodiis
604 1347 707 1389 haec
739 1348 1042 1389 observantur:
1088 1351 1135 1389 1?
1169 1351 1216 1388 ut
1249 1346 1503 1388 cohaereant
1535 1356 1630 1386 cum
1661 1342 1805 1385 fabula
1836 1347 1878 1384 et

159 1437 208 1466 ex
240 1437 290 1466 ea
321 1424 443 1477 quasi
475 1427 725 1470 nascantur:
758 1425 809 1465 29
844 1428 891 1464 ut
913 1423 1097 1465 habeant
1120 1424 1386 1464 venustatem
1410 1424 1484 1462 aut
1506 1418 1878 1461 admirabilitatem

159 1500 361 1552 aliquam:
403 1500 454 1542 39
488 1502 535 1540 ut
569 1499 804 1543 varientur:
843 1501 894 1541 49
927 1501 974 1540 ut
1004 1499 1114 1540 inter
1146 1510 1204 1548 se,
1238 1497 1359 1550 quasi
1392 1508 1523 1537 unum
1556 1509 1604 1538 ex
1637 1495 1716 1537 alio
1749 1493 1879 1536 fluere

159 1580 201 1616 et
242 1575 439 1628 consequi
479 1575 694 1627 videatur,
736 1578 1051 1617 connectantur.
1116 1572 1317 1626 Episodia
1351 1571 1595 1624 tragoediae
1625 1571 1748 1623 longe
1780 1573 1880 1611 sunt

160 1650 354 1692 breviora
394 1663 521 1703 quam
561 1663 785 1705 epopoeae.
849 1651 910 1691 De
951 1649 1145 1703 partibus
1188 1648 1414 1702 epopoeiae
1447 1661 1481 1688 v.
1516 1646 1605 1688 Jac.
1640 1647 1878 1687 Pontanum

159 1726 184 1767 l.
210 1728 233 1767 2
267 1726 404 1767 Instit.
442 1728 549 1779 poet.
613 1726 674 1768 De
706 1726 899 1780 partibus
932 1724 1177 1778 tragoediae
1210 1737 1244 1766 v.
1280 1724 1510 1765 Martinum
1542 1723 1684 1764 Deli-io
1718 1721 1875 1774 proleg.

159 1802 294 1855 primo
325 1802 365 1843 in
399 1804 620 1856 syntagma
653 1801 896 1855 tragoediae
926 1801 1102 1851 latinae,
1147 1799 1216 1841 ubi
1249 1800 1375 1841 etiam
1408 1798 1459 1841 de
1492 1798 1629 1840 choris
1673 1800 1716 1840 et
1754 1797 1880 1839 versi-

159 1876 238 1918 bus
269 1877 441 1930 tragicis
474 1877 667 1930 pluribus
699 1878 798 1930 agit.

297 1952 419 1995 Circa
458 1952 560 1994 haec
599 1953 738 1994 omnia
771 1952 1036 1995 observanda
1066 1956 1166 1994 sunt
1198 1951 1343 1994 eadem
1376 1964 1485 2005 quae
1516 1952 1556 1993 in
1590 1950 1877 1993 orationibus:

165 2030 213 2069 19
253 2028 363 2069 enim
402 2019 709 2081 ¹argumenta
755 2042 805 2071 ex
851 2029 1007 2072 eisdem
1054 2028 1240 2070 fontibus
1286 2030 1503 2080 petuntur.
1576 2026 1698 2069 Circa
1743 2038 1881 2068 mores

161 2103 326 2154 cognito
375 2108 624 2156 argumento
669 2104 838 2147 fabulae
889 2103 1220 2146 considerandae
1267 2106 1367 2145 sunt
1413 2103 1603 2155 singulae
1650 2114 1882 2156 personae:

162 2181 202 2230 a)
235 2179 445 2232 quomodo
479 2178 653 2221 affectae
686 2183 728 2221 et
760 2180 1015 2222 constitutae
1047 2179 1321 2233 inducuntur,
1355 2192 1390 2219 v.
1416 2192 1475 2232 gr.
1500 2179 1663 2220 Aeneas
1686 2177 1881 2231 princeps

162 2254 256 2306 pius
297 2257 339 2296 et
381 2255 572 2308 sapiens3
614 2256 657 2308 b)
690 2255 937 2302 videndum,
981 2254 1192 2308 quomodo
1232 2257 1356 2308 poeta
1388 2253 1551 2296 tribuat
1583 2253 1789 2295 actionem
1820 2252 1879 2293 illi

162 2340 367 2381 personae
407 2335 727 2382 congruentem,
771 2331 830 2371 ita
862 2333 909 2371 ut
940 2342 1157 2382 nunquam
1191 2330 1305 2371 dicat
1335 2332 1409 2370 aut
1440 2328 1567 2370 faciat
1599 2328 1824 2381 quicquam
1857 2339 1881 2368 a

165 2414 242 2443 suo
274 2416 391 2445 more
423 2404 679 2452 abhorrens;
712 2407 749 2455 c)
782 2408 830 2446 ut
861 2404 932 2445 illa
963 2416 1146 2457 persona
1176 2416 1394 2456 nunquam
1426 2404 1555 2445 talem
1587 2402 1781 2444 affectum
1806 2406 1881 2443 aut

164 2489 321 2520 morem
365 2478 418 2519 ad
459 2484 694 2522 extremum
735 2492 870 2533 usque
912 2479 1081 2521 fabulae
1124 2479 1329 2532 deponat3
1373 2478 1415 2529 d)
1450 2481 1498 2518 ut
1529 2477 1714 2519 actiones
1747 2477 1881 2518 bonae

164 2556 456 2606 proponantur
496 2567 590 2596 cum
631 2554 815 2608 quadam
854 2555 1076 2608 maJ'estate
1108 2555 1150 2595 et
1180 2553 1326 2604 laude,
1367 2553 1427 2595 ita
1458 2556 1507 2594 ut
1537 2566 1586 2594 ex
1616 2553 1709 2606 ipsa
1739 2564 1884 2593 narra—

165 2628 278 2670 tione
310 2642 346 2669 v.
382 2629 546 2671 actione
578 2634 781 2672 nascatur
812 2629 1034 2671 admiratio
1067 2631 1109 2671 et
1141 2642 1259 2670 amor
1290 2628 1414 2670 illius.
1469 2628 1627 2670 Contra
1658 2627 1769 2669 mala
1790 2639 1885 2680 pro-

166 2708 379 2756 ponantur
411 2717 505 2746 cum
538 2704 721 2757 quadam
753 2705 794 2746 vi
825 2705 1082 2757 exprimente
1116 2705 1385 2747 atrocitatem
1417 2706 1459 2747 et
1482 2703 1741 2756 foeditatem,
1773 2702 1884 2744 unde

166 2778 205 2819 in
239 2779 377 2821 animo
409 2782 615 2832 sequatur
646 2780 796 2822 horror
828 2784 871 2822 et
902 2780 1223 2822 commiseratio.
1289 2780 1428 2831 Quare
1459 2792 1569 2833 quae
1608 2780 1659 2822 de
1696 2778 1884 2821 moribus

165 2858 207 2895 et
249 2853 465 2897 affectibus
507 2868 555 2897 ex
595 2855 772 2898 Aristot.
818 2857 950 2898 allata
989 2858 1108 2909 sunt,
1151 2860 1374 2911 perspecta
1416 2868 1508 2898 esse
1548 2858 1734 2908 oportet3
1775 2866 1884 2907 quae

164 2930 291 2972 etiam
331 2943 378 2972 ex
420 2931 483 2973 his
524 2932 658 2985 poetis
700 2932 837 2974 allatis
878 2931 1076 2984 exemplis
1118 2931 1349 2974 illustravit
1387 2932 1481 2973 Ant.
1517 2930 1759 2972 Minturnus
1801 2929 1826 2970 l.
1852 2929 1876 2969 3

165 3005 216 3047 de
247 3009 383 3058 poeta.
1096 3009 1100 3013 '

302 3082 352 3123 29
386 3081 448 3123 De
480 3080 712 3124 formulis
745 3082 849 3136 epici
880 3082 1086 3135 poematis
1118 3081 1219 3123 nihil
1252 3082 1405 3124 attinet
1433 3081 1583 3131 dicere,
1617 3092 1710 3122 cum
1734 3090 1877 3121 omnes

166 3159 384 3197 contextus
426 3159 517 3198 tum
555 3158 755 3199 materiae
792 3160 884 3199 tum
921 3158 1079 3199 formae
1110 3161 1153 3198 et
1185 3157 1294 3199 modi
1327 3158 1366 3199 in
1399 3157 1501 3199 illud
1536 3155 1759 3198 confluant.
1823 3154 1869 3195 In

234 3233 421 3259 Monumenta
441 3234 617 3260 Germaniae
640 3235 841 3267 Paedagogica
861 3234 939 3260 XVI.
1614 3228 1652 3260 15
