2164 3535
589 204 768 239 Gretser’s
794 205 987 240 Mecoenas
1014 205 1257 240 studiosorum
1283 216 1494 250 pauperum.
1818 210 1891 250 24]

280 343 351 385 VI.
386 344 486 399 Eos,
517 344 589 396 qui
622 344 675 385 ad
708 344 809 386 haec
842 344 1071 386 seminaria
1103 344 1262 398 aliquid
1295 345 1584 395 contribuunt,
1617 358 1705 387 rem
1728 345 1901 387 Triden-

382 420 470 460 tino
503 419 676 461 concilio
709 423 1036 461 consentaneam
1068 418 1218 462 facere.

314 493 489 535 Duobus
531 494 666 535 modis
708 506 828 546 opem
870 494 981 536 ferre
1025 495 1124 536 licet
1171 494 1530 549 adolescentibus,
1578 508 1683 548 quos
1733 499 1900 547 egestas

176 573 436 619 remoratur,
479 581 562 621 quo
595 569 733 610 minus
766 569 1011 611 liberalibus
1044 569 1275 622 disciplinis
1309 571 1474 612 vacent:
1538 569 1698 620 Primo,
1740 570 1775 611 si
1807 570 1901 622 quis

176 643 257 684 illis
287 643 529 696 suppeditet
556 643 864 696 eleemosynam
897 655 945 684 eo
980 646 1117 698 pacto,
1149 657 1233 696 quo
1265 644 1333 696 alij
1370 656 1578 698 pauperes
1610 644 1776 697 piorum
1798 644 1902 686 libe—

176 718 345 759 ralitate
378 717 639 759 adiuuantur
678 721 720 760 et
751 721 1016 759 recreantur:
1064 718 1155 760 siue
1186 718 1258 759 illa
1290 719 1558 772 eleemosyna
1589 719 1642 761 sit
1674 718 1901 761 hebdoma—

175 793 308 847 daria,
347 792 436 834 siue
469 796 700 848 menstrua,
738 793 829 834 siue
861 806 1015 843 annua,
1054 793 1145 834 siue
1177 794 1306 834 semel
1338 793 1547 835 duntaxat
1577 795 1902 836 subministrata

176 867 266 908 siue
304 867 474 920 saepius
512 867 704 920 repetita.
780 867 992 917 Secundo,
1027 868 1061 909 si
1095 868 1406 920 eleemosynam
1438 867 1553 909 illam
1586 870 1775 910 conferat
1806 870 1900 922 quis

176 941 228 982 ad
262 942 445 995 aliquam
479 942 769 984 fundationem
810 955 887 995 pro
926 942 1168 984 huiusmodi
1202 942 1542 984 adolescentibus
1575 943 1899 986 instituendam:

175 1020 217 1058 et
249 1017 300 1058 de
331 1017 408 1058 hoc
442 1017 705 1070 potissimum
740 1017 972 1059 adiuuandi
1004 1017 1127 1058 modo
1161 1017 1202 1058 in
1235 1016 1313 1059 hoc
1334 1018 1538 1070 opusculo
1564 1031 1752 1070 agemus,
1784 1032 1898 1061 eum—

175 1104 257 1144 que
289 1105 337 1133 ex
370 1092 498 1145 varijS
531 1092 739 1145 capitibus
779 1093 901 1145 longe
939 1093 1346 1141 fructuosissimum,
1386 1097 1428 1134 et
1460 1093 1589 1145 priori
1622 1094 1749 1134 etiam
1781 1107 1901 1147 prae-

175 1167 416 1220 ponendum
449 1180 554 1219 esse,
587 1167 776 1209 breuiter
807 1168 1208 1210 demonstrabimus.

799 1431 958 1486 Caput
995 1432 1281 1474 secundum.

317 1548 407 1589 Etsi
448 1548 582 1590 omnis
621 1548 887 1602 eleemosyna
925 1549 1161 1601 cuicunque
1203 1548 1314 1601 inopi
1358 1547 1589 1589 liberaliter
1627 1548 1781 1590 collata
1812 1548 1900 1590 Deo

176 1623 359 1676 placeat,
404 1626 445 1664 et
482 1624 646 1665 fructus
686 1623 832 1665 vberes
874 1624 1035 1677 pariam
1077 1623 1184 1665 hanc
1217 1627 1382 1672 tamen,
1426 1624 1477 1665 de
1509 1636 1593 1676 qua
1626 1636 1752 1676 agere
1783 1624 1901 1666 insti-

176 1698 355 1749 tuimus,
400 1699 486 1740 Deo
529 1699 813 1751 gratissimam
865 1702 908 1741 et
948 1699 1163 1740 variarum
1195 1698 1425 1740 vtilitatum
1458 1698 1761 1740 feracissimam
1795 1712 1900 1751 esse,

175 1786 258 1814 non
280 1786 415 1826 pauca
445 1777 686 1823 occurrunt,
720 1786 828 1825 quae
857 1774 1028 1826 planum
1053 1776 1321 1826 testatumq.:
1355 1774 1525 1815 faciant.
1578 1774 1766 1815 Primum
1791 1775 1900 1816 enim

176 1849 320 1901 negari
353 1861 434 1889 non
468 1851 627 1901 potest,
660 1850 802 1901 magni
834 1850 1011 1900 referre,
1045 1852 1090 1890 vt
1122 1849 1311 1891 Ecclesia
1344 1849 1444 1890 viris
1477 1849 1611 1890 doctis
1644 1850 1686 1890 et
1716 1850 1796 1902 pijS
1830 1849 1901 1891 ab·

176 1923 321 1975 undet,
354 1928 394 1965 et
427 1924 479 1965 ab
512 1923 574 1965 his
599 1925 871 1977 Reipublicae
903 1927 945 1966 et
967 1924 1182 1966 Ecclesiae
1213 1924 1393 1965 salutem
1427 1937 1509 1965 non
1542 1936 1693 1977 parum
1717 1924 1900 1978 pendere

175 2002 365 2040 constat:
413 2011 495 2040 non
533 1999 643 2041 enim
681 2012 835 2041 vanum
875 2003 941 2041 est
977 1999 1082 2040 illud
1122 1998 1334 2052 Sapientis
1374 1999 1617 2041 oraculum:
1668 1999 1898 2042 Multitudo

176 2074 414 2128 sapientum
452 2074 611 2116 sanitas
650 2078 716 2116 est
752 2074 865 2116 orbis
905 2078 1129 2115 terrarum.
1192 2074 1330 2126 Igitur
1367 2086 1495 2126 quam
1534 2073 1662 2116 chara
1705 2077 1748 2116 et
1779 2078 1902 2127 grata

176 2152 241 2190 est
272 2150 360 2191 Deo
394 2150 607 2191 Ecclesiae
640 2149 881 2191 Catholicae
919 2148 1142 2201 integritas
1182 2152 1223 2190 et
1254 2148 1496 2199 sinceritaS,
1536 2151 1623 2190 tam
1656 2149 1827 2191 charam
1859 2154 1902 2190 et

177 2227 341 2277 gratam
375 2229 544 2278 oportet
576 2237 668 2267 esse
700 2225 835 2266 eidem
867 2224 1036 2265 illorum
1069 2223 1409 2279 beneficentiam,
1443 2223 1536 2279 qui,
1570 2236 1647 2276 ope
1679 2236 1776 2275 sua,
1808 2224 1902 2265 Rei-

176 2299 369 2352 publicae
402 2300 668 2341 Christianae
699 2299 806 2340 tales
838 2298 950 2340 viros
984 2298 1185 2351 educant3
1228 2297 1476 2350 efficiuntq.;
1521 2302 1566 2339 vt
1598 2297 1900 2348 adolescentes,

177 2375 339 2427 studia,
382 2387 491 2428 quae
534 2375 598 2416 vel
639 2386 857 2427 nunquam
898 2373 1097 2415 inchoare
1139 2373 1397 2427 potuissent,
1442 2373 1503 2414 vel
1547 2375 1660 2414 certe
1703 2372 1901 2414 inchoata

179 2449 371 2491 deserere
404 2449 456 2491 ob
487 2450 706 2502 pecuniam
739 2448 871 2490 coacti
903 2447 1099 2498 fuissent,
1131 2448 1350 2500 prosequi,
1391 2451 1433 2488 et
1464 2447 1517 2488 ad
1549 2446 1673 2489 finem
1706 2450 1900 2500 optatum

178 2524 408 2576 perducere
441 2526 610 2576 queant.
665 2523 799 2573 Quam
831 2522 986 2564 multos
1021 2523 1131 2563 enim
1164 2522 1305 2563 videre
1338 2522 1436 2563 licet
1458 2521 1650 2563 doctrina
1678 2524 1721 2563 et
1742 2522 1900 2574 pietate

178 2601 465 2651 praestantes,
499 2598 569 2651 qui
604 2597 840 2640 eruditione
872 2609 949 2638 sua
981 2601 1023 2638 et
1054 2596 1266 2649 probitate
1300 2596 1541 2637 Christiano
1573 2596 1664 2637 orbi
1698 2596 1900 2638 maximas

180 2673 382 2715 Vtilitates
415 2677 457 2714 et
489 2672 739 2723 attulerunt,
773 2675 815 2714 et
847 2672 1077 2713 etiamnum
1111 2670 1311 2714 afferunt:
1345 2683 1525 2723 quorum
1558 2669 1768 2723 beneficijs
1800 2671 1901 2712 Res-

179 2748 347 2801 publica
388 2751 570 2803 careret,
612 2747 648 2789 si
690 2747 869 2788 aliorum
912 2745 1197 2787 munificentia
1238 2745 1371 2787 adiuti
1413 2758 1495 2787 non
1536 2745 1735 2799 fuissent,
1776 2749 1821 2787 vt
1852 2758 1900 2787 eo

179 2822 396 2864 doctrinae
428 2826 470 2864 et
501 2821 671 2863 virtutis
703 2821 991 2874 procederent.
1056 2820 1321 2873 Quaecunq.;
1354 2833 1454 2872 ergo
1488 2820 1593 2861 tales
1625 2820 1897 2873 postmodum

179 2897 348 2952 merita,
391 2897 481 2938 siue
522 2897 562 2938 in
606 2896 840 2950 politicam,
883 2895 972 2937 siue
1005 2895 1045 2936 in
1081 2895 1420 2937 Ecclesiasticam
1454 2895 1774 2947 Rempublicam
1807 2907 1901 2936 con-

179 2972 333 3026 ferunt,
367 2983 512 3012 eorum
542 2972 707 3012 fructus
741 2970 794 3012 ad
826 2982 897 3012 eos
931 2969 1155 3024 redundat,
1189 2970 1260 3022 qui
1293 2970 1421 3011 talem
1454 2970 1602 3022 opibus
1626 2969 1713 3010 suis
1737 2973 1901 3011 susten-

179 3049 394 3097 tauerunt,
428 3048 471 3087 et
500 3049 546 3087 vt
575 3045 616 3086 in
650 3045 787 3087 virum
813 3044 943 3086 talem
973 3043 1189 3098 euaderet,
1221 3044 1330 3097 stipe
1361 3043 1538 3096 benigne
1561 3043 1727 3098 collata,
1760 3043 1901 3085 effece-

180 3124 289 3161 runt.
359 3120 445 3162 Nec
488 3132 635 3161 vereor
673 3119 831 3173 dicere,
879 3118 1027 3169 taleni,
1076 3119 1342 3172 eleemosyna
1383 3131 1460 3160 sua
1502 3119 1688 3160 omnium
1730 3131 1900 3160 causam

248 3196 437 3221 Monumenta
457 3195 629 3221 Germaniae
651 3194 856 3226 paedagogica
878 3193 952 3218 XVI·
1632 3189 1671 3221 16
