2164 3535
763 198 971 244 Gymnasial
981 218 994 224 -
1004 196 1215 241 Padagogik
1244 197 1342 233 1736.
1831 199 1909 240 167

325 341 402 384 ΙΙΙ.
449 341 542 383 Non
575 339 696 382 facile
717 338 851 380 multa
873 338 1063 381 literaria
1084 337 1148 379 vel
1171 336 1254 378 alia
1275 336 1449 389 quaevis
1470 349 1607 390 poena
1628 336 1708 377 toti
1733 334 1912 378 Scholae

189 417 445 470 imponatur.
494 416 599 457 Tum
632 415 740 456 enini
774 413 933 456 efferati
967 413 1111 455 dolore
1144 411 1337 466 discipuli
1371 413 1524 453 coeunt
1555 414 1683 464 atque
1714 411 1755 452 in
1788 411 1913 452 Prae-

189 495 402 546 ceptorem
434 503 609 532 numero
642 490 738 531 freti
771 489 1025 542 conspirant.
1080 487 1188 539 (Iuv.
1222 487 1273 528 de
1304 487 1399 529 Rat.
1434 486 1522 528 doc.
1556 498 1587 527 6.
1613 487 1637 527 3
1672 499 1708 527 a.
1736 488 1754 526 1
1790 488 1832 527 et
1854 487 1910 538 2.)

326 567 398 608 IV.
447 565 705 619 Usurpanda
737 567 837 606 sunt
858 576 1014 617 genera
1042 575 1273 616 poenarum
1305 562 1346 603 in
1371 561 1533 604 Scholis
1554 560 1710 602 nostris
1733 560 1910 605 usitata:

188 642 305 685 novis
339 645 467 694 atque
498 641 676 683 insolitis
710 640 876 681 omnino
910 638 1217 681 abstinendum.
1282 637 1445 691 (Sacch.
1479 638 1504 678 l.
1540 639 1592 689 6.)

325 718 374 758 V.
422 717 533 757 Dum
565 715 694 756 verba
716 713 937 756 sufficiunt
960 713 1093 754 errori
1117 713 1380 766 corrigendo,
1412 726 1463 755 ne
1486 712 1701 754 addantur
1722 710 1910 752 verbera.

187 791 459 834 Authoritate
480 790 635 843 potius,
669 801 795 841 quam
829 788 1055 830 severitate
1078 788 1282 840 Magister
1313 801 1405 830 sese
1426 790 1612 830 tueatur.
1665 785 1912 828 Tardiorem

190 879 235 908 se
268 866 320 908 ad
352 864 611 919 puniendum
644 876 809 916 semper
840 862 1055 913 ostendat,
1093 875 1229 915 neque
1261 866 1348 904 tam
1381 862 1475 904 odio
1508 861 1739 904 adductum
1778 860 1831 902 ad
1868 860 1911 902 id

186 942 344 995 ipsum,
383 953 511 994 quam
553 951 696 980 amore
737 951 785 980 ac
826 938 1078 979 necessitate
1120 937 1394 989 compulsum.
1457 937 1599 978 Iustas
1640 948 1807 989 quoque
1849 948 1912 977 re-

190 1015 421 1058 mittendae
468 1017 543 1057 aut
588 1013 841 1056 minuendae
888 1025 1046 1066 poenae
1099 1024 1250 1054 causas
1294 1012 1473 1053 libenter
1525 1011 1733 1053 admittat.
1810 1011 1910 1053 Plus

192 1093 306 1134 certe
337 1090 549 1132 interdum
582 1089 635 1131 ad
658 1088 961 1131 emendandam
986 1088 1166 1141 culpam,
1196 1087 1448 1141 praesertim
1472 1086 1691 1137 occultam,
1723 1085 1913 1139 proficiet

189 1165 463 1209 condonando
495 1177 673 1219 poenam
695 1164 894 1217 privatim
926 1162 1141 1205 confitenti
1173 1175 1258 1214 reo,
1292 1175 1419 1215 quam
1451 1161 1655 1203 sumendo
1679 1174 1911 1214 severeque

188 1241 404 1297 exigendo,
440 1254 535 1283 cum
566 1239 610 1281 id
640 1238 731 1281 fieri
763 1239 853 1281 sine
885 1238 1139 1280 detrimento
1172 1240 1325 1292 potest.
1388 1237 1495 1289 (Iuv.
1529 1236 1606 1279 loc.
1642 1237 1730 1288 cit.)

325 1317 397 1359 VI.
441 1316 546 1359 Cum
578 1315 619 1356 in
652 1314 762 1356 omni
795 1314 963 1355 omnino
997 1313 1375 1366 animadversione,
1408 1315 1499 1353 tum
1532 1324 1630 1354 vero
1659 1311 1840 1353 maxime
1870 1311 1913 1353 in

189 1391 478 1446 gravioribus,
520 1390 839 1443 diligentissime
872 1388 1181 1442 providendum
1213 1391 1301 1443 est,
1342 1391 1391 1429 ut
1433 1387 1556 1440 culpa
1595 1387 1722 1440 digna
1753 1398 1913 1440 poenae

188 1481 234 1510 re
266 1480 366 1509 vera
395 1466 546 1521 subsit,
579 1468 708 1518 atque
743 1477 764 1505 e
796 1476 1013 1515 converso,
1045 1466 1095 1504 ut
1125 1475 1262 1516 poena
1293 1463 1350 1506 sit
1382 1475 1519 1516 aequa
1551 1462 1700 1516 culpae
1730 1464 1773 1503 et
1804 1473 1913 1503 com-

188 1556 353 1594 mensa,
396 1542 461 1584 vel
493 1541 635 1596 potius
668 1540 885 1593 aliquanto
918 1539 1066 1580 minor.
1128 1538 1379 1581 Incredibile
1419 1538 1528 1580 enim
1562 1537 1677 1580 dictu
1709 1540 1795 1592 est,
1827 1536 1914 1578 sive

188 1618 340 1660 falsam
380 1617 466 1659 sive
504 1617 705 1669 imparem
747 1615 799 1657 ob
841 1627 992 1656 noxam
1023 1613 1206 1656 inflictae
1237 1614 1387 1668 plagae
1419 1626 1547 1667 quam
1586 1612 1735 1655 acerbe
1766 1615 1913 1661 urant3

191 1706 319 1747 quam
351 1692 590 1745 defigantur
631 1691 714 1732 alte
754 1691 797 1731 in
839 1690 1010 1740 animis3
1053 1702 1181 1743 quam
1224 1690 1290 1731 vix
1332 1702 1378 1732 ac
1418 1702 1470 1731 ne
1513 1689 1579 1730 vix
1618 1687 1788 1741 quidem
1826 1686 1914 1728 ulla

190 1781 376 1822 unquam
409 1769 549 1810 aetate
581 1766 873 1808 obliterentur.
937 1765 1063 1807 Certa
1094 1765 1150 1807 sit
1187 1766 1319 1819 igitur
1357 1769 1486 1819 atque
1518 1764 1737 1818 explorata
1770 1763 1912 1817 culpa3

190 1848 233 1886 et
263 1843 298 1885 si
329 1842 419 1885 fieri
446 1845 601 1897 potest,
634 1853 787 1883 nocens
819 1841 909 1894 ipse
930 1844 1133 1894 agnoscat
1155 1855 1248 1884 eam
1278 1842 1565 1893 fateaturque.
1619 1839 1741 1890 Quod
1772 1839 1807 1880 si
1841 1838 1914 1880 du-

189 1919 258 1961 bia
289 1918 431 1973 fuerit,
463 1917 527 1960 vel
560 1918 640 1960 erit
671 1918 905 1972 prudenter
947 1916 1321 1969 dissimulandum,
1363 1915 1428 1957 vel
1470 1927 1631 1968 poenae
1671 1914 1822 1956 modus
1865 1925 1914 1955 ex

191 1994 455 2036 dubitatione
486 1993 579 2047 ipsa
610 1993 868 2035 metiendus:
917 1993 1045 2046 idque
1087 1993 1167 2047 ita,
1211 1995 1259 2033 ut
1290 2004 1386 2033 reus
1418 1990 1649 2045 intelligat,
1682 1989 1746 2031 vel
1777 1988 1913 2042 suspi-

192 2069 301 2111 cioni
332 2081 460 2122 quam
488 2068 655 2123 obtulit,
685 2068 799 2110 illam
823 2069 1230 2120 animadversionem
1253 2067 1406 2110 deberi.
1441 2065 1604 2120 (Sacch.
1628 2068 1671 2108 et
1692 2065 1780 2107 Iuv.
1806 2065 1832 2106 l.
1857 2066 1910 2119 c.)

329 2150 422 2192 VII.
470 2151 632 2192 Multae
664 2151 880 2203 graviores
914 2154 1042 2203 atque
1074 2150 1178 2193 adeo
1211 2162 1341 2203 pensa
1373 2160 1542 2202 quoque
1574 2146 1913 2190 extraordinaria

189 2239 271 2268 non
303 2226 382 2268 nisi
414 2226 683 2280 paucioribus
717 2230 758 2268 et
790 2227 927 2268 rarius
961 2226 1220 2279 injungenda
1250 2228 1362 2267 sunt.
1426 2224 1473 2265 In
1513 2222 1726 2265 caedendo
1770 2224 1913 2264 antem

190 2302 368 2344 maxime
400 2302 585 2343 omnium
618 2301 865 2357 cavendum,
898 2315 949 2343 ne
982 2305 1057 2343 aut
1087 2301 1285 2354 frequens
1308 2300 1514 2353 Magister
1537 2299 1605 2353 sit,
1639 2301 1713 2340 aut
1736 2298 1912 2343 nimius:

189 2377 440 2431 praesertim
480 2390 531 2419 ne
571 2389 715 2418 amare
757 2377 918 2430 plagosi
961 2389 1112 2419 nomen
1154 2376 1360 2418 videatur.
1426 2373 1666 2416 Meminerit
1704 2373 1912 2415 medicum

190 2452 482 2507 frequentibus
515 2452 694 2507 morbis,
737 2452 951 2494 inusitatis
986 2451 1200 2507 remediis,
1243 2450 1460 2492 funeribus
1494 2449 1750 2491 continuatis
1790 2448 1913 2490 dede-

191 2529 340 2570 corari.
411 2528 615 2570 Attendat
656 2528 755 2569 item
798 2540 1086 2580 summopere,
1128 2539 1180 2568 ne
1222 2528 1471 2568 assuescant
1510 2524 1630 2578 pueri
1667 2523 1912 2566 verberibus

191 2616 423 2656 eorumque
454 2603 610 2645 sensim
642 2606 801 2644 metum
835 2602 1061 2656 deponant.
1125 2602 1231 2644 Cum
1263 2602 1374 2644 enim
1405 2614 1616 2643 summum
1648 2599 1725 2641 hoc
1757 2612 1804 2642 ac
1826 2600 1913 2642 fere

190 2679 386 2720 ultimum
419 2678 664 2732 disciplinae
695 2678 750 2720 sit
780 2677 1062 2731 praesidium,
1104 2677 1145 2718 id
1176 2677 1315 2730 ipsum
1355 2676 1387 2719 si
1428 2675 1668 2730 evanuerit,
1709 2678 1805 2717 acta
1846 2688 1912 2717 res

190 2754 281 2796 erit.
345 2753 507 2807 (Sacch.
542 2756 584 2795 et
615 2753 704 2794 Iuv.
737 2753 761 2794 1ῐ
798 2756 849 2800 c.)
911 2752 1001 2803 Quo
1040 2752 1130 2794 loco
1167 2752 1292 2805 juvat
1332 2750 1384 2793 ad
1426 2750 1671 2793 memoriam
1715 2762 1913 2791 revocare

191 2829 410 2882 antiquam
451 2828 759 2870 ordinationem
796 2828 840 2869 P.
874 2828 923 2869 N.
965 2826 1201 2869 Everhardi
1244 2826 1427 2868 vetantis
1468 2826 1591 2879 plura
1631 2825 1740 2867 senis
1782 2824 1913 2877 infligi

191 2904 387 2957 cuiquam
418 2903 594 2946 verbera
627 2903 724 2956 (nisi
756 2905 864 2944 forte
906 2903 1110 2945 inusitata
1151 2902 1365 2945 interdum
1403 2914 1512 2943 noxa
1550 2901 1676 2954 paulo
1718 2900 1912 2954 pluribus

190 2979 434 3033 plectenda,
482 2978 533 3020 de
573 2978 784 3020 sententia
826 2977 1087 3033 Superioris,
1130 2978 1388 3031 videretur),
1438 2979 1566 3030 atque
1606 2976 1723 3029 ipsae
1762 2987 1911 3017 rursus

190 3054 340 3108 plagae
372 3057 420 3095 ut
450 3053 696 3096 moderatae
725 3053 809 3096 sint
832 3066 1010 3109 semper,
1042 3066 1179 3107 neque
1200 3056 1288 3095 tam
1311 3052 1550 3095 excrucient
1572 3054 1749 3106 sontem,
1782 3062 1910 3103 quam

191 3129 413 3185 castigent,
445 3128 755 3183 praecipientis.
819 3128 900 3183 (Ex
932 3128 974 3169 P.
1010 3128 1176 3171 Busaeo
1209 3141 1235 3170 n
1273 3130 1330 3181 5.)
