2164 3535
207 194 290 235 212
746 190 1023 235 Heranbildung
1050 191 1114 227 der
1139 190 1279 226 Lehrer
1306 193 1403 227 1622.

347 333 398 373 29
430 332 690 388 Videndum,
722 345 775 374 an
807 332 885 374 hoc
918 345 1046 375 sensu
1078 332 1203 385 vulgo
1237 346 1262 374 a
1293 332 1414 375 nobis
1449 334 1730 384 usurpentur,
1772 333 1825 375 39
1856 345 1939 386 quo

206 406 315 449 flexu
363 407 447 448 sint
492 408 632 460 posita
679 411 722 449 et
768 420 896 461 quam
943 411 1036 449 tum
1088 408 1171 450 vim
1216 407 1415 450 habeant.
1493 407 1668 448 Modum
1716 408 1941 450 ostendent

206 481 420 524 Adrianus
453 482 702 535 Cardinalis,
736 482 930 536 Scotusl)
963 487 1006 525 et
1037 483 1119 525 alii.

345 557 407 598 De
448 557 726 610 particulis
769 557 897 599 etiam
939 557 1167 600 videndum
1211 560 1260 600 19
1301 570 1385 611 quo
1428 557 1576 599 ordine
1613 561 1850 611 ponantur,
1894 560 1942 599 ut

207 645 243 673 v.
277 643 338 684 gr.
375 632 588 674 »interea«
622 632 796 685 ponitur
826 632 1040 674 interdum
1073 635 1170 674 ante
1217 632 1396 687 »dum«,
1440 636 1483 674 et
1526 631 1680 674 »dum«
1724 632 1938 674 interdum

207 710 304 748 ante
339 706 575 757 »interea«,
609 709 659 749 29
693 720 776 761 quo
803 707 894 749 loco
917 707 1091 761 quaevis
1115 707 1326 761 particula
1348 711 1546 761 ponatur,
1580 720 1632 749 an
1655 707 1696 748 in
1721 708 1939 762 principio,

207 795 258 823 an
291 785 387 835 post
418 794 546 823 unam
579 784 654 824 aut
685 782 791 825 duas
826 795 969 833 voces;
1003 784 1055 825 39
1091 795 1186 824 cum
1219 782 1373 836 quibus
1406 782 1544 825 verbis
1578 786 1654 824 aut
1685 783 1776 824 aliis
1808 783 1939 836 parti—

207 857 310 898 culis
343 856 558 910 quaelibet
585 858 807 910 jungatur.
870 857 1094 899 Discamus
1127 857 1235 899 hanc
1265 857 1605 899 observationem
1628 870 1652 899 a
1675 857 1939 900 Godschalco

206 931 427 974 Schebetio
466 935 509 974 et
546 932 724 974 Horatio
766 933 1024 988 Tursellino,
1075 946 1261 986 quorum
1304 937 1483 986 uterque
1522 933 1573 974 de
1613 933 1676 974 his
1719 933 1939 987 particulis

206 1007 386 1060 scripsit.

345 1082 407 1125 De
437 1082 729 1136 phrasibus.
793 1082 983 1125 Observa
1018 1085 1067 1124 19
1103 1082 1346 1124 habeantne
1379 1082 1538 1135 aliquid
1569 1095 1724 1125 novum
1757 1086 1799 1125 et
1828 1096 1939 1126 com-

206 1156 402 1199 munibus
435 1156 668 1211 Syntaxeos
700 1158 935 1211 praeceptis
968 1170 1052 1199 non
1087 1157 1463 1211 comprehensum:
1505 1160 1556 1200 29
1590 1171 1641 1200 an
1680 1158 1938 1200 abhorreant

206 1232 259 1273 ab
290 1232 510 1285 inquinato
543 1236 688 1274 nostro
721 1233 922 1286 loquendi
955 1246 1087 1276 inore.

345 1306 467 1349 Circa
505 1307 895 1350 collocationem
936 1309 1200 1351 verborem
1241 1309 1345 1351 satis
1385 1309 1467 1351 erit
1498 1322 1609 1351 nunc
1641 1313 1818 1352 eatenus
1849 1323 1938 1352 ver-

205 1381 304 1437 sari,
337 1385 385 1423 ut
414 1382 626 1436 frequenti
653 1383 831 1425 lectione
860 1395 984 1426 aures
1017 1384 1330 1436 quodammodo
1355 1387 1523 1427 nostras
1547 1384 1936 1427 condocefaciamus

205 1457 462 1500 suavitatem
492 1458 649 1500 latinae
680 1458 847 1511 linguae
880 1471 1119 1512 agnoscere.

346 1533 654 1576 Ornamenta
695 1534 822 1576 etiam
864 1534 940 1576 1100
984 1539 1174 1589 tempore
1213 1535 1384 1588 parcius
1425 1538 1709 1588 quaerentur:
1752 1536 1938 1578 contenti

206 1608 315 1649 enim
347 1608 503 1651 erimus
536 1610 683 1665 tropis,
716 1610 788 1663 qui
811 1623 835 1651 a
857 1610 1163 1652 consuetudine
1186 1610 1440 1663 quotidiana
1461 1623 1543 1652 non
1568 1610 1811 1667 abhorrent,
1843 1624 1937 1665 pro-

206 1683 359 1725 verbiis
391 1684 664 1739 facilioribus,
696 1685 914 1727 sententiis
947 1686 1236 1738 pervulgatis3
1269 1686 1343 1727 sed
1374 1686 1548 1728 minime
1577 1686 1816 1739 negligendi
1839 1690 1939 1728 sunt

200 1759 306 1814 joci,
340 1759 494 1812 quibus
527 1760 632 1802 mire
663 1760 935 1802 illustrantur
966 1761 1191 1817 epistolae,
1225 1766 1268 1803 et
1300 1761 1414 1815 apud
1450 1761 1695 1803 Ciceronem
1728 1766 1828 1803 sunt
1858 1762 1939 1804 fre-

207 1838 398 1888 quentes.

346 1909 387 1951 Si
412 1910 478 1951 cui
500 1910 633 1952 otium
656 1914 870 1965 suppetat,
894 1911 1083 1965 proderit
1105 1911 1157 1953 ad
1180 1912 1479 1964 intelligendas
1501 1911 1712 1954 Ciceronis
1736 1911 1937 1965 epistolas

206 1985 358 2038 legisse
389 1985 608 2028 historiam
641 1986 692 2028 de
725 1987 811 2028 vita
842 1986 1054 2029 Ciceronis
1086 1987 1289 2041 scriptam
1323 2000 1347 2028 a
1381 1988 1530 2029 Franc.
1556 1987 1744 2029 Fabritio
1777 1987 1840 2028 vel
1867 1986 1939 2028 Se-

208 2060 390 2102 bastiani
424 2061 600 2103 Corradi
633 2061 720 2113 (de)
753 2065 998 2116 quaestura.

945 2427 1103 2483 Caput
1135 2428 1206 2470 ΙΙΙ.

692 2542 771 2590 De
819 2542 1011 2608 po’e'tis
1062 2541 1458 2591 facilioribus.

351 2668 438 2711 Sub
470 2670 579 2711 idem
612 2672 793 2723 tempus,
826 2682 909 2725 quo
944 2669 1155 2712 Ciceronis
1189 2668 1389 2722 epistolas
1419 2668 1669 2720 excutimus,
1702 2666 1938 2720 attingendi

211 2746 312 2785 sunt
352 2744 479 2786 etiam
520 2748 692 2799 poetae,
738 2748 786 2785 ut
827 2745 1033 2798 paulatim
1075 2757 1220 2786 eorum
1264 2743 1473 2786 scribendi
1515 2743 1686 2784 modum
1730 2755 1755 2784 a
1798 2741 1938 2784 soluta

212 2819 402 2860 oratione
424 2819 709 2861 internoscere
733 2819 958 2861 discamus.
1003 2820 1230 2862 Ordiemur
1252 2831 1275 2859 a
1298 2818 1554 2859 facilioribus
1578 2821 1705 2872 atque
1729 2817 1769 2858 in
1792 2816 1936 2870 primis

213 2906 236 2934 a
268 2894 430 2946 Virgilii
470 2894 688 2945 bucolicis,
731 2895 884 2949 quibus
918 2894 1015 2936 addi
1046 2897 1227 2947 possunt
1259 2897 1428 2946 satyrae
1461 2893 1627 2934 Horatii
1660 2895 1702 2934 et
1734 2892 1936 2945 epistolae

211 2968 434 3024 faciliores,
467 2968 605 3010 Ovidii
639 2969 689 3011 de
720 2969 915 3011 tristibus
948 2982 994 3012 ac
1027 2970 1078 3011 de
1110 2970 1258 3010 Ponto.
1314 2969 1370 3009 Et
1401 2968 1435 3009 si
1469 2971 1639 3021 satyrae
1670 2967 1723 3009 ob
1754 2967 1936 3020 idipsum

351 3130 376 3172 ¹)
401 3128 530 3162 Andr.
559 3129 770 3164 Schottus
799 3130 831 3163 S.
851 3130 885 3163 J.
914 3130 953 3164 ln
972 3131 1130 3165 Senecae
1158 3132 1340 3167 suasorias
1360 3134 1394 3164 et
1423 3128 1686 3163 controversias
1713 3127 1816 3162 Paris
1834 3128 1933 3162 1587.
