<?xml version="1.0" encoding="UTF-8"?>
<!DOCTYPE html PUBLIC "-//W3C//DTD XHTML 1.0 Transitional//EN"
    "http://www.w3.org/TR/xhtml1/DTD/xhtml1-transitional.dtd">
<html xmlns="http://www.w3.org/1999/xhtml" xml:lang="en" lang="en">
 <head>
  <title>
</title>
<meta http-equiv="Content-Type" content="text/html;charset=utf-8" />
  <meta name='ocr-system' content='tesseract 3.04.00' />
  <meta name='ocr-capabilities' content='ocr_page ocr_carea ocr_par ocr_line ocrx_word'/>
</head>
<body>
  <div class='ocr_page' id='page_1' title='image "./ratiostudiorumet16jesu_0083.png"; bbox 0 0 2164 3535; ppageno 0'>
   <div class='ocr_carea' id='block_1_1' title="bbox 334 206 1813 252">
    <p class='ocr_par' dir='ltr' id='par_1_1' title="bbox 334 206 1813 252">
     <span class='ocr_line' id='line_1_1' title="bbox 334 206 1813 252; baseline 0 -10"><span class='ocrx_word' id='word_1_1' title='bbox 334 208 372 242; x_wconf 88' lang='lat' dir='ltr'>P.</span> <span class='ocrx_word' id='word_1_2' title='bbox 399 208 596 252; x_wconf 82' lang='lat' dir='ltr'>Hermann,</span> <span class='ocrx_word' id='word_1_3' title='bbox 623 212 777 252; x_wconf 87' lang='lat' dir='ltr'>quatuor</span> <span class='ocrx_word' id='word_1_4' title='bbox 803 207 924 251; x_wconf 86' lang='lat' dir='ltr'>capita</span> <span class='ocrx_word' id='word_1_5' title='bbox 949 206 1134 242; x_wconf 86' lang='lat' dir='ltr'>literarum</span> <span class='ocrx_word' id='word_1_6' title='bbox 1161 206 1422 241; x_wconf 81' lang='lat' dir='ltr'><strong>humaniorum.</strong></span> <span class='ocrx_word' id='word_1_7' title='bbox 1477 209 1573 242; x_wconf 87' lang='grc'><strong>1766.</strong></span> <span class='ocrx_word' id='word_1_8' title='bbox 1761 211 1813 251; x_wconf 82' lang='lat'>59</span> 
     </span>
    </p>
   </div>
   <div class='ocr_carea' id='block_1_2' title="bbox 873 281 973 284">
    <p class='ocr_par' dir='ltr' id='par_1_2' title="bbox 873 281 973 284">
     <span class='ocr_line' id='line_1_2' title="bbox 873 281 973 284; baseline 0 0"><span class='ocrx_word' id='word_1_9' title='bbox 873 281 973 284; x_wconf 95' lang='lat' dir='ltr'> </span> 
     </span>
    </p>
   </div>
   <div class='ocr_carea' id='block_1_3' title="bbox 1438 281 1566 284">
    <p class='ocr_par' dir='ltr' id='par_1_3' title="bbox 1438 281 1566 284">
     <span class='ocr_line' id='line_1_3' title="bbox 1438 281 1566 284; baseline 0 0"><span class='ocrx_word' id='word_1_10' title='bbox 1438 281 1566 284; x_wconf 95' lang='lat' dir='ltr'> </span> 
     </span>
    </p>
   </div>
   <div class='ocr_carea' id='block_1_4' title="bbox 1605 281 1815 284">
    <p class='ocr_par' dir='ltr' id='par_1_4' title="bbox 1605 281 1815 284">
     <span class='ocr_line' id='line_1_4' title="bbox 1605 281 1815 284; baseline 0 0"><span class='ocrx_word' id='word_1_11' title='bbox 1605 281 1815 284; x_wconf 95' lang='lat' dir='ltr'> </span> 
     </span>
    </p>
   </div>
   <div class='ocr_carea' id='block_1_5' title="bbox 92 346 1819 1900">
    <p class='ocr_par' dir='ltr' id='par_1_5' title="bbox 92 346 1818 989">
     <span class='ocr_line' id='line_1_5' title="bbox 92 346 1815 401; baseline 0 -12"><span class='ocrx_word' id='word_1_12' title='bbox 92 346 274 401; x_wconf 83' lang='lat' dir='ltr'>sophicis</span> <span class='ocrx_word' id='word_1_13' title='bbox 296 347 522 401; x_wconf 80' lang='lat' dir='ltr'>Ciceronis,</span> <span class='ocrx_word' id='word_1_14' title='bbox 555 347 596 388; x_wconf 91' lang='lat' dir='ltr'>in</span> <span class='ocrx_word' id='word_1_15' title='bbox 620 346 965 389; x_wconf 88' lang='lat' dir='ltr'>Praelusionibus</span> <span class='ocrx_word' id='word_1_16' title='bbox 987 347 1032 388; x_wconf 90' lang='lat' dir='ltr'>P.</span> <span class='ocrx_word' id='word_1_17' title='bbox 1058 347 1250 389; x_wconf 89' lang='lat' dir='ltr'>Famiani</span> <span class='ocrx_word' id='word_1_18' title='bbox 1272 346 1512 401; x_wconf 84' lang='lat' dir='ltr'>Stradae¹),</span> <span class='ocrx_word' id='word_1_19' title='bbox 1542 347 1584 388; x_wconf 89' lang='lat' dir='ltr'>in</span> <span class='ocrx_word' id='word_1_20' title='bbox 1607 347 1815 389; x_wconf 84' lang='lat' dir='ltr'>Cleandro</span> 
     </span>
     <span class='ocr_line' id='line_1_6' title="bbox 93 421 1817 475; baseline -0.001 -11"><span class='ocrx_word' id='word_1_21' title='bbox 93 425 136 464; x_wconf 88' lang='lat' dir='ltr'>et</span> <span class='ocrx_word' id='word_1_22' title='bbox 166 422 342 464; x_wconf 82' lang='lat' dir='ltr'>Eudoxo</span> <span class='ocrx_word' id='word_1_23' title='bbox 380 422 424 464; x_wconf 94' lang='lat' dir='ltr'>P.</span> <span class='ocrx_word' id='word_1_24' title='bbox 460 421 665 475; x_wconf 80' lang='lat' dir='ltr'>Daniel2).</span> <span class='ocrx_word' id='word_1_25' title='bbox 738 421 841 464; x_wconf 90' lang='lat' dir='ltr'>Cum</span> <span class='ocrx_word' id='word_1_26' title='bbox 886 425 1029 464; x_wconf 87' lang='lat' dir='ltr'>autem</span> <span class='ocrx_word' id='word_1_27' title='bbox 1069 422 1147 464; x_wconf 91' lang='lat' dir='ltr'>hoc</span> <span class='ocrx_word' id='word_1_28' title='bbox 1190 425 1380 475; x_wconf 86' lang='lat' dir='ltr'>tempore</span> <span class='ocrx_word' id='word_1_29' title='bbox 1420 434 1622 475; x_wconf 89' lang='lat' dir='ltr'>magnum</span> <span class='ocrx_word' id='word_1_30' title='bbox 1671 422 1817 464; x_wconf 88' lang='lat' dir='ltr'>critica</span> 
     </span>
     <span class='ocr_line' id='line_1_7' title="bbox 92 496 1816 551; baseline 0 -12"><span class='ocrx_word' id='word_1_31' title='bbox 92 497 230 539; x_wconf 82' lang='lat' dir='ltr'>locum</span> <span class='ocrx_word' id='word_1_32' title='bbox 263 497 374 551; x_wconf 85' lang='lat' dir='ltr'>apud</span> <span class='ocrx_word' id='word_1_33' title='bbox 407 497 595 539; x_wconf 84' lang='lat' dir='ltr'>eruditos</span> <span class='ocrx_word' id='word_1_34' title='bbox 628 497 795 551; x_wconf 87' lang='lat' dir='ltr'>habeat,</span> <span class='ocrx_word' id='word_1_35' title='bbox 829 499 1149 539; x_wconf 81' lang='lat' dir='ltr'>controversum</span> <span class='ocrx_word' id='word_1_36' title='bbox 1181 496 1352 550; x_wconf 83' lang='lat' dir='ltr'>aliquod</span> <span class='ocrx_word' id='word_1_37' title='bbox 1385 510 1459 539; x_wconf 84' lang='lat' dir='ltr'>seu</span> <span class='ocrx_word' id='word_1_38' title='bbox 1492 497 1816 539; x_wconf 85' lang='lat' dir='ltr'>Ecclesiasticae</span> 
     </span>
     <span class='ocr_line' id='line_1_8' title="bbox 92 571 1818 625; baseline 0 -11"><span class='ocrx_word' id='word_1_39' title='bbox 92 585 167 614; x_wconf 83' lang='lat' dir='ltr'>seu</span> <span class='ocrx_word' id='word_1_40' title='bbox 210 571 410 625; x_wconf 80' lang='lat' dir='ltr'>profanae</span> <span class='ocrx_word' id='word_1_41' title='bbox 450 571 663 613; x_wconf 79' lang='lat' dir='ltr'>Historiae</span> <span class='ocrx_word' id='word_1_42' title='bbox 705 575 833 624; x_wconf 90' lang='lat' dir='ltr'>caput</span> <span class='ocrx_word' id='word_1_43' title='bbox 872 572 931 622; x_wconf 89' lang='lat' dir='ltr'>(v.</span> <span class='ocrx_word' id='word_1_44' title='bbox 977 585 1037 623; x_wconf 70' lang='lat' dir='ltr'>gr.</span> <span class='ocrx_word' id='word_1_45' title='bbox 1082 571 1132 613; x_wconf 90' lang='lat' dir='ltr'>de</span> <span class='ocrx_word' id='word_1_46' title='bbox 1170 571 1390 624; x_wconf 89' lang='lat' dir='ltr'>Baptismo</span> <span class='ocrx_word' id='word_1_47' title='bbox 1435 572 1724 625; x_wconf 77' lang='lat' dir='ltr'>Constantini,</span> <span class='ocrx_word' id='word_1_48' title='bbox 1766 572 1818 614; x_wconf 88' lang='lat' dir='ltr'>de</span> 
     </span>
     <span class='ocr_line' id='line_1_9' title="bbox 93 645 1818 700; baseline 0 -12"><span class='ocrx_word' id='word_1_49' title='bbox 93 647 215 700; x_wconf 87' lang='lat' dir='ltr'>lapsu</span> <span class='ocrx_word' id='word_1_50' title='bbox 258 646 297 688; x_wconf 81' lang='lat' dir='ltr'>S.</span> <span class='ocrx_word' id='word_1_51' title='bbox 339 646 572 689; x_wconf 81' lang='lat' dir='ltr'>Marcellini</span> <span class='ocrx_word' id='word_1_52' title='bbox 615 645 853 699; x_wconf 82' lang='lat' dir='ltr'>Pontificis)</span> <span class='ocrx_word' id='word_1_53' title='bbox 902 650 1185 700; x_wconf 85' lang='lat' dir='ltr'>opportunam</span> <span class='ocrx_word' id='word_1_54' title='bbox 1240 646 1481 700; x_wconf 89' lang='lat' dir='ltr'>hujusmodi</span> <span class='ocrx_word' id='word_1_55' title='bbox 1526 647 1702 699; x_wconf 83' lang='lat' dir='ltr'>Dialogo</span> <span class='ocrx_word' id='word_1_56' title='bbox 1753 647 1818 688; x_wconf 89' lang='lat' dir='ltr'>vel</span> 
     </span>
     <span class='ocr_line' id='line_1_10' title="bbox 95 721 1813 774; baseline -0.001 -10"><span class='ocrx_word' id='word_1_57' title='bbox 95 722 392 764; x_wconf 88' lang='lat' dir='ltr'>Dissertationi</span> <span class='ocrx_word' id='word_1_58' title='bbox 434 722 655 763; x_wconf 83' lang='lat' dir='ltr'>materiam</span> <span class='ocrx_word' id='word_1_59' title='bbox 697 721 900 774; x_wconf 86' lang='lat' dir='ltr'>praebere</span> <span class='ocrx_word' id='word_1_60' title='bbox 939 725 1100 774; x_wconf 84' lang='lat' dir='ltr'>posset:</span> <span class='ocrx_word' id='word_1_61' title='bbox 1145 722 1416 764; x_wconf 87' lang='lat' dir='ltr'>Problemata</span> <span class='ocrx_word' id='word_1_62' title='bbox 1447 735 1545 764; x_wconf 88' lang='lat' dir='ltr'>vero</span> <span class='ocrx_word' id='word_1_63' title='bbox 1579 725 1622 764; x_wconf 90' lang='lat' dir='ltr'>et</span> <span class='ocrx_word' id='word_1_64' title='bbox 1653 725 1813 763; x_wconf 74' lang='lat' dir='ltr'>contre&lt;</span> 
     </span>
     <span class='ocr_line' id='line_1_11' title="bbox 92 796 1818 853; baseline 0 -15"><span class='ocrx_word' id='word_1_65' title='bbox 92 809 214 839; x_wconf 88' lang='lat' dir='ltr'>versa</span> <span class='ocrx_word' id='word_1_66' title='bbox 236 796 451 839; x_wconf 86' lang='lat' dir='ltr'>Historiae</span> <span class='ocrx_word' id='word_1_67' title='bbox 474 797 614 851; x_wconf 87' lang='lat' dir='ltr'>capita</span> <span class='ocrx_word' id='word_1_68' title='bbox 635 797 972 851; x_wconf 87' lang='lat' dir='ltr'>suppeditabunt</span> <span class='ocrx_word' id='word_1_69' title='bbox 996 799 1290 851; x_wconf 84' lang='lat' dir='ltr'>responsiones</span> <span class='ocrx_word' id='word_1_70' title='bbox 1314 798 1650 853; x_wconf 85' lang='lat' dir='ltr'>I&#39;apeb1·ochii³),</span> <span class='ocrx_word' id='word_1_71' title='bbox 1683 797 1818 848; x_wconf 81' lang='lat' dir='ltr'>Quae-</span> 
     </span>
     <span class='ocr_line' id='line_1_12' title="bbox 93 871 1818 927; baseline 0 -13"><span class='ocrx_word' id='word_1_72' title='bbox 93 872 251 914; x_wconf 76' lang='lat' dir='ltr'>stiones</span> <span class='ocrx_word' id='word_1_73' title='bbox 298 871 732 915; x_wconf 86' lang='lat' dir='ltr'>Historico-criticae</span> <span class='ocrx_word' id='word_1_74' title='bbox 778 873 822 914; x_wconf 88' lang='lat' dir='ltr'>P.</span> <span class='ocrx_word' id='word_1_75' title='bbox 872 872 1143 927; x_wconf 50' lang='lat' dir='ltr'>Schwarzff),</span> <span class='ocrx_word' id='word_1_76' title='bbox 1196 873 1528 915; x_wconf 84' lang='lat' dir='ltr'>Dissertationes</span> <span class='ocrx_word' id='word_1_77' title='bbox 1580 872 1818 915; x_wconf 89' lang='lat' dir='ltr'>Historicae</span> 
     </span>
     <span class='ocr_line' id='line_1_13' title="bbox 93 946 528 989; baseline -0.005 -1"><span class='ocrx_word' id='word_1_78' title='bbox 93 946 319 988; x_wconf 84' lang='lat' dir='ltr'>Alexandri</span> <span class='ocrx_word' id='word_1_79' title='bbox 351 946 528 989; x_wconf 81' lang='lat' dir='ltr'>Natalis.</span> 
     </span>
    </p>

    <p class='ocr_par' dir='ltr' id='par_1_6' title="bbox 231 1021 1815 1076">
     <span class='ocr_line' id='line_1_14' title="bbox 231 1021 1815 1076; baseline 0 -13"><span class='ocrx_word' id='word_1_80' title='bbox 231 1021 533 1064; x_wconf 84' lang='lat' dir='ltr'>Secundum</span> <span class='ocrx_word' id='word_1_81' title='bbox 567 1022 747 1065; x_wconf 89' lang='lat' dir='ltr'>Carmen</span> <span class='ocrx_word' id='word_1_82' title='bbox 781 1023 1098 1075; x_wconf 85' lang='lat' dir='ltr'>Hexametrum,</span> <span class='ocrx_word' id='word_1_83' title='bbox 1131 1023 1219 1065; x_wconf 87' lang='lat' dir='ltr'>sive</span> <span class='ocrx_word' id='word_1_84' title='bbox 1251 1022 1550 1076; x_wconf 83' lang='lat' dir='ltr'>Spectaculum</span> <span class='ocrx_word' id='word_1_85' title='bbox 1577 1023 1815 1064; x_wconf 87' lang='lat' dir='ltr'>Heroicum.</span> 
     </span>
    </p>

    <p class='ocr_par' dir='ltr' id='par_1_7' title="bbox 93 1097 1818 1439">
     <span class='ocr_line' id='line_1_15' title="bbox 231 1097 1818 1151; baseline 0 -13"><span class='ocrx_word' id='word_1_86' title='bbox 231 1097 470 1139; x_wconf 90' lang='lat' dir='ltr'>Tertium</span> <span class='ocrx_word' id='word_1_87' title='bbox 503 1097 680 1139; x_wconf 88' lang='lat' dir='ltr'>Carmen</span> <span class='ocrx_word' id='word_1_88' title='bbox 716 1098 936 1151; x_wconf 79' lang='lat' dir='ltr'>Lyricum,</span> <span class='ocrx_word' id='word_1_89' title='bbox 979 1110 1064 1151; x_wconf 89' lang='lat' dir='ltr'>qua</span> <span class='ocrx_word' id='word_1_90' title='bbox 1104 1098 1145 1139; x_wconf 90' lang='lat' dir='ltr'>in</span> <span class='ocrx_word' id='word_1_91' title='bbox 1188 1110 1233 1139; x_wconf 88' lang='lat' dir='ltr'>re</span> <span class='ocrx_word' id='word_1_92' title='bbox 1266 1097 1318 1139; x_wconf 87' lang='lat' dir='ltr'>ad</span> <span class='ocrx_word' id='word_1_93' title='bbox 1352 1097 1630 1140; x_wconf 87' lang='lat' dir='ltr'>exercendum</span> <span class='ocrx_word' id='word_1_94' title='bbox 1661 1097 1818 1151; x_wconf 83' lang='lat' dir='ltr'>stylum</span> 
     </span>
     <span class='ocr_line' id='line_1_16' title="bbox 93 1171 1818 1227; baseline -0.001 -13"><span class='ocrx_word' id='word_1_95' title='bbox 93 1176 136 1214; x_wconf 88' lang='lat' dir='ltr'>et</span> <span class='ocrx_word' id='word_1_96' title='bbox 174 1172 477 1214; x_wconf 86' lang='lat' dir='ltr'>addiscendum</span> <span class='ocrx_word' id='word_1_97' title='bbox 519 1173 650 1226; x_wconf 87' lang='lat' dir='ltr'>probe</span> <span class='ocrx_word' id='word_1_98' title='bbox 682 1173 930 1227; x_wconf 71' lang='lat' dir='ltr'>Lyricorum</span> <span class='ocrx_word' id='word_1_99' title='bbox 973 1186 1097 1214; x_wconf 89' lang='lat' dir='ltr'>usum</span> <span class='ocrx_word' id='word_1_100' title='bbox 1140 1173 1369 1226; x_wconf 89' lang='lat' dir='ltr'>plurimum</span> <span class='ocrx_word' id='word_1_101' title='bbox 1397 1172 1586 1227; x_wconf 87' lang='lat' dir='ltr'>juvabit,</span> <span class='ocrx_word' id='word_1_102' title='bbox 1628 1175 1674 1214; x_wconf 89' lang='lat' dir='ltr'>ut</span> <span class='ocrx_word' id='word_1_103' title='bbox 1706 1171 1818 1213; x_wconf 86' lang='lat' dir='ltr'>idem</span> 
     </span>
     <span class='ocr_line' id='line_1_17' title="bbox 93 1246 1818 1302; baseline -0.001 -13"><span class='ocrx_word' id='word_1_104' title='bbox 93 1251 389 1299; x_wconf 84' lang='lat' dir='ltr'>argumentum</span> <span class='ocrx_word' id='word_1_105' title='bbox 422 1251 474 1299; x_wconf 80' lang='lat' dir='ltr'>(v.</span> <span class='ocrx_word' id='word_1_106' title='bbox 508 1260 569 1299; x_wconf 77' lang='lat' dir='ltr'>gr.</span> <span class='ocrx_word' id='word_1_107' title='bbox 605 1247 750 1289; x_wconf 87' lang='lat' dir='ltr'>eadem</span> <span class='ocrx_word' id='word_1_108' title='bbox 783 1248 993 1290; x_wconf 83' lang='lat' dir='ltr'>sententia</span> <span class='ocrx_word' id='word_1_109' title='bbox 1025 1260 1072 1290; x_wconf 84' lang='lat' dir='ltr'>ac</span> <span class='ocrx_word' id='word_1_110' title='bbox 1105 1248 1299 1290; x_wconf 86' lang='lat' dir='ltr'>doctrina</span> <span class='ocrx_word' id='word_1_111' title='bbox 1333 1247 1525 1302; x_wconf 88' lang='lat' dir='ltr'>moralis,</span> <span class='ocrx_word' id='word_1_112' title='bbox 1557 1247 1667 1289; x_wconf 87' lang='lat' dir='ltr'>idem</span> <span class='ocrx_word' id='word_1_113' title='bbox 1700 1246 1818 1288; x_wconf 84' lang='lat' dir='ltr'>affec-</span> 
     </span>
     <span class='ocr_line' id='line_1_18' title="bbox 93 1321 1816 1377; baseline -0.001 -13"><span class='ocrx_word' id='word_1_114' title='bbox 93 1327 161 1364; x_wconf 87' lang='lat' dir='ltr'>tus</span> <span class='ocrx_word' id='word_1_115' title='bbox 184 1324 281 1374; x_wconf 89' lang='lat' dir='ltr'>cet.)</span> <span class='ocrx_word' id='word_1_116' title='bbox 305 1322 482 1364; x_wconf 85' lang='lat' dir='ltr'>diversis</span> <span class='ocrx_word' id='word_1_117' title='bbox 505 1321 698 1377; x_wconf 85' lang='lat' dir='ltr'>odarum,</span> <span class='ocrx_word' id='word_1_118' title='bbox 721 1335 756 1363; x_wconf 92' lang='lat' dir='ltr'>v.</span> <span class='ocrx_word' id='word_1_119' title='bbox 790 1334 850 1374; x_wconf 82' lang='lat' dir='ltr'>gr.</span> <span class='ocrx_word' id='word_1_120' title='bbox 886 1323 1094 1375; x_wconf 87' lang='lat' dir='ltr'>Alcaicae,</span> <span class='ocrx_word' id='word_1_121' title='bbox 1128 1323 1377 1376; x_wconf 81' lang='lat' dir='ltr'>Sapphicae,</span> <span class='ocrx_word' id='word_1_122' title='bbox 1410 1322 1710 1376; x_wconf 88' lang='lat' dir='ltr'>Asclepiadeae</span> <span class='ocrx_word' id='word_1_123' title='bbox 1739 1324 1816 1363; x_wconf 87' lang='lat' dir='ltr'>cet.</span> 
     </span>
     <span class='ocr_line' id='line_1_19' title="bbox 94 1396 481 1439; baseline 0 -1"><span class='ocrx_word' id='word_1_124' title='bbox 94 1397 239 1439; x_wconf 89' lang='lat' dir='ltr'>metris</span> <span class='ocrx_word' id='word_1_125' title='bbox 271 1396 481 1438; x_wconf 86' lang='lat' dir='ltr'>efferatur.</span> 
     </span>
    </p>

    <p class='ocr_par' dir='ltr' id='par_1_8' title="bbox 95 1470 1819 1677">
     <span class='ocr_line' id='line_1_20' title="bbox 234 1470 1819 1526; baseline -0.001 -13"><span class='ocrx_word' id='word_1_126' title='bbox 234 1473 314 1513; x_wconf 82' lang='lat' dir='ltr'>Pro</span> <span class='ocrx_word' id='word_1_127' title='bbox 346 1476 490 1526; x_wconf 84' lang='lat' dir='ltr'>quarto</span> <span class='ocrx_word' id='word_1_128' title='bbox 523 1485 644 1514; x_wconf 85' lang='lat' dir='ltr'>anno.</span> <span class='ocrx_word' id='word_1_129' title='bbox 682 1498 731 1503; x_wconf 95' lang='lat'>—</span> <span class='ocrx_word' id='word_1_130' title='bbox 766 1473 993 1515; x_wconf 89' lang='lat' dir='ltr'>Primum</span> <span class='ocrx_word' id='word_1_131' title='bbox 1027 1473 1173 1515; x_wconf 84' lang='lat' dir='ltr'>Oratio</span> <span class='ocrx_word' id='word_1_132' title='bbox 1206 1473 1370 1525; x_wconf 82' lang='lat' dir='ltr'>aliqua,</span> <span class='ocrx_word' id='word_1_133' title='bbox 1403 1473 1444 1514; x_wconf 89' lang='lat' dir='ltr'>in</span> <span class='ocrx_word' id='word_1_134' title='bbox 1477 1485 1561 1525; x_wconf 88' lang='lat' dir='ltr'>qua</span> <span class='ocrx_word' id='word_1_135' title='bbox 1595 1470 1819 1513; x_wconf 88' lang='lat' dir='ltr'>artificium</span> 
     </span>
     <span class='ocr_line' id='line_1_21' title="bbox 95 1545 1819 1600; baseline 0 -13"><span class='ocrx_word' id='word_1_136' title='bbox 95 1550 246 1599; x_wconf 86' lang='lat' dir='ltr'>totum,</span> <span class='ocrx_word' id='word_1_137' title='bbox 280 1547 352 1589; x_wconf 85' lang='lat' dir='ltr'>sed</span> <span class='ocrx_word' id='word_1_138' title='bbox 384 1548 496 1588; x_wconf 88' lang='lat' dir='ltr'>intra</span> <span class='ocrx_word' id='word_1_139' title='bbox 527 1548 816 1600; x_wconf 72' lang='lat' dir='ltr'>praescriptae</span> <span class='ocrx_word' id='word_1_140' title='bbox 848 1548 1069 1590; x_wconf 83' lang='lat' dir='ltr'>brevitatis</span> <span class='ocrx_word' id='word_1_141' title='bbox 1091 1548 1261 1597; x_wconf 84' lang='lat' dir='ltr'>limites,</span> <span class='ocrx_word' id='word_1_142' title='bbox 1298 1547 1552 1599; x_wconf 87' lang='lat' dir='ltr'>continetur,</span> <span class='ocrx_word' id='word_1_143' title='bbox 1585 1545 1819 1599; x_wconf 83' lang='lat' dir='ltr'>cujusmodi</span> 
     </span>
     <span class='ocr_line' id='line_1_22' title="bbox 95 1622 776 1677; baseline 0 -14"><span class='ocrx_word' id='word_1_144' title='bbox 95 1622 285 1675; x_wconf 82' lang='lat' dir='ltr'>exempla</span> <span class='ocrx_word' id='word_1_145' title='bbox 316 1622 484 1664; x_wconf 84' lang='lat' dir='ltr'>exhibet</span> <span class='ocrx_word' id='word_1_146' title='bbox 514 1623 558 1664; x_wconf 91' lang='lat' dir='ltr'>P.</span> <span class='ocrx_word' id='word_1_147' title='bbox 593 1623 651 1664; x_wconf 91' lang='lat' dir='ltr'>Le</span> <span class='ocrx_word' id='word_1_148' title='bbox 683 1623 776 1677; x_wconf 77' lang='lat' dir='ltr'>Jay.</span> 
     </span>
    </p>

    <p class='ocr_par' dir='ltr' id='par_1_9' title="bbox 95 1696 1819 1900">
     <span class='ocr_line' id='line_1_23' title="bbox 234 1696 1819 1751; baseline -0.001 -13"><span class='ocrx_word' id='word_1_149' title='bbox 234 1696 533 1739; x_wconf 80' lang='lat' dir='ltr'>Secundum</span> <span class='ocrx_word' id='word_1_150' title='bbox 572 1698 653 1739; x_wconf 89' lang='lat' dir='ltr'>erit</span> <span class='ocrx_word' id='word_1_151' title='bbox 694 1698 806 1739; x_wconf 81' lang='lat' dir='ltr'>fictio</span> <span class='ocrx_word' id='word_1_152' title='bbox 849 1697 992 1751; x_wconf 86' lang='lat' dir='ltr'>aliqua</span> <span class='ocrx_word' id='word_1_153' title='bbox 1022 1698 1194 1739; x_wconf 76' lang='lat' dir='ltr'>Poetica</span> <span class='ocrx_word' id='word_1_154' title='bbox 1237 1696 1305 1749; x_wconf 76' lang='lat' dir='ltr'>(de</span> <span class='ocrx_word' id='word_1_155' title='bbox 1339 1710 1423 1750; x_wconf 81' lang='lat' dir='ltr'>qua</span> <span class='ocrx_word' id='word_1_156' title='bbox 1453 1697 1497 1738; x_wconf 83' lang='lat' dir='ltr'>P.</span> <span class='ocrx_word' id='word_1_157' title='bbox 1531 1696 1747 1749; x_wconf 78' lang='lat' dir='ltr'>Neumayr</span> <span class='ocrx_word' id='word_1_158' title='bbox 1777 1696 1819 1737; x_wconf 91' lang='lat' dir='ltr'>in</span> 
     </span>
     <span class='ocr_line' id='line_1_24' title="bbox 95 1770 1819 1827; baseline -0.001 -15"><span class='ocrx_word' id='word_1_159' title='bbox 95 1772 197 1813; x_wconf 87' lang='lat' dir='ltr'>Idea</span> <span class='ocrx_word' id='word_1_160' title='bbox 219 1772 398 1815; x_wconf 76' lang='lat' dir='ltr'>l&#39;oeseos</span> <span class='ocrx_word' id='word_1_161' title='bbox 431 1786 469 1826; x_wconf 91' lang='lat' dir='ltr'>p.</span> <span class='ocrx_word' id='word_1_162' title='bbox 497 1776 533 1827; x_wconf 87' lang='lat'>1,</span> <span class='ocrx_word' id='word_1_163' title='bbox 567 1786 598 1815; x_wconf 83' lang='lat' dir='ltr'>e.</span> <span class='ocrx_word' id='word_1_164' title='bbox 625 1776 663 1827; x_wconf 69' lang='lat'>2,</span> <span class='ocrx_word' id='word_1_165' title='bbox 697 1776 801 1827; x_wconf 70' lang='lat'>§4),</span> <span class='ocrx_word' id='word_1_166' title='bbox 835 1786 944 1826; x_wconf 83' lang='lat' dir='ltr'>quae</span> <span class='ocrx_word' id='word_1_167' title='bbox 976 1777 1142 1815; x_wconf 86' lang='lat' dir='ltr'>constat</span> <span class='ocrx_word' id='word_1_168' title='bbox 1174 1786 1221 1814; x_wconf 85' lang='lat' dir='ltr'>ex</span> <span class='ocrx_word' id='word_1_169' title='bbox 1254 1785 1382 1825; x_wconf 88' lang='lat' dir='ltr'>prosa</span> <span class='ocrx_word' id='word_1_170' title='bbox 1414 1775 1456 1814; x_wconf 88' lang='lat' dir='ltr'>et</span> <span class='ocrx_word' id='word_1_171' title='bbox 1477 1771 1684 1825; x_wconf 87' lang='lat' dir='ltr'>versibus,</span> <span class='ocrx_word' id='word_1_172' title='bbox 1716 1770 1819 1812; x_wconf 84' lang='lat' dir='ltr'>alias</span> 
     </span>
     <span class='ocr_line' id='line_1_25' title="bbox 96 1845 1818 1900; baseline 0 -13"><span class='ocrx_word' id='word_1_173' title='bbox 96 1846 318 1888; x_wconf 86' lang='lat' dir='ltr'>mixtum</span> <span class='ocrx_word' id='word_1_174' title='bbox 352 1848 491 1890; x_wconf 81' lang='lat' dir='ltr'>vocari</span> <span class='ocrx_word' id='word_1_175' title='bbox 524 1848 659 1891; x_wconf 78' lang='lat' dir='ltr'>solita.</span> <span class='ocrx_word' id='word_1_176' title='bbox 709 1849 757 1890; x_wconf 90' lang='lat' dir='ltr'>In</span> <span class='ocrx_word' id='word_1_177' title='bbox 790 1848 867 1890; x_wconf 87' lang='lat' dir='ltr'>hae</span> <span class='ocrx_word' id='word_1_178' title='bbox 899 1849 1200 1890; x_wconf 82' lang='lat' dir='ltr'>exercitatione</span> <span class='ocrx_word' id='word_1_179' title='bbox 1229 1848 1345 1890; x_wconf 84' lang='lat' dir='ltr'>locus</span> <span class='ocrx_word' id='word_1_180' title='bbox 1369 1851 1433 1890; x_wconf 84' lang='lat' dir='ltr'>est</span> <span class='ocrx_word' id='word_1_181' title='bbox 1455 1845 1686 1890; x_wconf 80' lang='lat' dir='ltr'>exercendo</span> <span class='ocrx_word' id='word_1_182' title='bbox 1708 1846 1818 1900; x_wconf 89' lang='lat' dir='ltr'>stylo</span> 
     </span>
    </p>
   </div>
   <div class='ocr_carea' id='block_1_6' title="bbox 102 1942 375 1946">
    <p class='ocr_par' dir='ltr' id='par_1_10' title="bbox 102 1942 375 1946">
     <span class='ocr_line' id='line_1_26' title="bbox 102 1942 375 1946; baseline 0 0"><span class='ocrx_word' id='word_1_183' title='bbox 102 1942 375 1946; x_wconf 95' lang='lat' dir='ltr'> </span> 
     </span>
    </p>
   </div>
   <div class='ocr_carea' id='block_1_7' title="bbox 94 1988 1824 3185">
    <p class='ocr_par' dir='ltr' id='par_1_11' title="bbox 94 1988 1821 2267">
     <span class='ocr_line' id='line_1_27' title="bbox 236 1988 1821 2034; baseline -0.002 -9"><span class='ocrx_word' id='word_1_184' title='bbox 236 1993 259 2034; x_wconf 92' lang='lat'>¹)</span> <span class='ocrx_word' id='word_1_185' title='bbox 298 1992 446 2026; x_wconf 87' lang='lat' dir='ltr'>Famien</span> <span class='ocrx_word' id='word_1_186' title='bbox 481 1990 611 2025; x_wconf 66' lang='lat' dir='ltr'>strada</span> <span class='ocrx_word' id='word_1_187' title='bbox 646 1991 731 2025; x_wconf 75' lang='lat' dir='ltr'>S.·].</span> <span class='ocrx_word' id='word_1_188' title='bbox 765 1990 868 2032; x_wconf 79' lang='lat' dir='ltr'>(Rom</span> <span class='ocrx_word' id='word_1_189' title='bbox 899 1991 1002 2034; x_wconf 78' lang='grc'><strong>1572,</strong></span> <span class='ocrx_word' id='word_1_190' title='bbox 1038 1993 1142 2034; x_wconf 83' lang='grc'><strong>1591,</strong></span> <span class='ocrx_word' id='word_1_191' title='bbox 1179 1993 1279 2033; x_wconf 80' lang='grc'><strong>1649)</strong></span> <span class='ocrx_word' id='word_1_192' title='bbox 1316 1989 1548 2024; x_wconf 83' lang='lat' dir='ltr'>Prolusiones</span> <span class='ocrx_word' id='word_1_193' title='bbox 1582 1988 1821 2023; x_wconf 82' lang='lat' dir='ltr'>Aeademicae</span> 
     </span>
     <span class='ocr_line' id='line_1_28' title="bbox 94 2046 1819 2094; baseline -0.003 -10"><span class='ocrx_word' id='word_1_194' title='bbox 94 2049 229 2084; x_wconf 81' lang='lat' dir='ltr'>Romae</span> <span class='ocrx_word' id='word_1_195' title='bbox 258 2052 356 2094; x_wconf 81' lang='lat'>1617,</span> <span class='ocrx_word' id='word_1_196' title='bbox 387 2051 442 2084; x_wconf 86' lang='lat'>40.</span> <span class='ocrx_word' id='word_1_197' title='bbox 493 2061 526 2093; x_wconf 88' lang='lat' dir='ltr'>p.</span> <span class='ocrx_word' id='word_1_198' title='bbox 546 2052 624 2085; x_wconf 89' lang='grc'><strong>496.</strong></span> <span class='ocrx_word' id='word_1_199' title='bbox 684 2048 785 2083; x_wconf 79' lang='lat' dir='ltr'>Viele</span> <span class='ocrx_word' id='word_1_200' title='bbox 812 2048 1002 2092; x_wconf 74' lang='lat' dir='ltr'>Auflagen,</span> <span class='ocrx_word' id='word_1_201' title='bbox 1037 2048 1145 2083; x_wconf 89' lang='lat' dir='ltr'>letzte</span> <span class='ocrx_word' id='word_1_202' title='bbox 1181 2047 1311 2082; x_wconf 82' lang='lat' dir='ltr'>Oxonii</span> <span class='ocrx_word' id='word_1_203' title='bbox 1351 2048 1454 2083; x_wconf 85' lang='lat'>1745:</span> <span class='ocrx_word' id='word_1_204' title='bbox 1509 2047 1614 2081; x_wconf 77' lang='lat' dir='ltr'>»Cest</span> <span class='ocrx_word' id='word_1_205' title='bbox 1645 2046 1734 2080; x_wconf 86' lang='lat' dir='ltr'>dans</span> <span class='ocrx_word' id='word_1_206' title='bbox 1769 2046 1819 2079; x_wconf 88' lang='lat' dir='ltr'>les</span> 
     </span>
     <span class='ocr_line' id='line_1_29' title="bbox 95 2104 1820 2150; baseline -0.002 -9"><span class='ocrx_word' id='word_1_207' title='bbox 95 2107 326 2142; x_wconf 84' lang='lat' dir='ltr'>Prolusiones</span> <span class='ocrx_word' id='word_1_208' title='bbox 354 2118 423 2150; x_wconf 89' lang='lat' dir='ltr'>que</span> <span class='ocrx_word' id='word_1_209' title='bbox 443 2108 574 2143; x_wconf 87' lang='lat' dir='ltr'>Strada</span> <span class='ocrx_word' id='word_1_210' title='bbox 600 2120 643 2143; x_wconf 82' lang='lat' dir='ltr'>en</span> <span class='ocrx_word' id='word_1_211' title='bbox 670 2120 707 2143; x_wconf 86' lang='lat' dir='ltr'>se</span> <span class='ocrx_word' id='word_1_212' title='bbox 735 2108 868 2142; x_wconf 86' lang='lat' dir='ltr'>livrant</span> <span class='ocrx_word' id='word_1_213' title='bbox 893 2108 913 2141; x_wconf 69' lang='lat' dir='ltr'>a</span> <span class='ocrx_word' id='word_1_214' title='bbox 940 2118 1009 2142; x_wconf 89' lang='lat' dir='ltr'>une</span> <span class='ocrx_word' id='word_1_215' title='bbox 1038 2112 1133 2142; x_wconf 86' lang='lat' dir='ltr'>sorte</span> <span class='ocrx_word' id='word_1_216' title='bbox 1162 2106 1204 2142; x_wconf 90' lang='lat' dir='ltr'>de</span> <span class='ocrx_word' id='word_1_217' title='bbox 1227 2107 1291 2150; x_wconf 80' lang='lat' dir='ltr'>jeu</span> <span class='ocrx_word' id='word_1_218' title='bbox 1318 2106 1470 2150; x_wconf 82' lang='lat' dir='ltr'>d&#39;esprit</span> <span class='ocrx_word' id='word_1_219' title='bbox 1495 2111 1556 2140; x_wconf 83' lang='lat' dir='ltr'>eut</span> <span class='ocrx_word' id='word_1_220' title='bbox 1582 2106 1616 2139; x_wconf 90' lang='lat' dir='ltr'>la</span> <span class='ocrx_word' id='word_1_221' title='bbox 1643 2104 1820 2149; x_wconf 71' lang='lat' dir='ltr'>premiere</span> 
     </span>
     <span class='ocr_line' id='line_1_30' title="bbox 96 2161 1820 2210; baseline -0.002 -11"><span class='ocrx_word' id='word_1_222' title='bbox 96 2165 174 2199; x_wconf 72' lang='lat' dir='ltr'>ideo</span> <span class='ocrx_word' id='word_1_223' title='bbox 202 2165 248 2199; x_wconf 88' lang='lat' dir='ltr'>du</span> <span class='ocrx_word' id='word_1_224' title='bbox 266 2165 492 2209; x_wconf 83' lang='lat' dir='ltr'>telegraphie</span> <span class='ocrx_word' id='word_1_225' title='bbox 512 2166 731 2210; x_wconf 81' lang='lat' dir='ltr'>eleetrique«</span> <span class='ocrx_word' id='word_1_226' title='bbox 762 2166 804 2200; x_wconf 90' lang='lat' dir='ltr'>de</span> <span class='ocrx_word' id='word_1_227' title='bbox 826 2166 968 2200; x_wconf 84' lang='lat' dir='ltr'>Baeker</span> <span class='ocrx_word' id='word_1_228' title='bbox 993 2165 1057 2209; x_wconf 91' lang='lat' dir='ltr'>III,</span> <span class='ocrx_word' id='word_1_229' title='bbox 1077 2168 1145 2200; x_wconf 88' lang='grc'>956</span> <span class='ocrx_word' id='word_1_230' title='bbox 1162 2176 1196 2199; x_wconf 83' lang='grc' dir='ltr'>ιι.</span> <span class='ocrx_word' id='word_1_231' title='bbox 1214 2167 1315 2200; x_wconf 83' lang='grc'><strong>2302.</strong></span> <span class='ocrx_word' id='word_1_232' title='bbox 1358 2163 1481 2198; x_wconf 88' lang='lat' dir='ltr'>Durch</span> <span class='ocrx_word' id='word_1_233' title='bbox 1511 2163 1587 2198; x_wconf 88' lang='lat' dir='ltr'>sein</span> <span class='ocrx_word' id='word_1_234' title='bbox 1613 2161 1820 2197; x_wconf 79' lang='lat' dir='ltr'>beruhmtes</span> 
     </span>
     <span class='ocr_line' id='line_1_31' title="bbox 95 2221 1255 2267; baseline -0.001 -11"><span class='ocrx_word' id='word_1_235' title='bbox 95 2223 208 2257; x_wconf 84' lang='lat' dir='ltr'>Werk</span> <span class='ocrx_word' id='word_1_236' title='bbox 236 2222 290 2257; x_wconf 87' lang='lat' dir='ltr'>De</span> <span class='ocrx_word' id='word_1_237' title='bbox 317 2222 410 2257; x_wconf 87' lang='lat' dir='ltr'>bello</span> <span class='ocrx_word' id='word_1_238' title='bbox 437 2223 584 2267; x_wconf 84' lang='lat' dir='ltr'>Belgieo</span> <span class='ocrx_word' id='word_1_239' title='bbox 611 2223 658 2257; x_wconf 81' lang='lat' dir='ltr'>ist</span> <span class='ocrx_word' id='word_1_240' title='bbox 684 2223 816 2257; x_wconf 77' lang='lat' dir='ltr'>strada</span> <span class='ocrx_word' id='word_1_241' title='bbox 843 2223 1026 2257; x_wconf 83' lang='lat' dir='ltr'>Classiker</span> <span class='ocrx_word' id='word_1_242' title='bbox 1055 2221 1255 2266; x_wconf 84' lang='lat' dir='ltr'>geworden.</span> 
     </span>
    </p>

    <p class='ocr_par' dir='ltr' id='par_1_12' title="bbox 94 2277 1823 2658">
     <span class='ocr_line' id='line_1_32' title="bbox 232 2277 1823 2325; baseline -0.001 -12"><span class='ocrx_word' id='word_1_243' title='bbox 232 2279 259 2324; x_wconf 83' lang='lat'>2)</span> <span class='ocrx_word' id='word_1_244' title='bbox 288 2279 434 2314; x_wconf 89' lang='lat' dir='ltr'>Gabriel</span> <span class='ocrx_word' id='word_1_245' title='bbox 453 2280 584 2315; x_wconf 82' lang='lat' dir='ltr'>Daniel</span> <span class='ocrx_word' id='word_1_246' title='bbox 612 2281 645 2315; x_wconf 80' lang='lat' dir='ltr'>S.</span> <span class='ocrx_word' id='word_1_247' title='bbox 664 2281 698 2315; x_wconf 80' lang='lat' dir='ltr'>J.</span> <span class='ocrx_word' id='word_1_248' title='bbox 726 2281 864 2319; x_wconf 80' lang='lat' dir='ltr'>(Rouen</span> <span class='ocrx_word' id='word_1_249' title='bbox 895 2284 992 2325; x_wconf 73' lang='lat'>1649,</span> <span class='ocrx_word' id='word_1_250' title='bbox 1022 2282 1121 2324; x_wconf 82' lang='grc'><strong>1667,</strong></span> <span class='ocrx_word' id='word_1_251' title='bbox 1151 2281 1251 2322; x_wconf 81' lang='grc'><strong>1728)</strong></span> <span class='ocrx_word' id='word_1_252' title='bbox 1278 2278 1487 2313; x_wconf 82' lang='lat' dir='ltr'>Entretiens</span> <span class='ocrx_word' id='word_1_253' title='bbox 1513 2278 1556 2312; x_wconf 87' lang='lat' dir='ltr'>de</span> <span class='ocrx_word' id='word_1_254' title='bbox 1585 2277 1760 2312; x_wconf 88' lang='lat' dir='ltr'>Cleandre</span> <span class='ocrx_word' id='word_1_255' title='bbox 1788 2282 1823 2311; x_wconf 87' lang='lat' dir='ltr'>et</span> 
     </span>
     <span class='ocr_line' id='line_1_33' title="bbox 96 2334 1822 2381; baseline -0.002 -10"><span class='ocrx_word' id='word_1_256' title='bbox 96 2337 283 2372; x_wconf 78' lang='lat' dir='ltr'>d’Eudoxe</span> <span class='ocrx_word' id='word_1_257' title='bbox 302 2349 363 2372; x_wconf 89' lang='lat' dir='ltr'>sur</span> <span class='ocrx_word' id='word_1_258' title='bbox 382 2338 433 2372; x_wconf 86' lang='lat' dir='ltr'>les</span> <span class='ocrx_word' id='word_1_259' title='bbox 452 2338 595 2372; x_wconf 81' lang='lat' dir='ltr'>Lettres</span> <span class='ocrx_word' id='word_1_260' title='bbox 614 2349 660 2372; x_wconf 89' lang='lat' dir='ltr'>au</span> <span class='ocrx_word' id='word_1_261' title='bbox 680 2338 886 2373; x_wconf 83' lang='lat' dir='ltr'>Provincial</span> <span class='ocrx_word' id='word_1_262' title='bbox 914 2338 1070 2381; x_wconf 77' lang='lat' dir='ltr'>Cologne</span> <span class='ocrx_word' id='word_1_263' title='bbox 1097 2337 1251 2380; x_wconf 84' lang='lat' dir='ltr'>(Rouen)</span> <span class='ocrx_word' id='word_1_264' title='bbox 1280 2339 1380 2380; x_wconf 78' lang='grc'><strong>1694,</strong></span> <span class='ocrx_word' id='word_1_265' title='bbox 1411 2337 1484 2370; x_wconf 81' lang='lat'>120.</span> <span class='ocrx_word' id='word_1_266' title='bbox 1519 2347 1577 2379; x_wconf 87' lang='lat' dir='ltr'>pp.</span> <span class='ocrx_word' id='word_1_267' title='bbox 1598 2338 1675 2370; x_wconf 83' lang='lat'>406.</span> <span class='ocrx_word' id='word_1_268' title='bbox 1716 2334 1822 2368; x_wconf 88' lang='lat' dir='ltr'>Zahl-</span> 
     </span>
     <span class='ocr_line' id='line_1_34' title="bbox 95 2391 1822 2438; baseline -0.001 -11"><span class='ocrx_word' id='word_1_269' title='bbox 95 2394 216 2428; x_wconf 87' lang='lat' dir='ltr'>reiche</span> <span class='ocrx_word' id='word_1_270' title='bbox 235 2393 415 2438; x_wconf 86' lang='lat' dir='ltr'>Aufiagen</span> <span class='ocrx_word' id='word_1_271' title='bbox 434 2394 506 2428; x_wconf 88' lang='lat' dir='ltr'>und</span> <span class='ocrx_word' id='word_1_272' title='bbox 525 2395 856 2438; x_wconf 79' lang='lat' dir='ltr'>Uebersetzungen,</span> <span class='ocrx_word' id='word_1_273' title='bbox 882 2395 943 2428; x_wconf 85' lang='lat' dir='ltr'>lat.</span> <span class='ocrx_word' id='word_1_274' title='bbox 963 2394 1140 2429; x_wconf 81' lang='lat' dir='ltr'>Cleander</span> <span class='ocrx_word' id='word_1_275' title='bbox 1167 2400 1202 2427; x_wconf 91' lang='lat' dir='ltr'>et</span> <span class='ocrx_word' id='word_1_276' title='bbox 1220 2394 1394 2429; x_wconf 82' lang='lat' dir='ltr'>Eudoxus</span> <span class='ocrx_word' id='word_1_277' title='bbox 1421 2394 1635 2437; x_wconf 75' lang='lat' dir='ltr'>(Jouvancy)</span> <span class='ocrx_word' id='word_1_278' title='bbox 1661 2391 1822 2426; x_wconf 72' lang='lat' dir='ltr'>Puteolis</span> 
     </span>
     <span class='ocr_line' id='line_1_35' title="bbox 98 2450 1822 2496; baseline -0.002 -9"><span class='ocrx_word' id='word_1_279' title='bbox 98 2454 196 2487; x_wconf 84' lang='grc'><strong>1695.</strong></span> <span class='ocrx_word' id='word_1_280' title='bbox 247 2452 330 2486; x_wconf 84' lang='lat' dir='ltr'>Sein</span> <span class='ocrx_word' id='word_1_281' title='bbox 357 2452 581 2495; x_wconf 84' lang='lat' dir='ltr'>Hauptwerk</span> <span class='ocrx_word' id='word_1_282' title='bbox 609 2452 769 2486; x_wconf 83' lang='lat' dir='ltr'>Histoire</span> <span class='ocrx_word' id='word_1_283' title='bbox 796 2451 838 2486; x_wconf 88' lang='lat' dir='ltr'>de</span> <span class='ocrx_word' id='word_1_284' title='bbox 866 2451 1016 2485; x_wconf 86' lang='lat' dir='ltr'>France.</span> <span class='ocrx_word' id='word_1_285' title='bbox 1067 2451 1170 2486; x_wconf 85' lang='lat' dir='ltr'>Paris</span> <span class='ocrx_word' id='word_1_286' title='bbox 1201 2453 1298 2496; x_wconf 86' lang='lat'>1713,</span> <span class='ocrx_word' id='word_1_287' title='bbox 1333 2451 1391 2486; x_wconf 88' lang='lat' dir='ltr'>fol.</span> <span class='ocrx_word' id='word_1_288' title='bbox 1425 2454 1446 2486; x_wconf 90' lang='lat'><strong>3</strong></span> <span class='ocrx_word' id='word_1_289' title='bbox 1474 2451 1540 2485; x_wconf 88' lang='lat' dir='ltr'>vol.</span> <span class='ocrx_word' id='word_1_290' title='bbox 1576 2450 1693 2494; x_wconf 81' lang='lat' dir='ltr'>(Paris</span> <span class='ocrx_word' id='word_1_291' title='bbox 1725 2451 1822 2484; x_wconf 83' lang='lat'>1721.</span> 
     </span>
     <span class='ocr_line' id='line_1_36' title="bbox 95 2507 1822 2552; baseline -0.002 -9"><span class='ocrx_word' id='word_1_292' title='bbox 95 2512 148 2543; x_wconf 81' lang='lat'>40.</span> <span class='ocrx_word' id='word_1_293' title='bbox 176 2511 195 2544; x_wconf 94' lang='lat'>7</span> <span class='ocrx_word' id='word_1_294' title='bbox 215 2509 295 2549; x_wconf 82' lang='lat' dir='ltr'>vol.)</span> <span class='ocrx_word' id='word_1_295' title='bbox 321 2509 455 2544; x_wconf 86' lang='lat' dir='ltr'>erlebte</span> <span class='ocrx_word' id='word_1_296' title='bbox 482 2510 574 2544; x_wconf 84' lang='lat' dir='ltr'>viele</span> <span class='ocrx_word' id='word_1_297' title='bbox 603 2509 782 2549; x_wconf 55' lang='lat' dir='ltr'>Anflafrcn</span> <span class='ocrx_word' id='word_1_298' title='bbox 809 2509 880 2543; x_wconf 85' lang='lat' dir='ltr'>und</span> <span class='ocrx_word' id='word_1_299' title='bbox 909 2509 1237 2552; x_wconf 82' lang='lat' dir='ltr'>Uebersetzungeu.</span> <span class='ocrx_word' id='word_1_300' title='bbox 1280 2508 1470 2552; x_wconf 74' lang='lat' dir='ltr'>Diejenige</span> <span class='ocrx_word' id='word_1_301' title='bbox 1497 2507 1601 2542; x_wconf 84' lang='lat' dir='ltr'>Paris</span> <span class='ocrx_word' id='word_1_302' title='bbox 1631 2509 1718 2542; x_wconf 87' lang='lat'>1755</span> <span class='ocrx_word' id='word_1_303' title='bbox 1736 2529 1746 2531; x_wconf 60' lang='lat'>&gt;</span> <span class='ocrx_word' id='word_1_304' title='bbox 1768 2509 1822 2541; x_wconf 89' lang='grc'>60.</span> 
     </span>
     <span class='ocr_line' id='line_1_37' title="bbox 95 2565 1822 2610; baseline -0.001 -9"><span class='ocrx_word' id='word_1_305' title='bbox 95 2568 149 2601; x_wconf 84' lang='grc'>40.</span> <span class='ocrx_word' id='word_1_306' title='bbox 181 2567 220 2601; x_wconf 87' lang='lat'>17</span> <span class='ocrx_word' id='word_1_307' title='bbox 239 2566 323 2610; x_wconf 89' lang='lat' dir='ltr'>vol.‚</span> <span class='ocrx_word' id='word_1_308' title='bbox 364 2567 496 2602; x_wconf 82' lang='lat' dir='ltr'>welche</span> <span class='ocrx_word' id='word_1_309' title='bbox 529 2567 568 2602; x_wconf 89' lang='lat' dir='ltr'>P.</span> <span class='ocrx_word' id='word_1_310' title='bbox 594 2567 724 2602; x_wconf 84' lang='lat' dir='ltr'>Griffet</span> <span class='ocrx_word' id='word_1_311' title='bbox 755 2567 939 2610; x_wconf 64' lang='lat' dir='ltr'>besorgte,</span> <span class='ocrx_word' id='word_1_312' title='bbox 982 2566 1039 2600; x_wconf 88' lang='lat' dir='ltr'>die</span> <span class='ocrx_word' id='word_1_313' title='bbox 1072 2566 1190 2610; x_wconf 87' lang='lat' dir='ltr'>beste,</span> <span class='ocrx_word' id='word_1_314' title='bbox 1223 2566 1374 2600; x_wconf 87' lang='lat' dir='ltr'>deutsch</span> <span class='ocrx_word' id='word_1_315' title='bbox 1409 2565 1602 2608; x_wconf 77' lang='lat' dir='ltr'>Niirnberg</span> <span class='ocrx_word' id='word_1_316' title='bbox 1631 2566 1822 2600; x_wconf 82' lang='grc'><strong>1761-63.</strong></span> 
     </span>
     <span class='ocr_line' id='line_1_38' title="bbox 94 2623 304 2658; baseline -0.005 0"><span class='ocrx_word' id='word_1_317' title='bbox 94 2625 149 2658; x_wconf 84' lang='lat'>40.</span> <span class='ocrx_word' id='word_1_318' title='bbox 179 2626 219 2658; x_wconf 87' lang='lat'>15</span> <span class='ocrx_word' id='word_1_319' title='bbox 238 2623 304 2658; x_wconf 90' lang='lat' dir='ltr'>vol.</span> 
     </span>
    </p>

    <p class='ocr_par' dir='ltr' id='par_1_13' title="bbox 97 2681 1824 2901">
     <span class='ocr_line' id='line_1_39' title="bbox 232 2681 1823 2726; baseline 0.001 -11"><span class='ocrx_word' id='word_1_320' title='bbox 232 2681 261 2724; x_wconf 75' lang='lat'>⁸)</span> <span class='ocrx_word' id='word_1_321' title='bbox 287 2681 417 2716; x_wconf 84' lang='lat' dir='ltr'>Daniel</span> <span class='ocrx_word' id='word_1_322' title='bbox 445 2681 717 2726; x_wconf 87' lang='lat' dir='ltr'>Papebroehius</span> <span class='ocrx_word' id='word_1_323' title='bbox 746 2683 779 2717; x_wconf 76' lang='lat' dir='ltr'>S.</span> <span class='ocrx_word' id='word_1_324' title='bbox 797 2682 831 2716; x_wconf 90' lang='lat' dir='ltr'>J.</span> <span class='ocrx_word' id='word_1_325' title='bbox 865 2685 944 2721; x_wconf 78' lang='lat' dir='ltr'>(van</span> <span class='ocrx_word' id='word_1_326' title='bbox 972 2682 1225 2726; x_wconf 86' lang='lat' dir='ltr'>Papenbroek)</span> <span class='ocrx_word' id='word_1_327' title='bbox 1261 2702 1303 2706; x_wconf 87' lang='lat'>—</span> <span class='ocrx_word' id='word_1_328' title='bbox 1340 2683 1558 2725; x_wconf 86' lang='lat' dir='ltr'>Antwerpen</span> <span class='ocrx_word' id='word_1_329' title='bbox 1590 2683 1689 2725; x_wconf 85' lang='grc'><strong>1628,</strong></span> <span class='ocrx_word' id='word_1_330' title='bbox 1725 2683 1823 2724; x_wconf 85' lang='grc'><strong>1646,</strong></span> 
     </span>
     <span class='ocr_line' id='line_1_40' title="bbox 99 2738 1824 2783; baseline -0.002 -9"><span class='ocrx_word' id='word_1_331' title='bbox 99 2740 197 2774; x_wconf 89' lang='grc'><strong>1714.</strong></span> <span class='ocrx_word' id='word_1_332' title='bbox 245 2739 461 2774; x_wconf 79' lang='lat' dir='ltr'>Bertihmter</span> <span class='ocrx_word' id='word_1_333' title='bbox 487 2739 700 2775; x_wconf 85' lang='lat' dir='ltr'>Bollandist.</span> <span class='ocrx_word' id='word_1_334' title='bbox 754 2741 858 2774; x_wconf 66' lang='lat' dir='ltr'>Seine</span> <span class='ocrx_word' id='word_1_335' title='bbox 892 2739 1174 2774; x_wconf 86' lang='lat' dir='ltr'>verschiedenen</span> <span class='ocrx_word' id='word_1_336' title='bbox 1211 2739 1481 2783; x_wconf 84' lang='lat' dir='ltr'>Responsiones</span> <span class='ocrx_word' id='word_1_337' title='bbox 1516 2738 1573 2773; x_wconf 91' lang='lat' dir='ltr'>bei</span> <span class='ocrx_word' id='word_1_338' title='bbox 1608 2738 1651 2772; x_wconf 90' lang='lat' dir='ltr'>de</span> <span class='ocrx_word' id='word_1_339' title='bbox 1679 2738 1824 2772; x_wconf 83' lang='lat' dir='ltr'>Backer</span> 
     </span>
     <span class='ocr_line' id='line_1_41' title="bbox 97 2795 1823 2841; baseline 0.001 -12"><span class='ocrx_word' id='word_1_340' title='bbox 97 2795 169 2829; x_wconf 86' lang='lat' dir='ltr'>und</span> <span class='ocrx_word' id='word_1_341' title='bbox 189 2796 454 2839; x_wconf 78' lang='lat' dir='ltr'>Sommervogel</span> <span class='ocrx_word' id='word_1_342' title='bbox 481 2800 586 2830; x_wconf 86' lang='lat' dir='ltr'>unter</span> <span class='ocrx_word' id='word_1_343' title='bbox 605 2796 684 2831; x_wconf 88' lang='lat' dir='ltr'>dem</span> <span class='ocrx_word' id='word_1_344' title='bbox 705 2797 844 2833; x_wconf 83' lang='lat' dir='ltr'>Namen</span> <span class='ocrx_word' id='word_1_345' title='bbox 862 2798 1070 2832; x_wconf 89' lang='lat' dir='ltr'>Bollandus.</span> <span class='ocrx_word' id='word_1_346' title='bbox 1114 2798 1234 2833; x_wconf 89' lang='lat' dir='ltr'>Ueber</span> <span class='ocrx_word' id='word_1_347' title='bbox 1253 2798 1310 2832; x_wconf 88' lang='lat' dir='ltr'>die</span> <span class='ocrx_word' id='word_1_348' title='bbox 1330 2798 1545 2841; x_wconf 83' lang='lat' dir='ltr'>Bedeutung</span> <span class='ocrx_word' id='word_1_349' title='bbox 1565 2797 1823 2841; x_wconf 85' lang='lat' dir='ltr'>Papenbroeks</span> 
     </span>
     <span class='ocr_line' id='line_1_42' title="bbox 97 2855 1575 2901; baseline 0 -12"><span class='ocrx_word' id='word_1_350' title='bbox 97 2856 155 2889; x_wconf 80' lang='lat' dir='ltr'>fiir</span> <span class='ocrx_word' id='word_1_351' title='bbox 180 2855 236 2890; x_wconf 87' lang='lat' dir='ltr'>(lie</span> <span class='ocrx_word' id='word_1_352' title='bbox 264 2855 480 2889; x_wconf 86' lang='lat' dir='ltr'>historische</span> <span class='ocrx_word' id='word_1_353' title='bbox 507 2855 630 2889; x_wconf 86' lang='lat' dir='ltr'>Kritik</span> <span class='ocrx_word' id='word_1_354' title='bbox 657 2867 682 2891; x_wconf 89' lang='lat' dir='ltr'>s.</span> <span class='ocrx_word' id='word_1_355' title='bbox 712 2857 843 2901; x_wconf 82' lang='lat' dir='ltr'>Sickel,</span> <span class='ocrx_word' id='word_1_356' title='bbox 872 2857 1071 2891; x_wconf 88' lang='lat' dir='ltr'>Urkunden</span> <span class='ocrx_word' id='word_1_357' title='bbox 1099 2856 1163 2891; x_wconf 85' lang='lat' dir='ltr'>der</span> <span class='ocrx_word' id='word_1_358' title='bbox 1189 2856 1409 2900; x_wconf 78' lang='lat' dir='ltr'>Karolinger</span> <span class='ocrx_word' id='word_1_359' title='bbox 1433 2856 1460 2900; x_wconf 85' lang='grc' dir='ltr'>Ι7</span> <span class='ocrx_word' id='word_1_360' title='bbox 1486 2855 1575 2892; x_wconf 85' lang='lat' dir='ltr'>33ff.</span> 
     </span>
    </p>

    <p class='ocr_par' dir='ltr' id='par_1_14' title="bbox 99 2912 1822 3185">
     <span class='ocr_line' id='line_1_43' title="bbox 233 2912 1821 2959; baseline 0 -13"><span class='ocrx_word' id='word_1_361' title='bbox 233 2914 261 2956; x_wconf 75' lang='lat'>4)</span> <span class='ocrx_word' id='word_1_362' title='bbox 293 2912 402 2955; x_wconf 87' lang='lat' dir='ltr'>Ignaz</span> <span class='ocrx_word' id='word_1_363' title='bbox 430 2912 597 2947; x_wconf 83' lang='lat' dir='ltr'>Schwarz</span> <span class='ocrx_word' id='word_1_364' title='bbox 624 2914 658 2947; x_wconf 83' lang='lat' dir='ltr'>S.</span> <span class='ocrx_word' id='word_1_365' title='bbox 676 2914 711 2948; x_wconf 86' lang='lat' dir='ltr'>J.</span> <span class='ocrx_word' id='word_1_366' title='bbox 745 2914 1236 2958; x_wconf 84' lang='lat' dir='ltr'>(Muckhausen-Augsburg</span> <span class='ocrx_word' id='word_1_367' title='bbox 1264 2918 1362 2959; x_wconf 83' lang='lat'>1690,</span> <span class='ocrx_word' id='word_1_368' title='bbox 1392 2915 1491 2958; x_wconf 87' lang='lat'>1707,</span> <span class='ocrx_word' id='word_1_369' title='bbox 1521 2915 1620 2955; x_wconf 83' lang='lat'>1763)</span> <span class='ocrx_word' id='word_1_370' title='bbox 1661 2912 1821 2956; x_wconf 83' lang='lat' dir='ltr'>Collegia</span> 
     </span>
     <span class='ocr_line' id='line_1_44' title="bbox 99 2969 1822 3012; baseline -0.001 -7"><span class='ocrx_word' id='word_1_371' title='bbox 99 2970 273 3005; x_wconf 88' lang='lat' dir='ltr'>historica</span> <span class='ocrx_word' id='word_1_372' title='bbox 305 2980 368 3004; x_wconf 89' lang='lat' dir='ltr'>seu</span> <span class='ocrx_word' id='word_1_373' title='bbox 403 2970 641 3012; x_wconf 80' lang='lat' dir='ltr'>Quaestiones</span> <span class='ocrx_word' id='word_1_374' title='bbox 674 2971 868 3007; x_wconf 81' lang='lat' dir='ltr'>historicae</span> <span class='ocrx_word' id='word_1_375' title='bbox 908 2983 951 3006; x_wconf 85' lang='lat' dir='ltr'>ex</span> <span class='ocrx_word' id='word_1_376' title='bbox 990 2971 1279 3006; x_wconf 83' lang='lat' dir='ltr'>institutionibus</span> <span class='ocrx_word' id='word_1_377' title='bbox 1318 2971 1501 3006; x_wconf 87' lang='lat' dir='ltr'>historicis</span> <span class='ocrx_word' id='word_1_378' title='bbox 1539 2971 1575 3004; x_wconf 88' lang='lat' dir='ltr'>in</span> <span class='ocrx_word' id='word_1_379' title='bbox 1614 2970 1738 3005; x_wconf 90' lang='lat' dir='ltr'>ordine</span> <span class='ocrx_word' id='word_1_380' title='bbox 1777 2969 1822 3004; x_wconf 88' lang='lat' dir='ltr'>ad</span> 
     </span>
     <span class='ocr_line' id='line_1_45' title="bbox 101 3026 1822 3073; baseline -0.001 -12"><span class='ocrx_word' id='word_1_381' title='bbox 101 3026 352 3061; x_wconf 83' lang='lat' dir='ltr'>dilucidandas</span> <span class='ocrx_word' id='word_1_382' title='bbox 379 3027 595 3070; x_wconf 77' lang='lat' dir='ltr'>praecipuas</span> <span class='ocrx_word' id='word_1_383' title='bbox 625 3038 787 3072; x_wconf 70' lang='lat' dir='ltr'>quasque</span> <span class='ocrx_word' id='word_1_384' title='bbox 814 3029 1045 3062; x_wconf 71' lang='lat' dir='ltr'>diffieuitates</span> <span class='ocrx_word' id='word_1_385' title='bbox 1075 3057 1082 3063; x_wconf 90' lang='lat'>.</span> <span class='ocrx_word' id='word_1_386' title='bbox 1110 3057 1116 3062; x_wconf 93' lang='lat'>.</span> <span class='ocrx_word' id='word_1_387' title='bbox 1144 3057 1149 3062; x_wconf 89' lang='lat'>.</span> <span class='ocrx_word' id='word_1_388' title='bbox 1178 3029 1395 3073; x_wconf 84' lang='lat' dir='ltr'>propositae.</span> <span class='ocrx_word' id='word_1_389' title='bbox 1447 3028 1610 3062; x_wconf 84' lang='lat' dir='ltr'>Authore</span> <span class='ocrx_word' id='word_1_390' title='bbox 1628 3028 1666 3061; x_wconf 91' lang='lat' dir='ltr'>P.</span> <span class='ocrx_word' id='word_1_391' title='bbox 1683 3028 1822 3071; x_wconf 74' lang='lat' dir='ltr'>Ignatio</span> 
     </span>
     <span class='ocr_line' id='line_1_46' title="bbox 99 3084 1821 3130; baseline 0 -11"><span class='ocrx_word' id='word_1_392' title='bbox 99 3084 266 3119; x_wconf 86' lang='lat' dir='ltr'>Schwarz</span> <span class='ocrx_word' id='word_1_393' title='bbox 293 3084 370 3118; x_wconf 78' lang='lat' dir='ltr'>Soc.</span> <span class='ocrx_word' id='word_1_394' title='bbox 392 3084 482 3118; x_wconf 69' lang='lat' dir='ltr'>«lesu</span> <span class='ocrx_word' id='word_1_395' title='bbox 509 3085 545 3118; x_wconf 93' lang='lat' dir='ltr'>in</span> <span class='ocrx_word' id='word_1_396' title='bbox 571 3086 663 3119; x_wconf 86' lang='lat' dir='ltr'>Alm.</span> <span class='ocrx_word' id='word_1_397' title='bbox 691 3092 727 3120; x_wconf 88' lang='lat' dir='ltr'>et</span> <span class='ocrx_word' id='word_1_398' title='bbox 750 3087 863 3122; x_wconf 81' lang='lat' dir='ltr'>Elect.</span> <span class='ocrx_word' id='word_1_399' title='bbox 895 3086 1083 3122; x_wconf 83' lang='lat' dir='ltr'>Universit.</span> <span class='ocrx_word' id='word_1_400' title='bbox 1123 3087 1317 3130; x_wconf 82' lang='lat' dir='ltr'>Ingolstad.</span> <span class='ocrx_word' id='word_1_401' title='bbox 1345 3086 1587 3120; x_wconf 83' lang='lat' dir='ltr'>Historiarum</span> <span class='ocrx_word' id='word_1_402' title='bbox 1613 3085 1821 3120; x_wconf 79' lang='lat' dir='ltr'>Professore</span> 
     </span>
     <span class='ocr_line' id='line_1_47' title="bbox 99 3141 943 3185; baseline 0.001 -10"><span class='ocrx_word' id='word_1_403' title='bbox 99 3141 291 3175; x_wconf 89' lang='lat' dir='ltr'>Ordinario</span> <span class='ocrx_word' id='word_1_404' title='bbox 319 3141 533 3185; x_wconf 77' lang='lat' dir='ltr'>ingolstadii</span> <span class='ocrx_word' id='word_1_405' title='bbox 562 3143 691 3177; x_wconf 80' lang='lat'>1734-</span> <span class='ocrx_word' id='word_1_406' title='bbox 703 3146 800 3179; x_wconf 83' lang='lat'>1737.</span> <span class='ocrx_word' id='word_1_407' title='bbox 839 3146 859 3178; x_wconf 90' lang='grc'><strong>9</strong></span> <span class='ocrx_word' id='word_1_408' title='bbox 877 3143 943 3177; x_wconf 89' lang='lat' dir='ltr'>vol.</span> 
     </span>
    </p>
   </div>
  </div>
 </body>
</html>
