2164 3535
424 213 634 250 Beibericht
659 213 722 248 der
749 211 1173 248 Studien-Kommissare
1198 221 1263 246 zur
1287 210 1329 245 R.
1356 214 1397 245 st.
1426 220 1491 244 von
1521 212 1618 245 1832.
1796 211 1879 253 473

162 357 306 406 batur,
350 355 443 398 fluit
481 354 720 397 immutatio
762 366 811 395 ex
852 351 1222 407 praecedentibus3
1270 362 1364 392 cum
1406 349 1516 391 enim
1559 348 1689 402 aliqui
1731 348 1881 390 docere

163 432 356 485 debeant,
388 433 569 484 oportet,
601 432 651 472 ut
680 429 765 472 sint
794 429 867 482 qui
899 428 1074 471 discant.

299 506 348 547 N.
368 507 405 549 7.
451 505 523 546 Ad
550 517 601 547 re
611 517 646 558 g.
669 506 693 545 9
726 506 749 558 ξ
770 506 805 546 1.
854 502 1172 554 Quodammodo
1194 501 1489 543 necessitatem
1512 498 1765 552 imponimus
1783 498 1883 539 Pro-

163 581 333 623 fessoris
362 579 612 632 Theologiae
644 579 815 620 moralis
848 579 1023 630 ejusque
1055 576 1246 619 lectionis
1279 575 1514 617 audiendae
1547 587 1622 628 per
1654 573 1879 615 biennium.

164 657 288 699 Certe
329 655 568 698 necessaria
607 657 672 696 est
702 653 954 705 Theologiae
995 652 1166 693 moralis
1209 651 1390 704 cognitio
1434 650 1627 692 omnibus
1667 648 1881 690 societatis

161 735 332 773 nostrae
372 728 685 783 sacerdotibus,
726 731 775 769 ut
816 739 941 768 suum
979 726 1261 767 ministerium
1304 738 1399 767 cum
1430 724 1572 767 fructu
1604 727 1646 767 et
1677 724 1883 777 dignitate

162 806 336 860 implere
373 805 556 858 possint3
597 806 697 845 sunt
734 807 875 844 tamen
918 801 989 855 qui
1021 805 1118 855 post
1151 800 1476 854 quadriennium
1509 812 1603 841 cum
1634 799 1760 842 laude
1791 811 1885 853 per-

164 885 305 925 actum
336 881 567 924 mediocres
599 879 721 922 valde
753 882 853 921 sunt
882 879 924 920 in
956 879 1020 933 iis,
1053 890 1162 931 quae
1195 877 1249 919 ad
1271 877 1553 918 confessiones
1576 876 1657 917 rite
1679 875 1883 928 excipien-

164 957 239 1000 das
270 957 495 1011 pertinent.
548 980 595 986 —-
646 955 754 997 Huic
786 958 927 996 tamen
959 953 1203 995 necessitati
1236 952 1471 994 audiendae
1504 950 1757 1003 Theologiae
1800 961 1886 991 mo-

163 1033 285 1088 ralis,
328 1045 437 1086 quae
467 1032 509 1073 in
541 1031 708 1074 casibus
742 1030 1022 1073 conscientiae
1054 1030 1137 1071 sita
1169 1032 1253 1081 est,
1292 1027 1545 1070 contradicit
1575 1026 1620 1067 P.
1654 1025 1884 1079 deputatus

165 1108 327 1163 Italiae,
359 1111 451 1149 tum
483 1107 583 1160 quia
613 1108 739 1161 putat
769 1106 808 1147 in
843 1105 952 1147 decr.
974 1105 1027 1146 33
1061 1117 1192 1157 congr
1230 1104 1322 1145 VII.
1358 1103 1424 1156 agi
1458 1102 1509 1144 de
1542 1101 1769 1153 Theologia
1800 1112 1886 1141 mo-

164 1183 256 1239 rali,
288 1186 499 1236 quatenus
532 1185 596 1224 est
628 1181 901 1235 speculativa,
934 1183 1024 1221 tum
1047 1180 1147 1233 quia
1169 1191 1278 1220 nova
1299 1178 1477 1220 lectione
1501 1179 1731 1219 onerantur
1750 1175 1885 1218 nostri

163 1259 355 1314 juvenes,
387 1260 601 1300 caeterum
627 1257 716 1311 jam
748 1256 922 1298 nimium
955 1255 1130 1297 onerati.
1184 1280 1233 1284 ——
1285 1253 1486 1295 Clausula
1516 1255 1673 1306 tamen,
1705 1263 1813 1304 quae
1846 1250 1888 1292 in

167 1333 249 1376 fine
280 1333 453 1386 regulae
484 1333 679 1387 apposita
710 1335 775 1374 est
805 1345 853 1374 ex
886 1331 1034 1373 eodem
1067 1330 1179 1373 decr.
1204 1330 1278 1385 33,
1316 1328 1486 1370 videtur
1517 1326 1731 1370 conciliari
1762 1338 1887 1379 posse

164 1408 278 1462 quod
309 1412 374 1451 est
403 1409 445 1450 in
478 1408 745 1462 opinionibus
778 1406 1098 1460 discrepantiae.

302 1484 352 1526 N.
377 1484 419 1527 8.
470 1483 588 1525 ibid.
623 1484 707 1537 §3
771 1482 875 1525 Cum
906 1481 1052 1523 multis
1083 1480 1126 1522 in
1158 1480 1259 1522 locis
1292 1491 1384 1522 esse
1416 1479 1599 1522 debeant
1628 1476 1889 1532 professores

168 1560 319 1602 harum
350 1559 624 1615 facultatum,
666 1557 821 1600 debent
851 1569 1020 1610 quoque
1051 1567 1144 1598 esse
1176 1555 1248 1608 qui
1278 1554 1426 1597 iisdem
1460 1554 1747 1608 applicentur,
1787 1552 1888 1605 quin

170 1635 279 1677 idem
313 1647 420 1677 onus
453 1634 647 1677 omnibus
679 1633 934 1687 imponatur.

303 1710 353 1752 N.
378 1710 420 1753 8.
465 1709 541 1752 bis.
604 1708 676 1750 Ad
708 1720 805 1760 reg.
832 1710 895 1750 11.
961 1706 1163 1761 Additur,
1206 1708 1254 1747 ut
1285 1704 1426 1746 theses
1459 1717 1506 1746 ex
1546 1703 1722 1745 historia
1762 1702 1891 1744 eccle-

166 1785 337 1827 siastica
377 1784 647 1827 Scholasticis
694 1782 1033 1825 conclusionibus
1075 1781 1463 1823 intermisceantur:
1511 1780 1547 1821 si
1589 1779 1699 1821 enim
1738 1778 1890 1820 harum

167 1860 420 1902 facultatum
451 1863 552 1902 sunt
581 1860 802 1913 lectiones,
845 1871 1028 1912 aequum
1061 1859 1145 1913 est,
1188 1860 1237 1899 ut
1267 1861 1310 1899 et
1341 1856 1482 1898 theses
1516 1855 1799 1898 defendantur
1838 1854 1891 1896 ab

166 1936 230 1987 iis,
263 1936 335 1989 qui
367 1936 430 1978 his
463 1936 692 1989 disciplinis
725 1935 981 1978 studuerint.

304 2017 354 2058 N.
378 2018 423 2060 9.
475 2016 546 2058 Ad
579 2029 676 2069 reg.
703 2018 767 2058 12.
803 2040 853 2045 -—
891 2018 939 2057 19
972 2015 1136 2067 Regula
1166 2015 1268 2057 haec
1298 2014 1524 2055 immutata
1546 2016 1611 2054 est
1633 2012 1685 2053 ad
1711 2014 1893 2053 mentem

168 2092 278 2135 decr.
302 2094 352 2134 16
386 2105 526 2146 congr.
551 2092 687 2147 XXI„
727 2094 775 2132 ut
805 2091 1016 2133 habeatur
1047 2091 1219 2143 aliquis,
1251 2090 1323 2143 qui
1355 2088 1596 2142 hujusmodi
1628 2085 1890 2129 scholasticis

168 2168 312 2211 tradat
333 2167 609 2210 sufficientem
642 2167 884 2219 dogmatam
916 2167 1123 2208 notitiam.
1188 2168 1239 2207 :29
1270 2165 1400 2207 Nulla
1430 2165 1543 2206 facta
1574 2165 1639 2205 est
1669 2163 1711 2204 in
1743 2162 1891 2215 regula

168 2244 324 2286 mentio
358 2243 408 2284 de
439 2242 562 2284 unica
593 2242 658 2283 vel
691 2242 844 2295 duplici
877 2241 1066 2294 quotidie
1097 2241 1296 2292 lectione,
1340 2240 1437 2293 quia
1472 2239 1535 2280 vel
1569 2238 1723 2292 duplex
1767 2237 1889 2279 lectio

168 2331 250 2360 non
283 2321 349 2360 est
380 2331 545 2371 semper
577 2317 793 2359 evidenter
823 2317 1073 2364 necessaria,
1106 2328 1182 2358 nec
1204 2316 1328 2357 unica
1349 2315 1470 2368 plene
1493 2312 1723 2355 sufficiens:
1758 2324 1891 2365 quare

168 2393 432 2448 putavimus,
473 2406 696 2435 numerum
739 2393 964 2435 lectionum
1007 2391 1337 2445 permittendum
1378 2402 1470 2432 esse
1515 2389 1689 2431 arbitrio
1721 2388 1893 2429 Provin-

169 2469 297 2511 cialis.
350 2469 498 2510 Mallet
528 2471 670 2511 tamen
693 2469 738 2510 P.
762 2469 866 2521 Dep.
891 2469 1055 2523 Italiae,
1086 2468 1248 2521 injungi
1282 2466 1490 2519 duplicem
1522 2464 1758 2519 lectionem,
1791 2463 1892 2517 quia

169 2544 293 2586 unica
324 2544 404 2598 ipsi
436 2544 503 2585 vix
535 2543 727 2586 sufficere
749 2556 873 2597 posse
895 2543 1065 2585 videtur
1088 2543 1140 2584 ad
1162 2541 1433 2584 instruendos
1456 2541 1564 2592 illos,
1596 2539 1667 2592 qui
1690 2538 1891 2580 acutioris

170 2620 325 2672 ingenii
358 2632 441 2661 non
463 2621 574 2660 sunt.
629 2620 680 2661 39
714 2619 917 2675 Dicimus,
950 2619 1193 2672 hujusmodi
1217 2618 1489 2660 scholasticos
1513 2629 1661 2670 posse
1693 2614 1893 2657 assistere

170 2695 338 2737 lectioni
383 2694 633 2747 Theologiae
680 2695 850 2737 moralis
898 2708 991 2737 cum
1040 2695 1241 2743 caeteris,
1289 2694 1389 2746 quia
1436 2697 1656 2746 putamus,
1704 2690 1812 2732 decr.
1838 2690 1890 2731 33

171 2782 311 2823 congr.
336 2769 428 2811 VII.
469 2782 594 2822 agere
637 2769 687 2811 de
719 2770 906 2822 practica
939 2769 1166 2821 Theologia
1197 2768 1340 2822 potius
1373 2780 1500 2821 quam
1533 2767 1583 2808 de
1616 2765 1889 2820 speculativa,

172 2845 214 2886 in
260 2857 343 2898 quo
386 2844 556 2898 quidem
599 2844 795 2886 dissentit
825 2845 868 2885 P.
904 2845 1007 2897 Dep.
1042 2844 1191 2885 Italiae
1234 2844 1300 2896 (V.
1334 2856 1465 2896 supra
1495 2842 1546 2884 N.
1572 2844 1642 2886 7.).
1706 2840 1893 2882 Tandem

174 2920 464 2973 suggerimus,
516 2932 642 2973 posse
697 2920 896 2961 constitui
948 2919 1203 2972 Magistrum
1249 2918 1598 2972 Compendiariae
1642 2915 1893 2968 Theologiae

175 2995 440 3046 dogmaticae
462 2994 719 3048 Theologum
756 2998 1030 3048 repetentem,
1063 2998 1154 3035 tum
1186 2998 1235 3036 ut
1265 2996 1542 3036 succurratur
1564 2991 1766 3045 penuriae
1787 2990 1892 3031 mul-

174 3074 315 3111 tarum
346 3069 671 3122 provinciarum,
706 3083 815 3123 quae
846 3069 1084 3111 hominibus
1117 3082 1198 3111 non
1232 3068 1465 3121 abundant,
1499 3071 1590 3109 tum
1622 3066 1675 3108 ad
1698 3077 1890 3107 normam

178 3158 262 3198 reg.
289 3146 313 3186 6
345 3145 552 3199 Rectoris,
583 3158 693 3200 quae
724 3146 877 3188 similia
909 3145 1128 3198 permittit.
