2164 3535
239 208 322 250 418
546 206 649 242 Neue
677 206 1041 250 Studienvorschlage
1068 206 1132 241 der
1157 206 1357 241 deutschen
1382 206 1537 242 Provinz
1570 212 1668 245 1830.

241 347 379 400 expeti
419 348 624 391 novimus.
694 349 865 390 Interea
899 349 989 402 jam
1032 348 1202 402 plurimi
1243 352 1466 392 tentarunt
1508 350 1587 393 sub
1629 352 1796 394 nomine
1838 353 1969 396 Theo-

242 423 380 476 logiae
421 423 685 477 dogmaticae
726 424 974 477 positivam,
1015 425 1262 478 polemicam
1297 429 1339 468 et
1370 426 1667 469 scholasticam
1699 427 1969 480 Theologiam

242 499 473 552 complecti.
542 499 632 541 Iam
674 512 773 542 vero
815 500 857 541 in
899 500 1149 553 quaestione
1190 501 1382 555 ponitur,
1430 506 1575 544 utrum
1618 501 1971 546 Scholasticae

242 574 550 628 Theologiae
590 575 714 617 titulo
763 588 915 617 nomen
957 575 1209 629 Theologiae
1258 577 1523 630 dogmaticae
1569 578 1829 621 substituere
1876 591 1970 620 con-

242 650 393 693 veniat.
458 650 579 701 Quod
611 654 660 692 ut
689 649 777 704 fiat,
810 651 993 693 suadent
1025 654 1067 693 et
1099 652 1293 706 nominis,
1327 664 1453 704 quam
1487 653 1681 707 diximus,
1714 654 1969 706 ambiguitas

242 728 284 767 et
314 738 416 768 usus
448 726 670 768 recentior.
725 727 883 769 Verum
917 727 1045 768 etiam
1078 727 1329 769 dissuadent
1359 728 1547 781 pericula
1576 729 1827 784 novitatum,
1861 741 1970 783 quae

242 801 390 843 nullibi
424 802 572 855 magis,
605 814 732 855 quam
764 802 805 843 in
829 801 1058 856 Theologia
1089 803 1279 845 timenda
1310 808 1428 846 sunt:
1462 805 1629 847 sublato
1659 805 1769 847 enim
1792 805 1972 860 1101111116,

243 889 310 919 res
342 876 435 930 ipsa
466 877 631 919 facilius
664 877 843 931 tollitur,
876 878 959 920 imo
992 879 1117 921 etiam
1151 892 1199 920 ex
1232 883 1355 933 parte
1371 881 1460 933 J'am
1484 881 1654 923 sublata
1676 883 1750 923 est.
1805 881 1971 923 Etenim

243 966 373 1007 quum
405 953 447 994 in
481 953 694 995 ordinario
727 966 920 995 sermone
951 967 1078 1007 saepe
1110 958 1265 1008 agatur
1296 955 1347 997 de
1378 955 1480 997 fide
1525 960 1567 997 et
1609 956 1853 1008 moribus,
1898 969 1974 1010 per

243 1028 367 1071 fidem
401 1032 541 1072 autem
574 1030 755 1071 maxime
787 1030 1082 1083 intelligantur
1114 1043 1163 1073 ea
1186 1031 1399 1085 dogmata,
1433 1044 1541 1084 quae
1565 1045 1640 1085 per
1661 1045 1706 1074 se
1728 1032 1830 1074 nihil
1853 1045 1973 1085 prae-

245 1104 406 1158 cipiunt
438 1105 501 1146 vel
534 1105 781 1159 prohibent,
815 1119 839 1147 v
886 1118 922 1159 g.
959 1106 1159 1160 mysteria
1190 1113 1279 1148 ssa.e
1311 1107 1551 1162 Trinitatis,
1589 1107 1898 1149 Incarnationis
1931 1110 1974 1149 et

245 1180 417 1232 similia,
461 1180 689 1233 Theologia
729 1181 970 1234 dogmatica
1011 1181 1215 1224 hodierna
1246 1184 1338 1224 tota
1370 1182 1411 1224 in
1445 1194 1492 1225 eo
1525 1186 1610 1235 est,
1653 1184 1701 1224 ut
1730 1182 1973 1236 hujusmodi

246 1255 448 1309 dogmata
479 1256 684 1309 stabiliat,
717 1257 882 1299 omissis
916 1258 1084 1300 interim
1111 1258 1279 1299 omnino
1312 1258 1640 1311 dogmatibus
1673 1258 1974 1310 moralibus,

244 1345 281 1373 v.
306 1343 343 1384 g.
369 1344 545 1374 usuram
579 1344 672 1374 esse
703 1333 961 1386 prohibitam
994 1337 1088 1389 etc,
1124 1333 1234 1374 unde
1268 1332 1328 1388 fit,
1363 1336 1408 1374 ut
1440 1333 1681 1387 hujusmodi
1705 1334 1974 1387 quaestiones

245 1419 321 1450 nec
342 1407 385 1448 in
408 1408 669 1450 examinibus
694 1408 918 1451 ordinariis
943 1413 1018 1450 aut
1040 1409 1081 1450 in
1104 1407 1185 1451 fine
1208 1409 1447 1450 studiorum
1472 1412 1712 1465 occurrant,
1743 1422 1820 1452 nec
1841 1409 1975 1452 solida

245 1482 455 1525 habeatur
497 1483 673 1525 scientia
705 1484 964 1537 Dogmatum
1006 1484 1252 1535 moralium,
1295 1484 1368 1526 sed
1412 1485 1452 1526 in
1496 1486 1662 1528 casibus
1695 1485 1976 1527 conscientiae

246 1558 477 1601 enodandis
510 1563 602 1601 tota
633 1560 803 1602 moralis
837 1560 1054 1603 doctrinae
1086 1561 1262 1603 scientia
1306 1562 1602 1614 restringatur.
1638 1586 1687 1591 —
1722 1560 1845 1602 Unde
1877 1563 1978 1602 sunt

247 1634 334 1690 qui,
367 1634 499 1676 vitato
522 1634 777 1689 Theologiae
810 1636 1088 1678 scholasticae
1120 1649 1246 1678 exoso
1278 1636 1459 1691 nomine,
1492 1636 1565 1678 sed
1588 1636 1774 1678 utilitate
1796 1638 1976 1690 retenta,

251 1710 426 1753 mallent
473 1711 602 1752 dividi
641 1711 912 1764 Theologiam
955 1712 995 1753 in
1040 1712 1417 1765 speculativam
1465 1711 1529 1753 vel
1576 1711 1977 1765 systematicam,

251 1798 360 1839 quae
403 1787 603 1840 dogmata
643 1788 807 1829 omnia
850 1790 949 1841 apto
998 1787 1145 1829 ordine
1192 1790 1494 1841 pertractaret,
1542 1787 1668 1830 29111
1705 1787 1979 1840 positivam

249 1863 313 1905 vel
345 1863 665 1919 historicam,
709 1875 817 1916 quae
851 1864 1115 1917 Scripturam
1159 1876 1344 1917 sacram,
1387 1863 1606 1905 historiam
1649 1863 1977 1905 ecclesiasticam

251 1942 294 1981 et
325 1939 516 1981 Canones
550 1939 914 1992 complecteretur.
979 1940 1031 1981 39
1066 1939 1251 1980 Tandem
1289 1940 1330 1980 111
1369 1939 1669 1994 practicam,
1709 1951 1818 1991 quae
1856 1950 1977 1980 casus

250 2014 551 2067 conscientiae,
593 2014 1003 2056 administrationem
1047 2014 1440 2069 Sacramentorum,
1494 2027 1638 2056 curam
1681 2012 1977 2056 beneficiorum

254 2090 495 2132 universam
528 2092 777 2133 sectaretur.

389 2172 460 2213 Ad
499 2172 706 2225 regulas
745 2171 793 2212 in
832 2184 1026 2225 genere.
1093 2175 1142 2213 19
1175 2171 1252 2212 Η10
1284 2171 1466 2213 recurrit
1498 2171 1611 2225 quod
1650 2171 1799 2224 regula
1830 2172 1854 2212 9
1893 2171 1977 2224 §Z

252 2247 444 2290 Provinc.
472 2248 563 2301 J'am
595 2246 754 2289 dictum
787 2250 852 2288 est
884 2246 935 2288 de
957 2247 1159 2288 sectando
1183 2247 1225 2287 in
1249 2246 1443 2288 omnibus
1467 2246 1702 2288 doctrinam
1725 2259 1756 2288 s.
1781 2245 1976 2288 Thomae.

391 2324 443 2365 29
487 2322 650 2374 Quare,
693 2335 788 2364 cum
831 2323 1002 2376 plurimi
1043 2325 1254 2365 tractatus
1287 2322 1526 2376 Theologici
1566 2323 1836 2365 inveniantur
1866 2321 1978 2375 typis

253 2398 465 2451 mandati,
506 2399 547 2440 in
581 2398 736 2451 quibus
768 2399 1032 2452 praescripta
1064 2398 1287 2440 Societatis
1321 2399 1431 2440 circa
1463 2398 1697 2439 doctrinam
1729 2411 1760 2440 s.
1795 2397 1979 2439 Thomae

253 2474 333 2516 rite
365 2477 611 2523 servantur,
652 2476 695 2515 et
726 2474 827 2515 ordo
860 2474 1137 2515 materiarum
1170 2474 1337 2515 omnino
1371 2473 1580 2515 consentit
1620 2485 1714 2515 cum
1755 2473 1828 2527 iis,
1870 2484 1979 2525 quae

253 2552 416 2591 statuta
460 2551 582 2601 sunt,
630 2548 828 2590 videntur
875 2562 948 2604 ea,
997 2562 1105 2602 quae
1148 2549 1306 2601 passim
1348 2548 1399 2590 de
1440 2548 1510 2590 illo
1553 2548 1699 2590 ordine
1736 2548 1776 2589 in
1819 2547 1978 2599 regulis

255 2628 497 2679 occurrunt,
529 2628 622 2666 tuto
656 2625 793 2666 omitti
824 2638 968 2678 posse,
1002 2638 1050 2667 60
1083 2625 1239 2677 magis,
1274 2624 1386 2677 quod
1418 2624 1600 2677 plurima
1632 2624 1717 2666 sint
1748 2635 1841 2665 cum
1874 2625 1979 2664 tem-

255 2712 407 2753 porum
446 2703 687 2742 nostrorum
728 2701 892 2742 ratione
923 2703 965 2742 et
997 2700 1301 2742 consuetudine
1334 2699 1490 2751 ubique
1523 2702 1692 2752 recepta
1723 2702 1766 2740 et
1796 2697 1977 2752 probata

255 2775 424 2816 minime
468 2775 794 2826 consentientia,
835 2781 877 2816 et
915 2788 1024 2828 quae
1067 2775 1242 2827 insuper
1282 2774 1440 2815 abusus
1484 2773 1687 2826 quosdam
1729 2772 1853 2814 hodie
1894 2784 1977 2814 non

257 2849 436 2902 amplius
468 2849 694 2891 existentes
726 2854 769 2891 et
801 2863 881 2892 non
915 2854 1003 2891 tani
1035 2850 1156 2892 facile
1189 2848 1505 2891 resuscitandos
1540 2847 1815 2900 redarguunt.

395 2925 446 2966 39
489 2923 533 2965 Si
565 2925 794 2978 contingat,
827 2929 875 2967 ut
906 2938 1038 2967 novus
1072 2925 1173 2967 ordo
1206 2924 1480 2966 materiarum
1510 2935 1585 2976 pro
1610 2922 1836 2975 Theologia
1857 2934 1977 2975 prae-

257 2998 483 3053 scribatur,
515 3011 591 3051 pro
624 3003 864 3052 temporum
897 3000 1059 3042 ratione
1093 3000 1259 3041 omnino
1282 2998 1567 3040 necessarium
1592 2999 1656 3039 est
1678 3001 1725 3038 111
1747 2996 1975 3050 Apologiae

259 3072 487 3125 Religionis
520 3073 785 3116 Christianae
817 3078 860 3116 et
892 3075 1134 3117 Catholicae
1165 3086 1268 3116 suus
1302 3073 1559 3115 concedatur
1588 3073 1717 3114 locus.

395 3147 466 3188 Ad
498 3160 597 3201 reg.
632 3149 669 3190 3.
733 3148 838 3190 Cum
880 3162 991 3192 nunc
1030 3149 1232 3192 altissime
1271 3148 1399 3190 insita
1439 3147 1494 3190 sit
1537 3146 1692 3201 populo
1734 3144 1973 3187 Christiano
