2164 3535
394 232 603 268 Beibericht
628 232 691 267 der
717 232 1142 267 Studien-Kommissare
1168 242 1231 266 zur
1255 231 1297 267 R.
1324 235 1366 266 st.
1395 241 1462 266 von
1492 234 1591 267 1832.
1772 236 1855 276 499

137 375 235 427 quia
267 378 490 429 putamus,
533 373 785 415 recentiores
817 373 1023 415 feliciores
1055 385 1147 415 esse
1178 372 1219 414 in
1252 371 1515 426 etymologiis
1549 371 1859 424 investigandis

140 462 215 502 per
246 449 602 502 comparationem
635 448 888 500 linguarum.
952 473 1001 479 -
1066 449 1117 490 39
1147 446 1348 498 Additur,
1382 449 1430 488 ut
1462 444 1650 488 conferat
1679 446 1861 488 indolem

137 525 359 577 utriusque
391 523 560 575 linguae
591 526 767 576 propter
792 524 880 576 jam
913 523 1081 575 saepius
1110 523 1371 564 insinuatum
1407 525 1668 564 momentum
1688 522 1860 574 linguae

137 600 312 654 patriae.
381 600 434 641 49
468 598 759 651 Expungimus
806 611 917 640 »nec
960 598 1181 639 alienum
1220 601 1348 653 etc«,
1401 598 1499 651 quia
1551 596 1863 640 contradiceret

137 673 501 728 praecedentibus.

275 749 324 791 N.
350 744 441 792 137.
501 747 571 789 Ad
603 760 700 800 reg.
726 749 762 788 6.
829 750 877 789 19
912 747 1017 789 Cum
1056 747 1168 789 tradi
1213 747 1395 790 debeant
1425 751 1653 802 praecepta
1685 747 1736 791 de
1772 748 1864 791 bre-

139 823 324 866 vioribus
356 823 630 877 scriptionum
664 821 902 874 generibus,
936 834 1168 873 congruum
1192 822 1371 873 videtur,
1405 827 1454 865 ut
1483 827 1736 876 argumenta
1759 824 1860 866 scri-

139 899 263 941 bendi
304 898 452 940 iisdem
493 896 796 950 respondeant,
839 909 923 949 quo
966 896 1124 938 scilicet
1164 897 1408 939 exercitatio
1450 899 1686 952 praeceptis
1720 902 1763 941 et
1797 911 1865 940 ex-

140 973 286 1026 emplis
319 975 550 1025 coaptetur.
606 970 715 1021 Quid
747 974 887 1012 tamen
921 971 1175 1024 quandoque
1201 972 1392 1024 Juniores
1425 972 1562 1014 adhuc
1595 976 1695 1015 sunt
1718 974 1761 1015 in
1783 974 1861 1016 hac

140 1049 304 1102 schola,
347 1047 630 1102 permittimus
673 1047 823 1097 etiam,
866 1049 914 1088 ut
955 1049 1206 1099 argumenta
1237 1047 1447 1089 scribendi
1479 1048 1532 1089 ad
1565 1048 1740 1090 verbum
1774 1049 1859 1092 dic-

141 1128 296 1166 tentur.
333 1148 382 1153 —-
418 1124 469 1165 29
502 1121 706 1164 Addimus
739 1122 916 1164 alteram
948 1122 972 1176 ξ
1003 1134 1078 1175 pro
1110 1122 1256 1174 lingua
1286 1123 1524 1165 vernacula.

279 1210 328 1251 N.
355 1206 448 1255 138.
517 1209 587 1251 Ad
628 1222 724 1262 reg.
759 1211 796 1250 7.
869 1207 1050 1249 Mutatio
1092 1207 1218 1261 hujus
1261 1208 1432 1261 regulae
1471 1208 1565 1250 fluit
1604 1222 1653 1251 ex
1694 1222 1861 1264 praece-

143 1284 354 1327 dentibus.

281 1360 331 1402 N.
358 1356 452 1404 139.
507 1359 574 1401 Ad
607 1371 704 1411 reg.
730 1359 766 1400 8.
822 1357 970 1400 Omitti
1002 1357 1149 1399 debuit
1179 1369 1332 1400 nomen
1365 1358 1579 1415 Cypriani,
1613 1372 1744 1414 quum
1776 1362 1866 1415 ejus

143 1435 311 1477 libellus
344 1435 411 1476 vix
441 1434 567 1476 hodie
599 1434 864 1476 adhibeatur.

283 1510 331 1552 N.
356 1506 449 1554 140.
510 1509 581 1551 Ad
626 1522 722 1562 reg.
748 1511 784 1551 9.
849 1508 1013 1551 Graeca
1052 1512 1278 1563 praecepta
1322 1510 1641 1553 accommodata
1683 1514 1784 1554 sunt
1816 1512 1869 1553 ad

145 1597 338 1627 normam
370 1598 409 1626 n.
437 1585 517 1626 104
550 1584 796 1637 expositam.

283 1660 333 1701 N.
360 1656 442 1704 141.
496 1659 566 1701 Ad
598 1659 752 1700 eamd.
786 1671 884 1711 reg,
944 1661 991 1701 19
1026 1659 1295 1712 Expungitur
1326 1659 1474 1702 divisio
1507 1662 1722 1704 semestris
1749 1662 1873 1716 juxta

148 1734 261 1776 dicta
302 1734 355 1775 ad
396 1747 435 1775 n.
469 1736 545 1776 121
591 1735 614 1788 ξ
648 1737 681 1775 1.
727 1759 776 1764 ——
821 1736 871 1776 29
904 1734 1044 1776 Poetis
1087 1734 1262 1776 additur
1299 1735 1570 1792 Homerus,
1612 1749 1738 1790 quem
1778 1750 1872 1779 cum

149 1810 291 1851 fructu
323 1810 364 1850 in
411 1809 490 1851 hac
531 1809 676 1851 schola
716 1809 902 1862 praelegi
941 1821 1065 1862 posse
1107 1821 1338 1852 censemus.
1374 1836 1424 1841 —
1459 1812 1511 1854 39
1547 1812 1817 1866 Expungitur
1848 1814 1872 1867 ξ

152 1884 522 1937 »inclinante«,
555 1884 654 1937 quia
680 1885 770 1938 Jam
802 1897 931 1938 supra
964 1885 1014 1926 de
1046 1885 1289 1939 hujusmodi
1303 1887 1357 1939 (ἓ)
1390 1890 1456 1929 est
1488 1891 1642 1929 actum.

289 1967 454 2015 Ν.142.
515 1971 586 2012 Ad
619 1983 714 2023 reg.
744 1972 807 2013 10.
867 1972 1183 2025 Expunguntur
1213 1973 1447 2022 Paradoxa,
1480 1976 1655 2028 propter
1688 1974 1872 2017 rationes

150 2045 357 2088 indicatas
389 2059 428 2088 n.
458 2047 550 2088 126.

248 2346 510 2412 Regulae
552 2346 915 2395 Professoris
955 2346 1284 2412 Supremae
1324 2347 1778 2397 Grammaticae.

294 2484 344 2525 N.
369 2480 461 2528 1213.
522 2484 594 2525 Ad
626 2497 723 2537 reg.
751 2487 786 2526 1.
852 2488 900 2526 19
934 2484 1039 2526 Cum
1061 2497 1099 2525 n.
1125 2486 1177 2526 25
1201 2485 1224 2539 ξ
1251 2487 1269 2526 1
1305 2485 1523 2538 posuimus
1555 2487 1875 2539 grammaticam

158 2559 197 2600 in
231 2558 384 2601 scholis
417 2572 510 2601 esse
542 2559 695 2601 debere
721 2560 872 2613 juxta
903 2560 999 2601 vim
1032 2563 1080 2601 et
1110 2560 1881 2618 proprietatengmmanuelis,

159 2634 257 2686 quin
282 2634 371 2687 ipse
402 2635 492 2688 ejus
515 2638 655 2677 textus
685 2635 1090 2690 praescriberentur,
1122 2636 1426 2688 grammaticae
1448 2639 1591 2689 partes
1624 2636 1683 2678 ita
1704 2637 1880 2679 fuerunt

164 2708 480 2765 describendae,
511 2713 560 2751 ut
592 2710 702 2752 clare
734 2710 1054 2763 intelligeretur,
1089 2710 1190 2763 quid
1222 2711 1399 2764 singulis
1433 2711 1586 2753 scholis
1620 2712 1879 2753 conveniret:

161 2783 282 2836 proin
324 2796 400 2837 pro
441 2783 518 2826 hac
561 2785 703 2826 schola.
734 2797 810 2838 pro
854 2784 1243 2841 appendicibus,
1285 2797 1394 2838 quae
1435 2790 1680 2839 supponunt
1718 2790 1881 2829 textum

163 2861 345 2913 certum,
389 2859 632 2912 scripsimus
675 2859 1001 2912 exceptiones
1043 2863 1092 2901 et
1131 2860 1432 2902 idiotismos.
1478 2885 1532 2890 —
1565 2863 1616 2903 29
1650 2861 1882 2915 Praecepta

161 2946 315 2986 graeca
338 2935 462 2988 juxta
493 2935 606 2977 dicta
637 2948 674 2976 n.
704 2936 796 2977 104.
831 2960 879 2965 —
915 2936 966 2977 39
1000 2934 1166 2977 Omissa
1198 2935 1400 2978 divisione
1432 2936 1626 2978 semestri
1657 2938 1711 2988 (v.
1736 2949 1774 2978 n.
1803 2938 1879 2979 121

163 3009 252 3063 §D
296 3009 485 3052 Ciceroni
525 3010 793 3063 adenximus
837 3010 940 3052 alios
985 3013 1178 3051 auctores
1221 3010 1397 3063 latinos,
1440 3013 1487 3051 ut
1518 3024 1567 3052 ex
1599 3010 1648 3053 iis
1690 3011 1884 3067 eligatur,

164 3083 237 3136 qui
258 3084 392 3137 magis
423 3084 642 3137 placuerit,
676 3098 771 3127 cum
799 3085 838 3127 in
871 3084 949 3127 hac
981 3084 1125 3126 schola
1154 3086 1239 3137 jam
1271 3086 1474 3139 incipiant
1505 3085 1690 3128 scribere
1712 3087 1882 3140 proprio

165 3162 316 3209 marte,
350 3162 519 3212 praeter
550 3159 766 3213 epistolas,
798 3160 962 3212 aliquas
998 3159 1126 3202 etiam
1158 3161 1438 3215 narrationes,
1472 3160 1773 3214 descriptiones
1806 3166 1883 3205 etc.

1613 3231 1680 3265 32*
