2164 3535
259 223 343 265 482
521 220 731 255 Beibericht
757 220 821 254 der
847 217 1277 255 Studien-Kommissare
1302 230 1367 254 zur
1392 220 1436 255 R.
1462 225 1505 255 st.
1531 231 1598 255 von
1629 223 1726 257 1832.

258 363 369 406 malo
411 362 680 416 aliquatenus
723 363 998 415 occurratur,
1040 360 1223 414 petitur,
1266 362 1314 402 ut
1352 361 1393 402 in
1435 361 1714 404 instructione
1756 363 1899 417 aliqua
1932 362 1985 405 ab

258 439 305 480 A.
326 439 375 480 R.
394 439 437 480 P.
457 438 508 480 N.
532 436 850 491 praescribatur
871 435 1065 477 omnibus
1083 434 1400 478 Professoribus
1420 436 1696 491 Superiorum
1719 437 1987 494 facultatum,

258 516 307 555 ut
338 513 566 567 quotannis
599 511 824 554 conficiant
854 511 1166 564 exhibeantque
1197 511 1417 554 Praefecto
1449 511 1699 555 Studiorum
1731 514 1795 555 vel
1817 513 1988 556 Rectori

258 589 550 642 quaestionem
584 587 769 640 aliquam
803 586 856 628 ab
889 585 1068 628 authore
1100 587 1362 641 praescripto
1395 588 1459 629 vel
1492 588 1737 631 nullatenus
1759 589 1824 632 vel
1848 589 1987 631 minus

259 666 456 706 accurate
496 666 740 705 tractatam.
803 661 894 704 Hac
935 661 1063 704 etiam
1105 662 1269 703 ratione
1310 661 1532 704 abundans
1572 666 1685 706 esset
1723 664 1923 720 materia,
1948 653 1989 707 ‘e

258 752 341 793 qua
383 739 477 781 dein
516 738 613 780 libri
653 738 932 780 elementares
974 736 1120 790 optimi
1161 749 1237 790 pro
1270 737 1447 791 singulis
1480 738 1757 781 facultatibus
1790 740 1984 793 componi

256 818 443 868 possent.

396 890 445 932 N.
470 890 545 934 59.
607 889 676 931 Ad
710 901 808 942 reg.
836 890 900 932 10.
963 888 1079 931 Fluit
1110 902 1159 931 ex
1190 889 1414 931 immutata
1446 889 1593 943 regula
1625 890 1909 946 praecedenti,
1945 890 1985 933 in

256 978 341 1019 qua
365 966 456 1019 jam
488 968 553 1008 est
584 964 741 1007 author
772 965 924 1018 aliquis
956 965 1261 1019 praescriptus.

393 1053 443 1094 N.
468 1053 549 1096 60.
609 1052 681 1094 Ad
714 1065 809 1106 reg.
839 1054 902 1094 11.
955 1077 1003 1081 —
1057 1055 1106 1095 19
1140 1052 1254 1094 Ordo
1289 1053 1460 1105 regulae
1491 1053 1756 1109 immutatus,
1788 1057 1837 1095 ut
1868 1053 1986 1107 prius

255 1131 453 1184 ponatur,
476 1127 591 1181 quod
614 1128 752 1170 acrius
770 1127 1009 1181 urgendum
1026 1131 1102 1169 est.
1139 1129 1191 1170 ‘29
1216 1128 1305 1169 Vox
1331 1128 1643 1170 >interdum«
1660 1129 1701 1170 in
1725 1128 1986 1182 »saepius«

255 1217 304 1247 ex
341 1204 490 1247 eadem
527 1203 754 1257 ratione¹);
798 1203 1016 1257 vigilantia
1048 1204 1342 1246 Professorum
1383 1204 1494 1246 circa
1526 1204 1725 1247 lectiones
1759 1204 1985 1257 exigendas

255 1279 330 1321 alit
359 1281 568 1322 fervorem
600 1280 853 1322 studiorum.
917 1280 969 1322 39
1002 1279 1047 1321 P.
1085 1280 1326 1334 Deputatus
1359 1278 1526 1322 Siciliae
1559 1280 1773 1322 sublatam
1811 1281 1985 1334 cuperet

255 1354 554 1408 obligationem
586 1355 785 1397 manendi
817 1367 948 1408 prope
970 1354 1157 1397 scholam
1179 1368 1255 1408 per
1278 1354 1575 1411 quadrantem,
1608 1356 1721 1412 quia,
1753 1368 1982 1410 suppressa

254 1443 302 1473 ex
335 1443 490 1484 magna
521 1434 643 1484 parte
675 1430 919 1483 dictatione,
951 1430 1047 1484 plus
1079 1431 1282 1483 temporis
1306 1431 1575 1484 explicationi
1599 1431 1704 1486 dari,
1736 1431 1831 1486 plus
1856 1431 1983 1474 etiam

253 1506 661 1559 interrogationibus
703 1506 1006 1559 discipulorum
1050 1506 1237 1559 permitti
1278 1509 1438 1559 potest&
1482 1506 1556 1549 sed
1595 1506 1859 1549 retinendam
1892 1519 1986 1549 cen-

253 1584 433 1625 suerunt
464 1582 548 1633 alii,
581 1582 681 1635 quia
713 1581 1017 1624 consulendum
1050 1586 1115 1624 est
1147 1583 1432 1636 quorumdam
1464 1582 1694 1625 timiditati.

391 1670 441 1712 N.
467 1671 534 1714 61.
586 1669 656 1710 Ad
689 1682 789 1722 reg.
818 1670 880 1711 13.
935 1669 1041 1712 Cum
1074 1669 1339 1723 disputatum
1372 1672 1498 1721 esset,
1530 1669 1632 1723 quid
1662 1669 1830 1711 nomine
1859 1668 1984 1711 istius

252 1746 409 1788 mensis
442 1745 561 1787 vacui
591 1745 766 1799 veniret,
800 1744 892 1787 aliis
925 1757 1016 1787 esse
1048 1744 1176 1787 ferias
1209 1744 1492 1796 autumnales,
1526 1744 1618 1786 aliis
1651 1748 1823 1797 praeter
1853 1744 1981 1787 ferias

252 1833 441 1863 mensem
463 1820 725 1863 examinibus
750 1820 1009 1862 destinatum
1032 1820 1322 1874 opinantibus:
1356 1820 1590 1873 quaeritur,
1624 1819 1725 1873 quid
1747 1820 1804 1862 sit
1827 1819 1982 1863 mensis

253 1896 335 1952 ille,
384 1899 427 1937 et
467 1895 561 1938 dein
602 1895 871 1949 postulatur,
918 1898 966 1937 ut
1002 1896 1127 1949 juxta
1172 1895 1569 1948 interpretationem
1612 1894 1796 1937 dandam
1836 1894 1984 1948 regula

253 1972 515 2014 instituatur.

391 2047 442 2089 N.
467 2048 540 2091 62.
602 2047 671 2088 Ad
705 2059 801 2100 reg.
830 2048 893 2088 14.
956 2046 1119 2099 Regula
1151 2046 1389 2101 immutata,
1421 2046 1521 2099 quia
1552 2045 1745 2088 omnibus
1768 2057 1853 2088 una
1874 2045 1981 2087 hora

254 2122 447 2167 sufficere
479 2122 661 2177 videtur,
694 2122 874 2164 maxime
904 2122 977 2164 ubi
1009 2125 1110 2164 sunt
1131 2123 1272 2175 magni
1301 2125 1572 2164 externorum
1598 2133 1843 2164 concursus.
1892 2120 1982 2162 Illic

255 2198 365 2240 enim
396 2201 439 2240 et
469 2198 605 2252 major
636 2197 849 2239 ordinario
870 2197 1054 2239 habetur
1075 2197 1371 2240 Professorum
1393 2210 1608 2252 numerus,
1642 2209 1824 2250 quorum
1850 2195 1981 2249 aliqui

255 2273 450 2316 omittere
483 2274 737 2326 cogerentur
767 2285 889 2315 suam
922 2272 1160 2325 lectionem,
1193 2273 1228 2313 si
1261 2272 1495 2326 disputatio
1523 2271 1756 2315 Sabbatina
1787 2271 1842 2314 ad
1874 2270 1980 2313 duas

253 2348 379 2391 horas
412 2348 746 2402 protraheretur.

392 2436 442 2477 N.
467 2436 540 2480 63.
601 2435 673 2477 Ad
714 2448 810 2489 regv
839 2437 903 2477 14.
966 2435 1154 2477 Bidelli
1194 2447 1346 2477 nomen
1388 2437 1644 2488 expunctum
1685 2433 1861 2476 mallent
1891 2432 1977 2475 ΡΡ.

254 2511 459 2565 Deputati
491 2510 668 2567 Galliae,
701 2511 868 2553 Siciliae
900 2514 943 2553 et
967 2510 1234 2562 Germaniae,
1267 2510 1367 2563 quia
1399 2510 1623 2552 ridiculum
1655 2512 1698 2551 et
1728 2508 1809 2551 vile
1840 2511 1906 2551 est
1936 2508 1978 2550 in

254 2586 509 2640 quibusdam
541 2587 803 2640 regionibus;
837 2586 1103 2628 retinendum
1137 2586 1206 2627 alii
1233 2589 1419 2641 censent,
1452 2585 1552 2638 quia
1584 2585 1625 2626 in
1648 2583 1713 2626 his
1737 2583 1979 2638 regionibus

254 2661 447 2704 adhiberi
477 2665 620 2717 potest
650 2675 729 2705 vox
761 2661 1039 2716 adjutoris,
1083 2665 1125 2704 et
1156 2661 1255 2715 quia
1286 2661 1327 2702 in
1360 2660 1451 2703 aliis
1486 2659 1728 2713 regionibus
1761 2658 1898 2701 adhuc
1937 2658 1979 2700 in

253 2749 334 2779 usu
365 2740 432 2779 est
461 2749 614 2779 nomen
646 2736 846 2780 Bidelli.

393 2894 419 2937 ¹)
445 2901 492 2928 sc.
520 2892 707 2928 immutata
734 2899 797 2928 est.
