2164 3535
298 221 380 263 518
505 216 738 259 Einfiihrung
762 215 826 250 der
852 224 969 249 neuen
989 213 1032 248 R.
1059 217 1102 248 st.
1129 214 1166 248 in
1191 213 1256 249 der
1281 213 1567 249 oberdeutschen
1585 213 1689 260 Prov„
1720 216 1816 250 1834.

435 361 474 401 4.
522 359 586 400 Ex
627 355 1002 411 compositionibus
1044 366 1121 408 pro
1168 353 1364 407 praemiis
1406 353 1607 396 scribitur
1653 353 1720 396 die
1765 353 1930 407 integro
1979 353 2022 396 in

298 435 526 478 Rhetorica
558 446 607 475 ex
639 434 745 474 orat.
779 432 871 483 lat.;
905 443 1041 484 usque
1073 430 1126 472 ad
1159 431 1218 473 313³
1250 429 1584 483 pomeridianam
1616 442 1666 471 ex
1698 431 1804 472 orat.
1837 442 2023 486 vernae,

297 512 339 553 in
381 511 555 563 reliquis
598 521 733 562 usque
766 506 856 564 [ad]
890 506 1119 549 meridiem.
1183 506 1231 548 In
1265 506 1450 559 collegiis
1488 509 1650 561 tamen,
1692 505 1765 547 ubi
1797 504 2027 547 Rhetorica

299 590 341 629 et
361 586 617 628 Humanitas
650 584 784 627 eidem
807 583 1038 637 professori
1061 582 1253 636 subJecta
1285 585 1363 636 est,
1396 581 1621 635 utriusque
1652 581 1832 623 alumnis
1858 582 2026 634 tempus

299 661 404 703 illud
445 660 672 712 tribuitum
716 659 829 713 quod
871 672 919 700 ex
953 658 1100 710 regula
1132 657 1389 700 Rhetoribus
1428 660 1640 699 statutum
1679 659 1755 699 est.
1821 655 2029 698 Examina

302 736 635 779 accessoriorum
667 735 824 788 scripto
857 733 980 786 fiant,
1013 736 1054 775 et
1087 746 1110 775 a
1142 733 1230 775 solo
1263 733 1467 786 magistro
1500 732 1779 785 corrigantur.
1844 731 2028 785 Tempus

300 815 444 853 autem
485 811 638 853 horum
677 810 917 852 examinum
959 821 1088 850 unam
1127 808 1276 850 horam
1317 821 1399 849 non
1442 807 1637 863 excedat,
1680 819 1728 848 ac
1759 807 1801 848 in
1835 806 2028 849 omnibus

300 886 505 930 classibus
538 899 587 928 ex
620 885 807 927 materiis
841 884 1030 937 analogis
1063 883 1208 926 eodem
1242 883 1310 925 die
1341 883 1566 925 scribatur.

439 971 490 1010 59
526 968 606 1009 Pro
640 967 827 1021 praemio
861 978 911 1007 ex
942 977 1172 1019 progressu
1205 977 1345 1006 annuo
1376 968 1622 1018 computent
1653 965 1677 1005 3
1702 963 2029 1018 compositiones

301 1045 479 1099 singulis
522 1042 736 1085 mensibus
777 1041 830 1083 ab
871 1041 989 1083 initio
1031 1040 1076 1083 212
1107 1040 1262 1082 mensis
1302 1042 1399 1093 post
1440 1041 1681 1082 instaurata
1719 1039 1861 1083 studia
1893 1052 2030 1094 usque-

301 1121 354 1163 ad
387 1121 583 1162 ultimum
615 1130 803 1160 mensem
835 1117 1058 1172 exclusive,
1092 1116 1376 1169 computando
1410 1116 1515 1158 duas
1537 1116 1692 1157 latinas
1715 1119 1758 1158 et
1778 1128 1907 1157 unam
1941 1128 2027 1157 ver-

302 1196 508 1239 naculam.
574 1195 715 1245 Quare
757 1194 791 1235 si
833 1193 976 1246 plures
1009 1192 1094 1234 sint
1125 1192 1328 1234 materiae
1361 1192 1634 1247 vernaculae,
1678 1205 1713 1232 v.
1746 1203 1784 1244 g.
1819 1191 1954 1233 oratio
1989 1195 2032 1233 et

303 1285 492 1327 carmen,
535 1283 610 1325 per
649 1282 815 1312 menses
857 1269 1043 1311 alternos
1088 1268 1318 1310 varientur.
1383 1268 1425 1310 Si
1465 1268 1620 1310 alicubi
1652 1267 1939 1309 necessarium
1971 1267 2028 1309 vi-

303 1348 455 1390 deatur
486 1346 661 1400 fierique
694 1345 842 1399 possit,
874 1357 960 1386 una
991 1357 1067 1397 per
1098 1355 1284 1386 mensem
1318 1343 1566 1396 compositio
1590 1356 1636 1385 ex
1661 1355 1812 1396 graeco
1835 1355 1911 1397 pro
1935 1355 2030 1397 pro-

302 1436 450 1477 gressu
483 1434 622 1465 annuo
655 1423 891 1463 censeatur.

442 1501 493 1541 69
526 1499 607 1540 Pro
648 1496 887 1551 praemiis
928 1509 977 1538 ex
1010 1495 1385 1549 compositionibus
1417 1497 1688 1548 computetur
1719 1494 1810 1536 sola
1840 1494 2031 1549 scriptio7

302 1588 412 1630 quae
445 1574 497 1616 ad
530 1574 572 1615 id
603 1573 694 1615 fieri
727 1573 846 1615 solet.

444 1652 493 1692 79
527 1650 608 1691 Pro
640 1649 827 1703 praemio
861 1662 909 1691 ex
942 1648 1094 1691 litteris
1128 1648 1290 1701 graecis
1323 1648 1535 1690 scribatur
1563 1648 1692 1690 semel
1723 1647 1765 1688 in
1798 1659 1958 1701 mense,
1990 1648 2034 1689 et

302 1726 431 1769 semel
463 1738 610 1767 versus
643 1724 739 1766 anni
772 1724 896 1766 finem
928 1723 1003 1765 fiat
1035 1724 1206 1777 scriptio
1240 1723 1486 1773 solemnior,
1530 1736 1660 1777 quae,
1700 1724 1748 1765 ut
1778 1721 2030 1776 scriptiones

267 1785 271 1788 ’
306 1815 383 1856 per
415 1814 592 1855 annum,
633 1800 674 1841 in
706 1799 944 1852 praeceptis
985 1801 1027 1840 et
1064 1798 1364 1840 exercitatione
1405 1801 1598 1840 versetur
1613 1799 1658 1850 ¹).
1721 1797 2033 1851 Computentur

303 1880 445 1920 autem
478 1875 728 1929 scriptiones
762 1888 837 1928 per
868 1887 1025 1915 annum
1057 1886 1133 1927 pro
1156 1873 1295 1915 media
1326 1877 1463 1929 parte,
1496 1875 1538 1915 et
1568 1873 1742 1927 scriptio
1775 1873 1817 1914 in
1838 1871 1920 1915 fine
1955 1884 2031 1926 pro

303 1953 439 1995 altera
469 1952 607 1994 media
639 1954 773 2005 parte.

442 2030 493 2070 89
532 2028 614 2069 Pro
647 2027 844 2080 praemiis
878 2040 926 2068 ex
958 2026 1202 2068 accessoriis
1236 2029 1536 2079 computentur
1568 2038 1643 2079 pro
1695 2024 1869 2067 dimidia
1910 2029 2032 2078 parte

238 2118 242 2124 ’
304 2104 403 2145 bina
433 2116 509 2157 per
541 2116 699 2145 annum
731 2102 943 2157 examina7
984 2105 1026 2143 et
1057 2114 1134 2154 pro
1168 2102 1302 2144 altera
1335 2101 1507 2142 dimidia
1546 2113 1719 2143 examen
1752 2113 1901 2143 versus
1934 2101 2032 2143 anni

304 2179 428 2221 finem
460 2179 713 2221 habendum.
778 2178 842 2220 Sit
873 2182 1015 2219 autem
1048 2178 1227 2220 materia
1259 2178 1462 2219 examinis
1506 2177 1643 2219 ultimi
1686 2176 1896 2231 quidquid
1942 2179 2032 2219 toto

306 2267 414 2296 anno
449 2254 655 2295 traditum
700 2257 784 2301 est;
829 2253 1008 2295 aliorum
1051 2253 1106 2295 sit
1145 2266 1194 2295 ea
1234 2253 1367 2295 omnis
1410 2253 1612 2307 materia,
1653 2266 1763 2306 quae
1803 2265 1937 2305 usque
1980 2252 2033 2294 ad

305 2330 507 2372 examinis
539 2332 706 2383 tempus
740 2329 949 2382 explicata
980 2328 1071 2370 fuit.
1136 2328 1268 2370 Porro
1302 2328 1494 2370 examina
1521 2341 1597 2382 per
1630 2341 1802 2383 annum,
1837 2340 1947 2381 quae
1980 2327 2032 2370 ab

304 2405 423 2446 initio
456 2404 503 2446 31.
542 2405 697 2447 mensis
730 2404 1028 2458 exordiuntur⁷
1070 2404 1147 2446 hoc
1183 2404 1327 2446 ordine
1368 2404 1491 2445 fiant:
1537 2416 1678 2446 mense
1714 2406 1762 2445 19
1798 2415 1847 2445 ex
1888 2404 2029 2445 Doctr.

307 2480 427 2534 (31198,
461 2482 511 2522 ’29
549 2493 598 2522 ex
630 2481 822 2531 historia,
855 2481 906 2522 39
941 2493 988 2522 ex
1011 2480 1281 2533 Geographia
1302 2481 1366 2522 vel
1391 2480 1568 2522 materia
1590 2480 1783 2535 analoga,
1815 2482 1863 2520 ut
1885 2479 2034 2533 sphae-

306 2555 406 2609 rica„
439 2558 492 2597 49
526 2569 574 2598 ex
607 2555 812 2602 Mathesi;
847 2556 997 2609 idemq.
1034 2555 1136 2597 ordo
1170 2555 1362 2597 secundis
1399 2555 1558 2597 vicibus
1591 2555 1852 2597 observetur.

1122 2753 1215 2807 §a

856 2845 1068 2888 Examen
1107 2845 1164 2887 ad
1202 2857 1479 2887 ascensum.

450 2963 482 3001 1.
534 2959 791 3014 Scriptiones
824 2964 865 3003 et
897 2961 1086 3002 examina
1119 2974 1194 3015 pro
1224 2961 1421 3015 praemiis
1452 2960 1514 3001 ita
1541 2963 1707 3002 mature
1740 2959 2031 3009 absolvantur,

308 3040 356 3077 ut
388 3037 411 3076 2
445 3035 509 3077 vel
543 3036 566 3077 3
600 3035 889 3078 hebdomadae
920 3037 1078 3078 liberae
1111 3037 1339 3090 supersint,
1371 3036 1524 3089 quibus
1556 3035 1595 3077 in
1630 3035 1774 3078 schola
1805 3037 2033 3088 praecepta

309 3110 439 3151 totius
473 3111 569 3151 anni
604 3116 883 3165 auctoresque
916 3117 1175 3165 repetantur.

447 3227 475 3268 ¹)
502 3225 587 3261 Cod.
612 3237 645 3261 n.
674 3230 936 3262 »versentur«.
