2164 3535
618 207 878 243 Bischofliches
906 208 1078 242 Alumnat
1102 207 1139 241 in
1166 206 1307 242 Olmiitz
1338 210 1434 243 1639.
1806 211 1886 251 327

302 348 338 389 8.
389 347 625 400 Singularis
657 359 825 400 quoque
857 347 1082 389 habebitur
1114 347 1221 388 ratio
1255 346 1676 389 recommendationis
1711 348 1754 389 P.
1783 349 1885 391 Rec-

166 422 270 465 toris
314 422 485 476 Collegij
528 422 817 464 Olomucensis
859 422 899 463 in
942 422 1204 475 promotione
1246 421 1526 463 Alumnorum
1564 421 1617 463 ad
1659 422 1886 466 Parochias

164 500 206 539 et
246 497 327 538 alia
363 496 591 545 Beneficia„
634 509 727 538 cum
768 496 919 550 studijs
964 497 1168 538 absolutis
1209 509 1256 538 ex
1296 496 1529 538 Seminario
1568 496 1621 537 ad
1659 496 1887 539 inservien-

168 572 267 613 duin
300 572 503 621 Dioecesi,
537 584 612 624 pro
646 571 899 624 obligatione
933 574 1059 625 (quae
1092 571 1309 626 dentur‘?)‚
1342 571 1501 624 egressi
1533 570 1701 613 fuerint.

305 648 341 687 9.
396 646 618 699 Conceptis
666 645 803 687 verbis
844 646 1045 687 iurabunt
1077 646 1244 687 Alumni
1284 649 1381 687 ante
1419 646 1655 699 ingressum
1686 646 1887 688 Alumna-

163 724 249 771 tus,
274 720 386 773 quod
410 724 569 762 statum
595 720 937 762 Ecclesiasticum
963 732 1056 761 cu1n
1080 720 1272 763 omnibus
1292 720 1520 763 Ordinibus
1538 722 1766 778 suscipere,
1789 726 1886 776 post

167 795 361 838 absoluta
393 795 535 837 studia
567 799 609 836 et
640 794 926 836 dimissionem
959 808 1007 836 ex
1029 794 1261 836 Alumnatu
1293 795 1484 837 Dioecesi
1508 796 1777 839 Olomucensi
1810 811 1885 851 per

161 870 484 924 quadriennium
517 870 733 922 inservire,
766 882 901 922 neque
933 869 1045 910 intra
1078 868 1155 910 hoc
1190 873 1355 922 teinpus
1387 870 1477 911 sine
1507 871 1722 923 praescitu
1755 872 1885 914 Serrei

162 945 226 987 vel
259 944 347 986 eius
382 945 532 998 Vicarij
577 944 890 997 dispensatione
923 944 1185 996 Religionem
1227 944 1411 996 aliquam
1453 944 1639 997 ingredi„
1682 959 1757 987 nec
1800 959 1882 989 non

160 1032 363 1073 expensas
397 1018 620 1062 refundere
654 1020 799 1075 velint,
842 1020 875 1061 si
919 1032 990 1060 eos
1028 1019 1081 1060 ob
1114 1031 1412 1072 quamcunque
1445 1032 1617 1061 causam
1650 1021 1881 1073 legitimam

164 1107 211 1136 ex
245 1095 476 1136 Alumnatu
510 1094 663 1135 dimitti
696 1094 922 1147 contingat.

302 1170 362 1211 10.
421 1170 713 1211 Iurainentum
762 1169 867 1210 illud
915 1169 1169 1222 praestitum
1216 1168 1387 1210 Alumni
1436 1169 1722 1224 subscribent,
1769 1170 1882 1223 quod

161 1244 311 1286 deinde
340 1244 507 1285 Vicario
542 1243 671 1286 Serei
704 1244 743 1284 in
778 1243 888 1284 hunc
919 1242 1042 1284 finem
1066 1242 1344 1298 exhibebitur,
1367 1246 1415 1285 ut
1445 1256 1637 1297 egressos
1669 1257 1717 1287 ex
1739 1245 1883 1287 Alum-

162 1323 264 1361 natu
297 1319 338 1360 in
372 1319 584 1372 Obsequio
619 1319 831 1360 Dioecesis
865 1318 1153 1360 Olomucensis
1193 1331 1240 1360 eo
1280 1317 1445 1360 facilius
1488 1319 1704 1361 continere
1735 1320 1880 1373 possit.

301 1396 362 1436 11.
414 1395 496 1436 Pro
536 1393 845 1436 sustentatione
883 1392 1034 1434 horum
1078 1392 1298 1434 duodecim
1333 1393 1630 1443 Alumnorum,
1671 1395 1882 1448 uniusque

156 1469 362 1511 Praefecti
395 1473 482 1510 tam
504 1469 671 1511 nomine
694 1469 842 1523 victus,
876 1481 1002 1521 quain
1025 1468 1219 1521 vestitus,
1254 1468 1519 1522 aliorumque
1541 1470 1880 1512 necessariorum

156 1544 373 1586 solventur
430 1543 628 1586 Patribus
687 1543 780 1586 Soa
836 1543 941 1585 Jesu
999 1542 1169 1596 Collegij
1228 1543 1518 1587 Olomucensis
1565 1545 1791 1598 quotannis
1838 1546 1879 1587 in

163 1620 302 1672 capita
345 1622 512 1661 centum
544 1618 747 1661 Moravici
786 1619 950 1671 Daleri‚
993 1619 1136 1672 sicque
1181 1619 1221 1660 in
1264 1619 1507 1661 universum
1548 1620 1660 1662 mille
1702 1621 1879 1662 trecenti

156 1694 357 1736 Moravici
391 1694 553 1749 Daleri,
596 1693 666 1747 qui
699 1693 897 1735 Patribus
941 1694 1053 1746 apud
1097 1694 1338 1735 Dominium
1379 1694 1702 1750 Cremsirfflnse,
1748 1695 1879 1738 donec

156 1769 238 1811 alia
270 1769 407 1811 media
440 1768 727 1822 suppeditent,
762 1768 1113 1823 assignabuntur,
1147 1781 1304 1821 eosque
1336 1769 1377 1810 in
1409 1773 1562 1823 parata
1593 1770 1771 1823 pecunia
1804 1774 1879 1812 aut

154 1849 319 1898 partem
352 1845 393 1886 in
426 1844 664 1895 frumentis,
698 1844 923 1899 Ceramia,
954 1844 1132 1897 alijsque
1165 1844 1267 1886 Pbkffi
1301 1844 1491 1897 accipere
1523 1843 1702 1886 liberum
1734 1845 1826 1886 erit.

296 1921 359 1961 12.
414 1919 479 1960 Ad
530 1923 688 1972 vestes,
739 1932 787 1962 ac
838 1919 1119 1961 necessariam
1163 1919 1475 1973 Supellectilem
1517 1932 1594 1972 pro
1641 1919 1876 1962 inchoando

155 1994 386 2036 Alumnatu
431 1994 759 2047 comparandam
801 1994 928 2036 semel
961 2007 1036 2047 pro
1070 2007 1235 2047 semper
1275 1995 1379 2036 PbPS
1416 1995 1756 2036 numerabuntur
1786 2008 1876 2050 sep-

154 2069 332 2122 tingenti
376 2069 601 2124 Moravici‚
649 2070 711 2111 uti
758 2070 884 2111 etiam
931 2082 1042 2111 nunc
1090 2069 1339 2125 anticipato,
1387 2069 1651 2125 deponentur
1698 2071 1875 2112 trecenti

154 2144 354 2186 Moravici
397 2158 473 2198 pro
514 2145 824 2187 sustentatione
865 2145 935 2197 qui
977 2148 1118 2186 tamen
1158 2158 1206 2186 ex
1249 2145 1474 2197 assignatis
1519 2145 1632 2187 mille
1675 2146 1874 2188 trecentis

153 2220 302 2261 annuis
336 2220 624 2262 detrahentur.

293 2296 343 2336 13
404 2295 552 2337 Patres
585 2294 638 2336 ad
670 2295 916 2348 petitionem
949 2293 1078 2336 Sei-1311
1111 2294 1162 2336 de
1201 2295 1379 2348 receptis
1422 2298 1465 2336 et
1505 2296 1695 2349 expensis
1737 2296 1871 2338 eidem

152 2370 337 2411 rationes
370 2369 560 2412 reddent.
614 2370 661 2411 In
697 2382 878 2422 quorum
912 2369 1097 2410 omnium
1130 2369 1268 2425 fidem,
1302 2382 1349 2411 ac
1380 2369 1542 2412 firmius
1576 2371 1719 2426 robur,
1751 2385 1871 2425 prae-

157 2444 271 2486 fatae
304 2445 563 2487 conditiones
597 2445 820 2498 dupliciter
852 2445 1136 2499 conscriptae,
1177 2448 1219 2485 et
1249 2445 1336 2487 R¹311
1368 2445 1504 2497 sigillo
1546 2446 1756 2501 munitae,
1797 2459 1872 2489 nec

152 2532 233 2561 non
266 2533 289 2561 a
322 2520 519 2561 Patribus
551 2519 823 2569 Provinciali‚
864 2523 992 2572 atque
1024 2520 1203 2561 Rectore
1236 2518 1407 2573 Collegij
1443 2519 1734 2563 Olomucensis
1774 2521 1871 2563 sub-

154 2595 357 2650 scriptae,
391 2599 433 2637 et
464 2595 736 2647 consignatae
768 2597 885 2647 sunt,
928 2607 1096 2647 nnumq.
1132 2594 1344 2647 Originale
1377 2594 1515 2637 Se1·¹1.10
1549 2596 1731 2638 alterum
1772 2609 1869 2639 vero

151 2670 349 2712 Patribus
385 2670 677 2722 consignatum
713 2673 788 2711 est.
852 2669 1009 2710 Datum
1044 2668 1255 2722 Cremsirij
1290 2669 1494 2721 vigesima
1527 2673 1682 2723 quarta
1712 2671 1869 2713 Mensis

152 2745 343 2798 Januarij
377 2744 499 2786 Anno
540 2743 849 2786 Incarnationis
882 2743 1124 2785 Dominicae
1155 2743 1398 2799 Millesim0‚
1438 2745 1749 2788 Sexcentesimo
1782 2746 1871 2788 Tri-

151 2820 307 2873 gesimo
342 2820 473 2861 Nono.

288 2924 576 2977 Leopoldus
610 2924 908 2966 Wilhelmus
1166 2925 1470 2966 Anastasius
1503 2923 1592 2966 Soc.
1627 2924 1730 2966 Jesu

761 3005 806 3046 L.
842 3004 882 3046 S.
1162 3004 1332 3059 Collegij
1369 3005 1526 3047 Olomi.S
1561 3005 1727 3046 Rector.

354 3084 606 3137 Georgius
640 3086 840 3127 Pacher.
1162 3085 1411 3127 Sebaldus
1444 3086 1728 3131 Vierbauin.
