2164 3535
189 250 268 292 108
465 247 887 282 Geschichtsunterricht
919 257 963 281 an
995 246 1065 281 den
1091 245 1379 281 oberdeutschen
1407 246 1637 291 Gymnasien.

323 391 361 432 4.
394 389 621 431 Doctrinas
651 388 834 432 morales
867 400 888 429 e
921 400 965 428 re
989 390 1112 429 natas
1135 387 1371 429 immisceat
1392 388 1622 442 professor,
1653 401 1736 429 non
1759 388 1917 430 multas

186 469 347 518 tamen3
389 465 606 518 speciatim
650 464 796 506 doceat
842 463 1070 516 discipulos
1113 462 1328 504 reflectere
1368 463 1408 503 in
1450 461 1572 504 factis
1612 461 1822 504 historicis
1865 463 1919 504 ad

187 539 420 582 mirabilem
455 540 529 582 Dei
561 539 883 594 providentiam,
917 542 1140 591 paternam
1173 538 1407 580 bonitatem
1431 549 1533 590 erga
1563 537 1733 593 probos,
1766 537 1920 579 severi-

187 618 318 657 tatem
353 628 453 667 erga
483 615 718 668 improbos,
752 614 921 655 virtutis
954 613 1333 667 pulchritudinem,
1376 612 1574 654 vitiorum
1607 612 1920 655 deformitatem

187 693 381 744 spectare
412 691 453 732 in
485 690 632 732 iisdem
665 689 786 731 factis
820 689 1063 731 doceantur.
1128 688 1388 730 Reflexiones
1421 687 1499 729 hae
1533 687 1584 729 ad
1618 688 1796 730 moralia
1827 687 1920 730 bre-

191 766 386 808 vissimae
419 766 516 817 sint,
549 778 600 807 ne
633 765 776 807 concio
809 765 990 818 prodeat
1020 765 1109 806 loco
1141 764 1356 806 historiae.

325 855 363 894 5.
397 854 529 894 Facta
560 851 901 894 memorabiliora
939 851 1065 905 paulo
1104 851 1264 905 fusius,
1307 851 1388 892 alia
1431 850 1600 892 brevius
1641 853 1920 904 exponantur.

188 927 495 980 Chronologiae
527 930 569 969 et
600 927 874 980 genealogiae
895 926 937 968 in
961 926 1114 968 scholis
1136 926 1406 968 inferioribus
1431 925 1582 981 omitti,
1605 926 1647 967 in
1671 925 1763 967 aliis
1787 925 1924 968 obiter

187 1002 337 1044 saltem
371 1003 521 1056 attingi
551 1005 743 1056 possunt.

329 1092 365 1131 6.
400 1090 556 1140 Quovis
588 1090 723 1143 primo
758 1089 946 1131 Sabatho
979 1090 1185 1142 cujusque
1228 1088 1384 1130 mensis
1415 1087 1505 1130 fieri
1538 1091 1696 1141 poterit
1727 1088 1923 1141 repetitio

188 1179 355 1221 eorum,
394 1178 502 1219 quae
534 1179 609 1219 per
640 1166 853 1218 integrum
893 1178 1077 1206 mensem
1112 1164 1297 1217 priorem
1335 1165 1510 1206 fuerunt
1547 1167 1734 1206 tractata
1764 1164 1843 1219 ita,
1876 1167 1925 1206 ut

188 1242 252 1283 vel
284 1241 537 1283 munuscula
568 1241 881 1283 distribuantur
914 1241 1071 1294 optime
1102 1240 1472 1293 respondentibus,
1506 1240 1570 1281 vel
1603 1240 1726 1293 primi
1758 1239 1926 1293 publice

188 1317 499 1359 renuncientur.

328 1405 364 1444 7.
399 1403 577 1453 Quando
609 1403 882 1456 repetitiones
915 1401 1193 1443 instituentur
1234 1401 1365 1454 (quod
1397 1401 1506 1443 idem
1543 1401 1593 1444 de
1627 1403 1817 1444 examine
1849 1415 1924 1456 pro

189 1479 374 1532 praemio
408 1478 606 1520 historico
640 1479 719 1520 sub
751 1477 874 1519 finem
908 1477 1176 1531 notandum),
1211 1489 1276 1518 res
1310 1490 1334 1517 a
1366 1476 1582 1529 discipulis
1614 1477 1722 1530 exigi
1755 1477 1925 1533 debent,

190 1567 271 1596 non
315 1555 463 1609 verba,
506 1555 606 1607 quin
649 1558 792 1596 tamen
833 1553 1076 1606 negligatur
1124 1552 1275 1594 modus
1325 1555 1451 1606 aptus
1500 1553 1763 1606 proponendi
1814 1552 1927 1595 facta

192 1629 404 1672 historica.

328 1719 364 1759 8,
401 1718 502 1759 Tres
535 1717 703 1759 scholae
735 1717 975 1770 superiores
1008 1716 1160 1769 latine,
1200 1719 1287 1758 tres
1320 1715 1488 1758 infimae
1519 1716 1666 1769 lingua
1698 1715 1927 1758 vernacula

192 1796 395 1847 poterunt
427 1793 693 1846 respondere.

329 1884 367 1919 ἐν.
401 1880 483 1922 Pro
525 1879 733 1921 tradenda
773 1879 952 1921 historia
990 1892 1111 1921 sacra
1152 1879 1196 1920 P.
1242 1879 1451 1921 Leonardi
1494 1880 1628 1920 Fuess
1647 1880 1674 1930 ¹)
1722 1878 1926 1920 historiae

195 1956 371 1997 biblicae
409 1955 552 2007 lingua
593 1954 834 2007 germanica
871 1954 1075 2003 Delingae
1115 1953 1254 1995 editae
1294 1966 1402 1995 anno
1438 1955 1560 1995 1688.
1595 1953 1659 1995 vel
1690 1953 1734 1994 P.
1769 1953 1926 1995 Pexen-

192 2031 365 2083 felder2)
400 2031 551 2072 Florus
584 2030 761 2072 biblicus
795 2030 985 2084 apprime
1018 2029 1113 2070 usui
1146 2042 1239 2070 esse
1261 2032 1463 2082 poterunt
1493 2029 1573 2070 PP.
1598 2027 1923 2083 professoribus.

193 2189 499 2242 Designatio
540 2188 871 2230 materiarum
910 2186 1020 2229 fuse
1062 2190 1150 2228 aut
1189 2187 1419 2228 breviter
1456 2200 1478 2229 e
1517 2200 1665 2229 sacra
1704 2185 1927 2228 historia

872 2262 1250 2304 tradendarum.

462 2356 584 2400 (Folgt
611 2366 748 2399 genaue
777 2355 990 2398 Einteilung
1015 2355 1078 2389 des
1106 2354 1237 2389 Stoffes
1264 2354 1300 2388 in
1327 2354 1432 2389 sechs
1458 2354 1661 2398 Perioden.)

339 2511 366 2543 ¹»
394 2509 432 2542 P.
459 2507 621 2552 Leopold
653 2507 772 2549 (nicht
798 2506 985 2551 Leonard)
1016 2507 1148 2550 Fuess,
1181 2507 1259 2550 geb.
1290 2509 1394 2550 1642,
1428 2511 1516 2549 gest.
1548 2507 1635 2541 1697
1662 2517 1705 2540 zu
1731 2505 1923 2547 Lissabon3

201 2567 387 2602 Biblische
415 2565 658 2601 Geschichten
687 2565 749 2599 des
776 2565 872 2599 alten
900 2565 971 2599 und
999 2576 1115 2599 neuen
1141 2566 1369 2599 Testaments
1398 2570 1525 2598 sammt
1552 2564 1815 2598 sinnreichsten
1835 2563 1927 2597 Aus-

204 2626 385 2669 legungen
413 2625 485 2659 und
512 2626 801 2659 auserlesensten
822 2625 1065 2658 Sittenlehren
1084 2624 1147 2659 der
1166 2624 1213 2658 hl.
1230 2624 1393 2657 Vattern.
1434 2623 1511 2657 Ans
1530 2622 1609 2656 dem
1628 2621 1926 2656 Franz'osischen.

201 2683 387 2727 Dillingen
418 2686 521 2719 1684:
557 2686 701 2726 spatere
728 2682 925 2725 Ausgaben
956 2685 1058 2726 1688,
1089 2684 1192 2726 1698,
1222 2682 1325 2726 1718,
1355 2681 1452 2716 1770.

338 2753 367 2797 2)
400 2752 549 2787 »Florus
575 2752 757 2787 Biblicus«
787 2752 954 2787 erschien
979 2764 1023 2786 zu
1051 2752 1247 2794 Straubing
1275 2751 1374 2795 1672,
1400 2751 1460 2784 fol.
1488 2762 1546 2795 pp.
1565 2751 1648 2795 6753
1675 2761 1719 2784 zu
1744 2748 1928 2784 Munchen

202 2814 400 2851 1680-83;
428 2812 622 2855 Augsburg
651 2812 736 2846 1747
765 2815 831 2845 etc.
859 2815 925 2845 etc.
