<?xml version="1.0" encoding="UTF-8"?>
<!DOCTYPE html PUBLIC "-//W3C//DTD XHTML 1.0 Transitional//EN"
    "http://www.w3.org/TR/xhtml1/DTD/xhtml1-transitional.dtd">
<html xmlns="http://www.w3.org/1999/xhtml" xml:lang="en" lang="en">
 <head>
  <title>
</title>
<meta http-equiv="Content-Type" content="text/html;charset=utf-8" />
  <meta name='ocr-system' content='tesseract 3.04.00' />
  <meta name='ocr-capabilities' content='ocr_page ocr_carea ocr_par ocr_line ocrx_word'/>
</head>
<body>
  <div class='ocr_page' id='page_1' title='image "./ratiostudiorumet16jesu_0579.png"; bbox 0 0 2164 3535; ppageno 0'>
   <div class='ocr_carea' id='block_1_1' title="bbox 598 206 1879 251">
    <p class='ocr_par' dir='ltr' id='par_1_1' title="bbox 598 206 1879 251">
     <span class='ocr_line' id='line_1_1' title="bbox 598 206 1879 251; baseline -0.002 -9"><span class='ocrx_word' id='word_1_1' title='bbox 598 207 822 251; x_wconf 88' lang='lat' dir='ltr'>Anordnung</span> <span class='ocrx_word' id='word_1_2' title='bbox 847 207 910 242; x_wconf 86' lang='lat' dir='ltr'>des</span> <span class='ocrx_word' id='word_1_3' title='bbox 935 207 986 250; x_wconf 86' lang='lat' dir='ltr'>3j.</span> <span class='ocrx_word' id='word_1_4' title='bbox 1013 206 1142 251; x_wconf 88' lang='lat' dir='ltr'>philos.</span> <span class='ocrx_word' id='word_1_5' title='bbox 1169 206 1310 240; x_wconf 86' lang='lat' dir='ltr'>Kursus</span> <span class='ocrx_word' id='word_1_6' title='bbox 1338 208 1435 241; x_wconf 80' lang='lat'>1858.</span> <span class='ocrx_word' id='word_1_7' title='bbox 1798 206 1879 247; x_wconf 81' lang='lat'>555</span> 
     </span>
    </p>
   </div>
   <div class='ocr_carea' id='block_1_2' title="bbox 1238 279 1875 282">
    <p class='ocr_par' dir='ltr' id='par_1_2' title="bbox 1238 279 1875 282">
     <span class='ocr_line' id='line_1_2' title="bbox 1238 279 1875 282; baseline 0 0"><span class='ocrx_word' id='word_1_8' title='bbox 1238 279 1875 282; x_wconf 95' lang='lat' dir='ltr'> </span> 
     </span>
    </p>
   </div>
   <div class='ocr_carea' id='block_1_3' title="bbox 286 279 1875 284">
    <p class='ocr_par' dir='ltr' id='par_1_3' title="bbox 286 279 1875 284">
     <span class='ocr_line' id='line_1_3' title="bbox 286 279 1875 284; baseline 0 0"><span class='ocrx_word' id='word_1_9' title='bbox 286 279 1875 284; x_wconf 95' lang='lat' dir='ltr'> </span> 
     </span>
    </p>
   </div>
   <div class='ocr_carea' id='block_1_4' title="bbox 164 345 1881 614">
    <p class='ocr_par' dir='ltr' id='par_1_4' title="bbox 164 345 1881 550">
     <span class='ocr_line' id='line_1_4' title="bbox 299 345 1881 402; baseline -0.001 -13"><span class='ocrx_word' id='word_1_10' title='bbox 299 347 508 401; x_wconf 80' lang='lat' dir='ltr'>Equidem</span> <span class='ocrx_word' id='word_1_11' title='bbox 540 359 774 402; x_wconf 87' lang='lat' dir='ltr'>speramus,</span> <span class='ocrx_word' id='word_1_12' title='bbox 806 347 874 389; x_wconf 50' lang='lat' dir='ltr'>RQ]</span> <span class='ocrx_word' id='word_1_13' title='bbox 902 346 972 389; x_wconf 65' lang='lat' dir='ltr'>Vn}</span> <span class='ocrx_word' id='word_1_14' title='bbox 1003 349 1249 398; x_wconf 86' lang='lat' dir='ltr'>ceterosque</span> <span class='ocrx_word' id='word_1_15' title='bbox 1290 345 1446 388; x_wconf 83' lang='lat' dir='ltr'>laboris</span> <span class='ocrx_word' id='word_1_16' title='bbox 1489 345 1623 388; x_wconf 88' lang='lat' dir='ltr'>socios</span> <span class='ocrx_word' id='word_1_17' title='bbox 1667 345 1754 387; x_wconf 88' lang='lat' dir='ltr'>suis</span> <span class='ocrx_word' id='word_1_18' title='bbox 1787 358 1881 398; x_wconf 87' lang='lat' dir='ltr'>par—</span> 
     </span>
     <span class='ocr_line' id='line_1_5' title="bbox 172 419 1879 476; baseline -0.001 -12"><span class='ocrx_word' id='word_1_19' title='bbox 172 422 283 464; x_wconf 92' lang='lat' dir='ltr'>tibus</span> <span class='ocrx_word' id='word_1_20' title='bbox 314 434 395 464; x_wconf 88' lang='lat' dir='ltr'>non</span> <span class='ocrx_word' id='word_1_21' title='bbox 420 422 656 475; x_wconf 87' lang='lat' dir='ltr'>defuturos,</span> <span class='ocrx_word' id='word_1_22' title='bbox 689 421 761 464; x_wconf 90' lang='lat' dir='ltr'>sed</span> <span class='ocrx_word' id='word_1_23' title='bbox 785 434 861 475; x_wconf 89' lang='lat' dir='ltr'>pro</span> <span class='ocrx_word' id='word_1_24' title='bbox 885 433 947 476; x_wconf 87' lang='lat' dir='ltr'>eo,</span> <span class='ocrx_word' id='word_1_25' title='bbox 980 420 1127 474; x_wconf 86' lang='lat' dir='ltr'>quanti</span> <span class='ocrx_word' id='word_1_26' title='bbox 1158 420 1319 462; x_wconf 87' lang='lat' dir='ltr'>faciunt</span> <span class='ocrx_word' id='word_1_27' title='bbox 1341 419 1609 474; x_wconf 85' lang='lat' dir='ltr'>Societatem,</span> <span class='ocrx_word' id='word_1_28' title='bbox 1642 420 1879 471; x_wconf 71' lang='lat' dir='ltr'>adnisuros,</span> 
     </span>
     <span class='ocr_line' id='line_1_6' title="bbox 164 495 1400 550; baseline -0.002 -11"><span class='ocrx_word' id='word_1_29' title='bbox 164 500 212 539; x_wconf 89' lang='lat' dir='ltr'>ut</span> <span class='ocrx_word' id='word_1_30' title='bbox 243 509 447 550; x_wconf 90' lang='lat' dir='ltr'>responsa</span> <span class='ocrx_word' id='word_1_31' title='bbox 477 497 635 539; x_wconf 89' lang='lat' dir='ltr'>nostris</span> <span class='ocrx_word' id='word_1_32' title='bbox 668 496 775 539; x_wconf 87' lang='lat' dir='ltr'>votis</span> <span class='ocrx_word' id='word_1_33' title='bbox 809 499 1092 538; x_wconf 86' lang='lat' dir='ltr'>consentanea</span> <span class='ocrx_word' id='word_1_34' title='bbox 1122 495 1400 537; x_wconf 80' lang='lat' dir='ltr'>inveniantur.</span> 
     </span>
    </p>

    <p class='ocr_par' dir='ltr' id='par_1_5' title="bbox 305 571 612 614">
     <span class='ocr_line' id='line_1_7' title="bbox 305 571 612 614; baseline -0.007 0"><span class='ocrx_word' id='word_1_35' title='bbox 305 571 501 614; x_wconf 89' lang='lat' dir='ltr'>Ceterum</span> <span class='ocrx_word' id='word_1_36' title='bbox 535 576 612 614; x_wconf 89' lang='lat' dir='ltr'>etc.</span> 
     </span>
    </p>
   </div>
   <div class='ocr_carea' id='block_1_5' title="bbox 299 662 1822 798">
    <p class='ocr_par' dir='ltr' id='par_1_6' title="bbox 299 662 1822 798">
     <span class='ocr_line' id='line_1_8' title="bbox 299 662 949 717; baseline 0.002 -13"><span class='ocrx_word' id='word_1_37' title='bbox 299 663 471 713; x_wconf 88' lang='lat' dir='ltr'>Romae,</span> <span class='ocrx_word' id='word_1_38' title='bbox 506 663 573 705; x_wconf 89' lang='lat' dir='ltr'>die</span> <span class='ocrx_word' id='word_1_39' title='bbox 604 665 641 704; x_wconf 76' lang='lat'>2.</span> <span class='ocrx_word' id='word_1_40' title='bbox 676 662 790 717; x_wconf 82' lang='lat' dir='ltr'>Sept.</span> <span class='ocrx_word' id='word_1_41' title='bbox 828 663 949 705; x_wconf 79' lang='lat'>1854.</span> 
     </span>
     <span class='ocr_line' id='line_1_9' title="bbox 1280 755 1822 798; baseline -0.002 -2"><span class='ocrx_word' id='word_1_42' title='bbox 1280 756 1465 798; x_wconf 90' lang='lat' dir='ltr'>Petrus</span> <span class='ocrx_word' id='word_1_43' title='bbox 1503 755 1668 798; x_wconf 87' lang='lat' dir='ltr'>Beckx</span> <span class='ocrx_word' id='word_1_44' title='bbox 1710 755 1750 797; x_wconf 80' lang='lat' dir='ltr'>S.</span> <span class='ocrx_word' id='word_1_45' title='bbox 1784 755 1822 797; x_wconf 83' lang='lat' dir='ltr'>J.</span> 
     </span>
    </p>
   </div>
   <div class='ocr_carea' id='block_1_6' title="bbox 253 1107 1792 1274">
    <p class='ocr_par' dir='ltr' id='par_1_7' title="bbox 253 1107 1792 1274">
     <span class='ocr_line' id='line_1_10' title="bbox 253 1107 1792 1181; baseline 0.001 -20"><span class='ocrx_word' id='word_1_46' title='bbox 253 1107 555 1162; x_wconf 74' lang='lat' dir='ltr'>Ordinatio</span> <span class='ocrx_word' id='word_1_47' title='bbox 608 1127 711 1181; x_wconf 87' lang='lat' dir='ltr'>pro</span> <span class='ocrx_word' id='word_1_48' title='bbox 768 1107 1065 1162; x_wconf 88' lang='lat' dir='ltr'>Triennali</span> <span class='ocrx_word' id='word_1_49' title='bbox 1121 1108 1533 1181; x_wconf 85' lang='lat' dir='ltr'>Philosophiae</span> <span class='ocrx_word' id='word_1_50' title='bbox 1590 1109 1792 1163; x_wconf 71' lang='lat' dir='ltr'>Studio</span> 
     </span>
     <span class='ocr_line' id='line_1_11' title="bbox 603 1220 1447 1274; baseline 0 -13"><span class='ocrx_word' id='word_1_51' title='bbox 603 1233 651 1262; x_wconf 90' lang='lat' dir='ltr'>ex</span> <span class='ocrx_word' id='word_1_52' title='bbox 684 1220 958 1274; x_wconf 85' lang='lat' dir='ltr'>deputatione</span> <span class='ocrx_word' id='word_1_53' title='bbox 990 1220 1141 1274; x_wconf 83' lang='lat' dir='ltr'>Congr.</span> <span class='ocrx_word' id='word_1_54' title='bbox 1177 1220 1280 1263; x_wconf 86' lang='lat' dir='ltr'>Gen.</span> <span class='ocrx_word' id='word_1_55' title='bbox 1312 1221 1447 1263; x_wconf 85' lang='lat' dir='ltr'>XXII.</span> 
     </span>
    </p>
   </div>
   <div class='ocr_carea' id='block_1_7' title="bbox 440 1314 1598 1367">
    <p class='ocr_par' dir='ltr' id='par_1_8' title="bbox 440 1314 1598 1367">
     <span class='ocr_line' id='line_1_12' title="bbox 440 1314 1598 1367; baseline 0.001 -2"><span class='ocrx_word' id='word_1_56' title='bbox 440 1314 539 1367; x_wconf 80' lang='lat' dir='ltr'>Ab</span> <span class='ocrx_word' id='word_1_57' title='bbox 579 1314 651 1365; x_wconf 88' lang='lat' dir='ltr'>A.</span> <span class='ocrx_word' id='word_1_58' title='bbox 692 1314 765 1366; x_wconf 83' lang='lat' dir='ltr'>R.</span> <span class='ocrx_word' id='word_1_59' title='bbox 808 1314 875 1366; x_wconf 88' lang='lat' dir='ltr'>P.</span> <span class='ocrx_word' id='word_1_60' title='bbox 920 1315 993 1366; x_wconf 89' lang='lat' dir='ltr'>N.</span> <span class='ocrx_word' id='word_1_61' title='bbox 1037 1315 1266 1366; x_wconf 78' lang='lat' dir='ltr'>Petro</span> <span class='ocrx_word' id='word_1_62' title='bbox 1314 1315 1598 1366; x_wconf 82' lang='lat' dir='ltr'>Beckx.</span> 
     </span>
    </p>
   </div>
   <div class='ocr_carea' id='block_1_8' title="bbox 565 1439 1481 1485">
    <p class='ocr_par' dir='ltr' id='par_1_9' title="bbox 565 1439 1481 1485">
     <span class='ocr_line' id='line_1_13' title="bbox 565 1439 1481 1485; baseline 0.002 -11"><span class='ocrx_word' id='word_1_63' title='bbox 565 1439 643 1483; x_wconf 82' lang='lat' dir='ltr'>(Ad</span> <span class='ocrx_word' id='word_1_64' title='bbox 670 1439 895 1484; x_wconf 84' lang='lat' dir='ltr'>provincias</span> <span class='ocrx_word' id='word_1_65' title='bbox 920 1439 1039 1476; x_wconf 86' lang='lat' dir='ltr'>missa</span> <span class='ocrx_word' id='word_1_66' title='bbox 1063 1450 1127 1476; x_wconf 88' lang='lat' dir='ltr'>an.</span> <span class='ocrx_word' id='word_1_67' title='bbox 1154 1439 1481 1485; x_wconf 80' lang='lat' dir='ltr'>MDCOCLVIII).</span> 
     </span>
    </p>
   </div>
   <div class='ocr_carea' id='block_1_9' title="bbox 922 1559 1125 1562">
    <p class='ocr_par' dir='ltr' id='par_1_10' title="bbox 922 1559 1125 1562">
     <span class='ocr_line' id='line_1_14' title="bbox 922 1559 1125 1562; baseline 0 0"><span class='ocrx_word' id='word_1_68' title='bbox 922 1559 1125 1562; x_wconf 95' lang='lat' dir='ltr'> </span> 
     </span>
    </p>
   </div>
   <div class='ocr_carea' id='block_1_10' title="bbox 162 1634 1888 2214">
    <p class='ocr_par' dir='ltr' id='par_1_11' title="bbox 162 1634 1888 2214">
     <span class='ocr_line' id='line_1_15' title="bbox 303 1634 1885 1689; baseline 0 -11"><span class='ocrx_word' id='word_1_69' title='bbox 303 1636 421 1679; x_wconf 90' lang='lat' dir='ltr'>Nach</span> <span class='ocrx_word' id='word_1_70' title='bbox 463 1636 663 1688; x_wconf 75' lang='lat' dir='ltr'>langeren</span> <span class='ocrx_word' id='word_1_71' title='bbox 697 1635 1054 1689; x_wconf 81' lang='lat' dir='ltr'>Verhandlungen</span> <span class='ocrx_word' id='word_1_72' title='bbox 1099 1635 1218 1678; x_wconf 88' lang='lat' dir='ltr'>hatte</span> <span class='ocrx_word' id='word_1_73' title='bbox 1256 1635 1323 1677; x_wconf 91' lang='lat' dir='ltr'>die</span> <span class='ocrx_word' id='word_1_74' title='bbox 1354 1636 1438 1677; x_wconf 89' lang='lat' dir='ltr'>alte</span> <span class='ocrx_word' id='word_1_75' title='bbox 1470 1634 1751 1678; x_wconf 86' lang='lat' dir='ltr'>Gesellschaft</span> <span class='ocrx_word' id='word_1_76' title='bbox 1781 1635 1885 1678; x_wconf 83' lang='lat' dir='ltr'>Jesu</span> 
     </span>
     <span class='ocr_line' id='line_1_16' title="bbox 166 1709 1885 1765; baseline 0 -12"><span class='ocrx_word' id='word_1_77' title='bbox 166 1714 330 1754; x_wconf 87' lang='lat' dir='ltr'>anstatt</span> <span class='ocrx_word' id='word_1_78' title='bbox 361 1711 434 1754; x_wconf 89' lang='lat' dir='ltr'>des</span> <span class='ocrx_word' id='word_1_79' title='bbox 458 1710 741 1765; x_wconf 79' lang='lat' dir='ltr'>dreijahrigen</span> <span class='ocrx_word' id='word_1_80' title='bbox 764 1710 1129 1764; x_wconf 87' lang='lat' dir='ltr'>philosophischen</span> <span class='ocrx_word' id='word_1_81' title='bbox 1154 1710 1333 1753; x_wconf 86' lang='lat' dir='ltr'>Kursus’</span> <span class='ocrx_word' id='word_1_82' title='bbox 1367 1714 1510 1753; x_wconf 84' lang='lat' dir='ltr'>zuerst</span> <span class='ocrx_word' id='word_1_83' title='bbox 1538 1709 1607 1752; x_wconf 81' lang='lat' dir='ltr'>fiir</span> <span class='ocrx_word' id='word_1_84' title='bbox 1630 1711 1885 1764; x_wconf 76' lang='lat' dir='ltr'>auswartige</span> 
     </span>
     <span class='ocr_line' id='line_1_17' title="bbox 164 1786 1886 1841; baseline -0.001 -13"><span class='ocrx_word' id='word_1_85' title='bbox 164 1786 414 1841; x_wconf 83' lang='lat' dir='ltr'>Studenten,</span> <span class='ocrx_word' id='word_1_86' title='bbox 447 1786 558 1828; x_wconf 88' lang='lat' dir='ltr'>dann</span> <span class='ocrx_word' id='word_1_87' title='bbox 592 1786 699 1828; x_wconf 90' lang='lat' dir='ltr'>auch</span> <span class='ocrx_word' id='word_1_88' title='bbox 731 1786 801 1828; x_wconf 82' lang='lat' dir='ltr'>fiir</span> <span class='ocrx_word' id='word_1_89' title='bbox 824 1786 891 1828; x_wconf 89' lang='lat' dir='ltr'>die</span> <span class='ocrx_word' id='word_1_90' title='bbox 923 1786 1095 1839; x_wconf 79' lang='lat' dir='ltr'>eigenen</span> <span class='ocrx_word' id='word_1_91' title='bbox 1120 1786 1409 1828; x_wconf 85' lang='lat' dir='ltr'>Scholastiker</span> <span class='ocrx_word' id='word_1_92' title='bbox 1440 1787 1560 1828; x_wconf 90' lang='lat' dir='ltr'>einen</span> <span class='ocrx_word' id='word_1_93' title='bbox 1593 1786 1886 1839; x_wconf 77' lang='lat' dir='ltr'>zweijahrigen</span> 
     </span>
     <span class='ocr_line' id='line_1_18' title="bbox 167 1861 1885 1914; baseline 0 -11"><span class='ocrx_word' id='word_1_94' title='bbox 167 1863 336 1905; x_wconf 85' lang='lat' dir='ltr'>Kursus</span> <span class='ocrx_word' id='word_1_95' title='bbox 379 1861 632 1914; x_wconf 82' lang='lat' dir='ltr'>genehmigt.</span> <span class='ocrx_word' id='word_1_96' title='bbox 696 1861 773 1903; x_wconf 91' lang='lat' dir='ltr'>Die</span> <span class='ocrx_word' id='word_1_97' title='bbox 807 1864 872 1903; x_wconf 79' lang='grc'>22.</span> <span class='ocrx_word' id='word_1_98' title='bbox 908 1861 1443 1914; x_wconf 81' lang='lat' dir='ltr'>General-Congregation</span> <span class='ocrx_word' id='word_1_99' title='bbox 1486 1874 1579 1903; x_wconf 92' lang='lat' dir='ltr'>vom</span> <span class='ocrx_word' id='word_1_100' title='bbox 1611 1861 1742 1903; x_wconf 81' lang='lat' dir='ltr'>Jahre</span> <span class='ocrx_word' id='word_1_101' title='bbox 1776 1861 1885 1903; x_wconf 80' lang='lat'>1853</span> 
     </span>
     <span class='ocr_line' id='line_1_19' title="bbox 166 1936 1887 1990; baseline -0.001 -11"><span class='ocrx_word' id='word_1_102' title='bbox 166 1936 382 1979; x_wconf 88' lang='lat' dir='ltr'>entschied</span> <span class='ocrx_word' id='word_1_103' title='bbox 414 1936 501 1979; x_wconf 89' lang='lat' dir='ltr'>sich</span> <span class='ocrx_word' id='word_1_104' title='bbox 533 1937 589 1978; x_wconf 93' lang='lat' dir='ltr'>im</span> <span class='ocrx_word' id='word_1_105' title='bbox 622 1938 688 1978; x_wconf 83' lang='lat'>34.</span> <span class='ocrx_word' id='word_1_106' title='bbox 722 1937 906 1978; x_wconf 88' lang='lat' dir='ltr'>Dekrete</span> <span class='ocrx_word' id='word_1_107' title='bbox 938 1937 1008 1978; x_wconf 79' lang='lat' dir='ltr'>fiir</span> <span class='ocrx_word' id='word_1_108' title='bbox 1040 1937 1106 1978; x_wconf 91' lang='lat' dir='ltr'>die</span> <span class='ocrx_word' id='word_1_109' title='bbox 1139 1936 1569 1989; x_wconf 83' lang='lat' dir='ltr'>Wiedereinfiihrung</span> <span class='ocrx_word' id='word_1_110' title='bbox 1601 1936 1673 1978; x_wconf 89' lang='lat' dir='ltr'>des</span> <span class='ocrx_word' id='word_1_111' title='bbox 1707 1936 1887 1990; x_wconf 77' lang='lat' dir='ltr'>dreijah-</span> 
     </span>
     <span class='ocr_line' id='line_1_20' title="bbox 162 2010 1884 2066; baseline -0.001 -13"><span class='ocrx_word' id='word_1_112' title='bbox 162 2011 281 2064; x_wconf 87' lang='lat' dir='ltr'>rigen</span> <span class='ocrx_word' id='word_1_113' title='bbox 313 2011 500 2066; x_wconf 88' lang='lat' dir='ltr'>Kursus,</span> <span class='ocrx_word' id='word_1_114' title='bbox 543 2012 794 2065; x_wconf 81' lang='lat' dir='ltr'>wenigstens</span> <span class='ocrx_word' id='word_1_115' title='bbox 826 2010 895 2053; x_wconf 82' lang='lat' dir='ltr'>fiir</span> <span class='ocrx_word' id='word_1_116' title='bbox 929 2011 995 2053; x_wconf 87' lang='lat' dir='ltr'>die</span> <span class='ocrx_word' id='word_1_117' title='bbox 1028 2011 1318 2053; x_wconf 82' lang='lat' dir='ltr'>Scholastiker</span> <span class='ocrx_word' id='word_1_118' title='bbox 1349 2011 1424 2053; x_wconf 90' lang='lat' dir='ltr'>der</span> <span class='ocrx_word' id='word_1_119' title='bbox 1457 2011 1736 2054; x_wconf 78' lang='lat' dir='ltr'>Gesellschaft</span> <span class='ocrx_word' id='word_1_120' title='bbox 1768 2012 1884 2054; x_wconf 81' lang='lat' dir='ltr'>Jesu.</span> 
     </span>
     <span class='ocr_line' id='line_1_21' title="bbox 162 2085 1888 2140; baseline 0 -12"><span class='ocrx_word' id='word_1_121' title='bbox 162 2086 250 2128; x_wconf 90' lang='lat' dir='ltr'>Der</span> <span class='ocrx_word' id='word_1_122' title='bbox 291 2085 484 2140; x_wconf 82' lang='lat' dir='ltr'>folgende</span> <span class='ocrx_word' id='word_1_123' title='bbox 525 2087 630 2128; x_wconf 89' lang='lat' dir='ltr'>Text</span> <span class='ocrx_word' id='word_1_124' title='bbox 672 2086 728 2128; x_wconf 85' lang='lat' dir='ltr'>ist</span> <span class='ocrx_word' id='word_1_125' title='bbox 770 2086 1035 2139; x_wconf 81' lang='lat' dir='ltr'>abgedruckt</span> <span class='ocrx_word' id='word_1_126' title='bbox 1075 2099 1151 2129; x_wconf 85' lang='lat' dir='ltr'>aus</span> <span class='ocrx_word' id='word_1_127' title='bbox 1193 2087 1268 2129; x_wconf 89' lang='lat' dir='ltr'>der</span> <span class='ocrx_word' id='word_1_128' title='bbox 1309 2086 1546 2140; x_wconf 76' lang='lat' dir='ltr'>belgischen</span> <span class='ocrx_word' id='word_1_129' title='bbox 1578 2086 1776 2139; x_wconf 81' lang='lat' dir='ltr'>Ausgabe</span> <span class='ocrx_word' id='word_1_130' title='bbox 1810 2087 1888 2128; x_wconf 92' lang='lat' dir='ltr'>Lo-</span> 
     </span>
     <span class='ocr_line' id='line_1_22' title="bbox 162 2161 748 2214; baseline 0.002 -12"><span class='ocrx_word' id='word_1_131' title='bbox 162 2161 274 2203; x_wconf 87' lang='lat' dir='ltr'>vanii</span> <span class='ocrx_word' id='word_1_132' title='bbox 308 2162 430 2203; x_wconf 79' lang='lat'>1858.</span> <span class='ocrx_word' id='word_1_133' title='bbox 480 2162 542 2203; x_wconf 83' lang='lat'>80.</span> <span class='ocrx_word' id='word_1_134' title='bbox 590 2174 656 2214; x_wconf 91' lang='lat' dir='ltr'>pp.</span> <span class='ocrx_word' id='word_1_135' title='bbox 682 2162 748 2203; x_wconf 83' lang='lat'>31.</span> 
     </span>
    </p>
   </div>
   <div class='ocr_carea' id='block_1_11' title="bbox 164 2355 1888 3088">
    <p class='ocr_par' dir='ltr' id='par_1_12' title="bbox 164 2355 1888 3088">
     <span class='ocr_line' id='line_1_23' title="bbox 303 2355 1888 2408; baseline 0.002 -12"><span class='ocrx_word' id='word_1_136' title='bbox 303 2355 408 2397; x_wconf 84' lang='lat' dir='ltr'>Cum</span> <span class='ocrx_word' id='word_1_137' title='bbox 450 2355 731 2408; x_wconf 79' lang='lat' dir='ltr'>Congregatio</span> <span class='ocrx_word' id='word_1_138' title='bbox 773 2356 992 2399; x_wconf 79' lang='lat' dir='ltr'>Generalis</span> <span class='ocrx_word' id='word_1_139' title='bbox 1036 2357 1184 2399; x_wconf 86' lang='lat' dir='ltr'>ultima</span> <span class='ocrx_word' id='word_1_140' title='bbox 1225 2358 1542 2400; x_wconf 87' lang='lat' dir='ltr'>Provinciarum</span> <span class='ocrx_word' id='word_1_141' title='bbox 1585 2357 1808 2399; x_wconf 87' lang='lat' dir='ltr'>Postulata</span> <span class='ocrx_word' id='word_1_142' title='bbox 1846 2362 1888 2399; x_wconf 89' lang='lat' dir='ltr'>et</span> 
     </span>
     <span class='ocr_line' id='line_1_24' title="bbox 165 2430 1885 2487; baseline 0.001 -14"><span class='ocrx_word' id='word_1_143' title='bbox 165 2431 310 2485; x_wconf 82' lang='lat' dir='ltr'>gravia</span> <span class='ocrx_word' id='word_1_144' title='bbox 341 2433 384 2472; x_wconf 89' lang='lat' dir='ltr'>et</span> <span class='ocrx_word' id='word_1_145' title='bbox 415 2430 550 2472; x_wconf 88' lang='lat' dir='ltr'>multa</span> <span class='ocrx_word' id='word_1_146' title='bbox 581 2431 804 2472; x_wconf 88' lang='lat' dir='ltr'>attendens</span> <span class='ocrx_word' id='word_1_147' title='bbox 837 2432 1014 2474; x_wconf 81' lang='lat' dir='ltr'>sollicite</span> <span class='ocrx_word' id='word_1_148' title='bbox 1047 2433 1307 2487; x_wconf 81' lang='lat' dir='ltr'>exquireret,</span> <span class='ocrx_word' id='word_1_149' title='bbox 1341 2433 1443 2486; x_wconf 86' lang='lat' dir='ltr'>quid</span> <span class='ocrx_word' id='word_1_150' title='bbox 1475 2433 1589 2475; x_wconf 82' lang='lat' dir='ltr'>factu</span> <span class='ocrx_word' id='word_1_151' title='bbox 1623 2445 1728 2485; x_wconf 86' lang='lat' dir='ltr'>opus</span> <span class='ocrx_word' id='word_1_152' title='bbox 1761 2434 1885 2486; x_wconf 87' lang='lat' dir='ltr'>esset,</span> 
     </span>
     <span class='ocr_line' id='line_1_25' title="bbox 164 2505 1887 2560; baseline 0 -12"><span class='ocrx_word' id='word_1_153' title='bbox 164 2510 213 2548; x_wconf 90' lang='lat' dir='ltr'>ut</span> <span class='ocrx_word' id='word_1_154' title='bbox 243 2506 285 2548; x_wconf 92' lang='lat' dir='ltr'>in</span> <span class='ocrx_word' id='word_1_155' title='bbox 309 2505 531 2548; x_wconf 82' lang='lat' dir='ltr'>Societatis</span> <span class='ocrx_word' id='word_1_156' title='bbox 554 2505 749 2558; x_wconf 80' lang='lat' dir='ltr'>Collegiis</span> <span class='ocrx_word' id='word_1_157' title='bbox 781 2506 1022 2548; x_wconf 86' lang='lat' dir='ltr'>litterarum</span> <span class='ocrx_word' id='word_1_158' title='bbox 1055 2507 1198 2550; x_wconf 86' lang='lat' dir='ltr'>studia</span> <span class='ocrx_word' id='word_1_159' title='bbox 1230 2508 1281 2549; x_wconf 89' lang='lat' dir='ltr'>ad</span> <span class='ocrx_word' id='word_1_160' title='bbox 1314 2508 1436 2550; x_wconf 88' lang='lat' dir='ltr'>finem</span> <span class='ocrx_word' id='word_1_161' title='bbox 1470 2508 1590 2550; x_wconf 88' lang='lat' dir='ltr'>nobis</span> <span class='ocrx_word' id='word_1_162' title='bbox 1623 2508 1887 2560; x_wconf 87' lang='lat' dir='ltr'>propositum</span> 
     </span>
     <span class='ocr_line' id='line_1_26' title="bbox 165 2581 1887 2636; baseline 0 -13"><span class='ocrx_word' id='word_1_163' title='bbox 165 2594 291 2635; x_wconf 87' lang='lat' dir='ltr'>quam</span> <span class='ocrx_word' id='word_1_164' title='bbox 326 2581 543 2635; x_wconf 81' lang='lat' dir='ltr'>aptissime</span> <span class='ocrx_word' id='word_1_165' title='bbox 573 2581 917 2634; x_wconf 86' lang='lat' dir='ltr'>disponerentur;</span> <span class='ocrx_word' id='word_1_166' title='bbox 950 2586 1121 2635; x_wconf 86' lang='lat' dir='ltr'>praeter</span> <span class='ocrx_word' id='word_1_167' title='bbox 1144 2583 1225 2625; x_wconf 90' lang='lat' dir='ltr'>alia</span> <span class='ocrx_word' id='word_1_168' title='bbox 1256 2583 1298 2624; x_wconf 90' lang='lat' dir='ltr'>id</span> <span class='ocrx_word' id='word_1_169' title='bbox 1330 2583 1370 2624; x_wconf 88' lang='lat' dir='ltr'>in</span> <span class='ocrx_word' id='word_1_170' title='bbox 1404 2583 1549 2635; x_wconf 87' lang='lat' dir='ltr'>primis</span> <span class='ocrx_word' id='word_1_171' title='bbox 1581 2582 1887 2636; x_wconf 84' lang='lat' dir='ltr'>providendum</span> 
     </span>
     <span class='ocr_line' id='line_1_27' title="bbox 165 2657 1886 2712; baseline 0.001 -14"><span class='ocrx_word' id='word_1_172' title='bbox 165 2657 300 2699; x_wconf 84' lang='lat' dir='ltr'>visum</span> <span class='ocrx_word' id='word_1_173' title='bbox 333 2660 412 2712; x_wconf 88' lang='lat' dir='ltr'>est,</span> <span class='ocrx_word' id='word_1_174' title='bbox 444 2660 493 2698; x_wconf 90' lang='lat' dir='ltr'>ut</span> <span class='ocrx_word' id='word_1_175' title='bbox 524 2670 618 2698; x_wconf 88' lang='lat' dir='ltr'>cum</span> <span class='ocrx_word' id='word_1_176' title='bbox 651 2657 811 2699; x_wconf 87' lang='lat' dir='ltr'>externi</span> <span class='ocrx_word' id='word_1_177' title='bbox 843 2660 935 2699; x_wconf 87' lang='lat' dir='ltr'>tum</span> <span class='ocrx_word' id='word_1_178' title='bbox 968 2658 1102 2699; x_wconf 88' lang='lat' dir='ltr'>nostri</span> <span class='ocrx_word' id='word_1_179' title='bbox 1135 2659 1384 2711; x_wconf 85' lang='lat' dir='ltr'>praesertim</span> <span class='ocrx_word' id='word_1_180' title='bbox 1409 2657 1657 2700; x_wconf 79' lang='lat' dir='ltr'>Scholastici</span> <span class='ocrx_word' id='word_1_181' title='bbox 1687 2657 1728 2698; x_wconf 92' lang='lat' dir='ltr'>in</span> <span class='ocrx_word' id='word_1_182' title='bbox 1760 2657 1886 2699; x_wconf 87' lang='lat' dir='ltr'>rebus</span> 
     </span>
     <span class='ocr_line' id='line_1_28' title="bbox 166 2731 1888 2786; baseline 0.001 -13"><span class='ocrx_word' id='word_1_183' title='bbox 166 2731 465 2785; x_wconf 82' lang='lat' dir='ltr'>philosophicis</span> <span class='ocrx_word' id='word_1_184' title='bbox 508 2731 639 2773; x_wconf 88' lang='lat' dir='ltr'>solide</span> <span class='ocrx_word' id='word_1_185' title='bbox 683 2735 724 2773; x_wconf 92' lang='lat' dir='ltr'>et</span> <span class='ocrx_word' id='word_1_186' title='bbox 766 2733 959 2784; x_wconf 84' lang='lat' dir='ltr'>gnaviter</span> <span class='ocrx_word' id='word_1_187' title='bbox 999 2733 1349 2785; x_wconf 82' lang='lat' dir='ltr'>instituerentur,</span> <span class='ocrx_word' id='word_1_188' title='bbox 1392 2733 1657 2786; x_wconf 89' lang='lat' dir='ltr'>multumque</span> <span class='ocrx_word' id='word_1_189' title='bbox 1689 2732 1813 2774; x_wconf 87' lang='lat' dir='ltr'>simul</span> <span class='ocrx_word' id='word_1_190' title='bbox 1846 2735 1888 2774; x_wconf 89' lang='lat' dir='ltr'>et</span> 
     </span>
     <span class='ocr_line' id='line_1_29' title="bbox 165 2806 1887 2862; baseline 0 -14"><span class='ocrx_word' id='word_1_191' title='bbox 165 2808 337 2848; x_wconf 85' lang='lat' dir='ltr'>strenue</span> <span class='ocrx_word' id='word_1_192' title='bbox 391 2808 698 2848; x_wconf 85' lang='lat' dir='ltr'>exercerentur.</span> <span class='ocrx_word' id='word_1_193' title='bbox 778 2806 841 2848; x_wconf 88' lang='lat' dir='ltr'>Ad</span> <span class='ocrx_word' id='word_1_194' title='bbox 887 2806 965 2848; x_wconf 89' lang='lat' dir='ltr'>hoc</span> <span class='ocrx_word' id='word_1_195' title='bbox 1012 2810 1152 2849; x_wconf 88' lang='lat' dir='ltr'>autem</span> <span class='ocrx_word' id='word_1_196' title='bbox 1200 2807 1565 2862; x_wconf 85' lang='lat' dir='ltr'>consequendum,</span> <span class='ocrx_word' id='word_1_197' title='bbox 1622 2807 1887 2849; x_wconf 89' lang='lat' dir='ltr'>considerata</span> 
     </span>
     <span class='ocr_line' id='line_1_30' title="bbox 166 2881 1886 2937; baseline 0.001 -15"><span class='ocrx_word' id='word_1_198' title='bbox 166 2881 317 2923; x_wconf 88' lang='lat' dir='ltr'>harum</span> <span class='ocrx_word' id='word_1_199' title='bbox 350 2881 667 2935; x_wconf 88' lang='lat' dir='ltr'>disciplinarum</span> <span class='ocrx_word' id='word_1_200' title='bbox 700 2881 977 2935; x_wconf 87' lang='lat' dir='ltr'>amplitudine</span> <span class='ocrx_word' id='word_1_201' title='bbox 1009 2885 1051 2924; x_wconf 87' lang='lat' dir='ltr'>et</span> <span class='ocrx_word' id='word_1_202' title='bbox 1082 2882 1350 2937; x_wconf 85' lang='lat' dir='ltr'>difficultate,</span> <span class='ocrx_word' id='word_1_203' title='bbox 1383 2882 1589 2924; x_wconf 83' lang='lat' dir='ltr'>triennale</span> <span class='ocrx_word' id='word_1_204' title='bbox 1621 2895 1696 2935; x_wconf 86' lang='lat' dir='ltr'>pro</span> <span class='ocrx_word' id='word_1_205' title='bbox 1729 2882 1886 2924; x_wconf 91' lang='lat' dir='ltr'>nostris</span> 
     </span>
     <span class='ocr_line' id='line_1_31' title="bbox 168 2955 1887 3010; baseline 0.001 -13"><span class='ocrx_word' id='word_1_206' title='bbox 168 2955 458 3010; x_wconf 88' lang='lat' dir='ltr'>philosophiae</span> <span class='ocrx_word' id='word_1_207' title='bbox 504 2956 691 2998; x_wconf 87' lang='lat' dir='ltr'>studium</span> <span class='ocrx_word' id='word_1_208' title='bbox 724 2956 1012 3009; x_wconf 86' lang='lat' dir='ltr'>praescribere</span> <span class='ocrx_word' id='word_1_209' title='bbox 1043 2957 1214 3010; x_wconf 85' lang='lat' dir='ltr'>placuit.</span> <span class='ocrx_word' id='word_1_210' title='bbox 1278 2958 1334 2999; x_wconf 83' lang='lat' dir='ltr'>Et</span> <span class='ocrx_word' id='word_1_211' title='bbox 1366 2970 1459 2999; x_wconf 90' lang='lat' dir='ltr'>cum</span> <span class='ocrx_word' id='word_1_212' title='bbox 1493 2957 1762 2999; x_wconf 86' lang='lat' dir='ltr'>vehementer</span> <span class='ocrx_word' id='word_1_213' title='bbox 1792 2970 1887 3010; x_wconf 90' lang='lat' dir='ltr'>pro-</span> 
     </span>
     <span class='ocr_line' id='line_1_32' title="bbox 168 3030 1885 3088; baseline 0.001 -16"><span class='ocrx_word' id='word_1_214' title='bbox 168 3031 312 3073; x_wconf 89' lang='lat' dir='ltr'>basset</span> <span class='ocrx_word' id='word_1_215' title='bbox 344 3030 691 3087; x_wconf 82' lang='lat' dir='ltr'>Congregatio¹),</span> <span class='ocrx_word' id='word_1_216' title='bbox 725 3034 773 3073; x_wconf 89' lang='lat' dir='ltr'>ut</span> <span class='ocrx_word' id='word_1_217' title='bbox 804 3031 843 3072; x_wconf 90' lang='lat' dir='ltr'>in</span> <span class='ocrx_word' id='word_1_218' title='bbox 877 3031 1143 3085; x_wconf 89' lang='lat' dir='ltr'>philosophia</span> <span class='ocrx_word' id='word_1_219' title='bbox 1175 3031 1383 3074; x_wconf 87' lang='lat' dir='ltr'>tradenda</span> <span class='ocrx_word' id='word_1_220' title='bbox 1415 3034 1457 3073; x_wconf 86' lang='lat' dir='ltr'>et</span> <span class='ocrx_word' id='word_1_221' title='bbox 1489 3031 1706 3087; x_wconf 89' lang='lat' dir='ltr'>discenda,</span> <span class='ocrx_word' id='word_1_222' title='bbox 1745 3032 1885 3088; x_wconf 89' lang='lat' dir='ltr'>quoad</span> 
     </span>
    </p>
   </div>
   <div class='ocr_carea' id='block_1_12' title="bbox 165 3114 439 3117">
    <p class='ocr_par' dir='ltr' id='par_1_13' title="bbox 165 3114 439 3117">
     <span class='ocr_line' id='line_1_33' title="bbox 165 3114 439 3117; baseline 0 0"><span class='ocrx_word' id='word_1_223' title='bbox 165 3114 439 3117; x_wconf 95' lang='lat' dir='ltr'> </span> 
     </span>
    </p>
   </div>
   <div class='ocr_carea' id='block_1_13' title="bbox 306 3145 543 3189">
    <p class='ocr_par' dir='ltr' id='par_1_14' title="bbox 306 3145 543 3189">
     <span class='ocr_line' id='line_1_34' title="bbox 306 3145 543 3189; baseline 0.004 -10"><span class='ocrx_word' id='word_1_224' title='bbox 306 3147 331 3189; x_wconf 89' lang='lat'>1)</span> <span class='ocrx_word' id='word_1_225' title='bbox 356 3145 462 3182; x_wconf 88' lang='lat' dir='ltr'>Decr.</span> <span class='ocrx_word' id='word_1_226' title='bbox 489 3148 543 3181; x_wconf 87' lang='lat'>34.</span> 
     </span>
    </p>
   </div>
  </div>
 </body>
</html>
