2164 3535
246 265 299 306 32
747 262 1038 297 Oberdeutscher
1061 261 1336 305 Lektionsplan.
1387 264 1488 298 1736.

246 403 378 445 Jahre
409 402 630 444 Professor
672 403 747 445 der
778 403 983 446 Rhetorik
1022 401 1109 443 und
1151 401 1357 442 verfasste
1396 414 1436 442 u.
1472 414 1509 443 a.
1551 401 1617 442 ein
1650 401 1976 444 Vokabelbuch:

247 478 496 521 Amaltheae
536 477 814 521 Germanicae
856 481 898 520 et
938 477 1117 518 Latinae
1154 488 1229 518 seu
1271 475 1427 517 Indicis
1469 476 1692 529 locupletis
1733 476 1976 518 Dictionum

247 566 296 596 ex
328 553 589 596 Germanicis
622 553 872 594 Latinarum
912 555 989 594 etc.
1035 550 1279 593 distributio
1323 550 1364 591 111
1405 550 1572 593 classes.
1644 551 1850 593 Dasselbe
1891 554 1980 593 ent-

248 628 339 670 halt
381 629 422 670 in
462 628 582 671 sechs
612 627 914 670 Abschnitten:
958 630 993 668 1.
1028 626 1233 668 dictiones
1261 625 1397 678 primo
1429 626 1727 679 proponendae
1758 626 1980 680 tyronibus

248 704 485 756 latinitatis,
520 705 556 744 2.
580 702 778 757 mundus,
813 702 851 743 3.
874 701 1014 757 homo,
1046 703 1084 742 4.
1108 700 1362 756 respublica,
1387 702 1425 742 5.
1449 701 1754 757 resfamiliaris,
1786 703 1824 743 6.
1849 705 1978 743 artes.

250 778 348 820 Sein
394 778 657 831 Hauptwerk
703 777 760 819 ist
803 776 870 818 die
917 777 1202 829 Fortsetzung
1249 776 1324 818 der
1368 789 1544 829 grossen
1591 776 1842 820 Geschichte
1899 789 1980 819 von

250 853 447 906 Agricola
489 852 575 894 und
606 852 769 893 Flotto:
808 851 1001 894 Historia
1030 850 1276 893 Provinciae
1308 851 1350 893 S.
1383 851 1422 892 J.
1457 851 1709 894 Germaniae
1741 851 1981 905 Superioris

251 928 347 979 (vol.
382 928 460 969 IV:
497 928 621 982 1746,
654 927 735 969 vol.
768 927 823 968 V:
859 929 998 978 1754).

389 1031 466 1064 Aus
504 1030 568 1064 der
600 1030 707 1064 Ratio
743 1035 777 1064 et
809 1029 867 1062 via
905 1029 968 1063 des
1000 1029 1038 1063 P.
1072 1028 1192 1072 Kropf
1219 1028 1330 1063 teilen
1362 1029 1427 1062 wir
1464 1040 1537 1063 111111
1575 1029 1752 1064 zunachst
1786 1028 1980 1073 folgenden

251 1088 515 1132 Lektionsplan
542 1088 606 1122 der
634 1087 923 1122 oberdeutschen
949 1087 1103 1121 Provinz
1129 1087 1210 1121 mit:

798 1255 839 1302 1.
903 1249 1260 1298 Rhetoricae
1298 1249 1455 1298 libri.

393 1367 615 1408 Oratoriae
656 1366 761 1408 artis
800 1370 1028 1420 praecepta
1067 1365 1250 1419 petenda
1289 1370 1388 1407 sunt
1428 1378 1477 1407 ex
1517 1365 1572 1407 M.
1613 1366 1657 1408 T.
1693 1366 1907 1408 Ciceronis
1940 1369 1982 1408 et

254 1441 494 1483 Aristotelis
525 1442 644 1483 libris
676 1441 924 1483 Rhetoricis.
988 1442 1105 1494 (Reg.
1140 1445 1158 1483 1
1194 1444 1237 1483 et
1269 1443 1292 1482 6
1325 1441 1468 1494 Rhet.)
1530 1442 1658 1484 Recte
1690 1446 1832 1484 tamen
1862 1454 1984 1496 prae-

254 1518 411 1570 legitur
441 1517 638 1571 Cypriani
673 1517 809 1559 Soarii
841 1517 1068 1559 Rhetorica
1111 1530 1158 1559 ex
1198 1517 1249 1559 iis
1286 1517 1388 1570 ipsis
1422 1517 1634 1560 Ciceronis
1667 1520 1710 1559 et
1740 1517 1981 1559 Aristotelis

254 1593 373 1634 libris
414 1592 680 1646 potissimum
720 1596 929 1645 excerpta.
994 1593 1121 1646 (Reg.
1165 1594 1217 1634 29
1262 1592 1395 1644 Com.)
1465 1593 1529 1634 Ad
1575 1605 1668 1634 eam
1716 1605 1814 1634 vero
1856 1592 1985 1646 expli-

256 1670 390 1711 catius
412 1669 663 1711 tradendam
684 1670 1068 1722 illustrandamque
1089 1670 1324 1711 Professori
1348 1669 1546 1722 privatim
1569 1668 1807 1711 subserviet
1827 1667 1984 1709 Biblio-

256 1744 378 1786 theca
409 1744 642 1785 Rhetorum
684 1757 708 1786 a
748 1745 791 1786 P.
827 1744 954 1786 Gabr.
990 1745 1138 1786 Franc.
1173 1745 1323 1798 Jayo¹)
1364 1744 1626 1786 elucubrata.
1689 1743 1887 1796 (Observ.
1931 1742 1985 1784 ad

258 1818 390 1861 Catal.
424 1819 496 1860 lib.
530 1832 644 1860 1111111.
680 1819 770 1873 VI.)

410 1894 554 1947 Stylus
596 1897 864 1949 (quanquam
912 1894 1200 1947 probatissimi
1250 1894 1376 1936 etiam
1430 1894 1619 1936 historici
1666 1893 1843 1936 delibari
1892 1906 1987 1947 pos-

258 1972 375 2018 sunt)
409 1983 457 2011 ex
490 1983 573 2012 uno
605 1971 693 2012 fere
725 1969 926 2011 Cicerone
957 1969 1186 2011 sumendus
1219 1974 1283 2011 est
1315 1974 1357 2011 et
1389 1982 1532 2011 omnes
1565 1969 1737 2022 quidem
1768 1970 1858 2023 ejus
1890 1969 1987 2012 libri

260 2044 313 2085 ad
353 2045 507 2098 stylum
550 2045 779 2098 aptissimi,
829 2045 1041 2086 orationes
1081 2047 1221 2086 tamen
1264 2044 1379 2086 solae
1418 2043 1750 2098 praelegendae,
1793 2048 1841 2086 ut
1882 2044 1986 2087 artis

259 2124 486 2172 praecepta
523 2120 564 2161 111
608 2119 870 2161 orationibus
913 2132 1113 2172 expressa
1153 2123 1394 2160 cernantur.
1476 2119 1602 2172 (Reg.
1640 2121 1656 2160 1
1699 2123 1741 2160 et
1780 2120 1804 2160 6
1843 2119 1986 2172 Rhet.)

260 2194 325 2234 Ad
364 2207 470 2247 quas
515 2195 801 2248 explanandas
843 2195 1072 2249 plurimum
1115 2194 1283 2247 juvabit
1333 2194 1660 2235 commentarius
1708 2194 1750 2235 111
1798 2194 1987 2247 ejusdem

262 2268 473 2311 Ciceronis
513 2270 736 2312 Orationes
780 2270 958 2312 selectas
1001 2270 1211 2311 Monachii
1252 2268 1446 2322 editus2).
1519 2269 1712 2323 (Observ.
1756 2269 1809 2311 ad
1852 2268 1985 2310 Catal.

262 2343 330 2384 lib.
365 2344 441 2385 loc.
477 2345 566 2397 cit.)

404 2496 431 2538 l)
458 2493 605 2528 Gabriel
638 2494 756 2529 Franz
789 2495 840 2530 Le
866 2495 938 2540 Jay
972 2495 1005 2529 S.
1031 2494 1066 2528 J.
1093 2495 1210 2539 (Paris
1240 2496 1344 2539 1657,
1374 2496 1478 2538 1677,
1508 2495 1608 2538 1734)
1642 2494 1784 2528 schrieb
1819 2494 1992 2528 Biblio-

264 2551 396 2585 theca
431 2551 672 2586 Rhetorum
710 2559 954 2597 praecepta
992 2558 1033 2587 et
1071 2554 1272 2596 exempla
1305 2553 1628 2596 complectens,
1669 2562 1781 2595 quae
1818 2556 1903 2586 tam
1942 2551 1994 2586 ad

265 2610 507 2643 oratoriam
525 2609 791 2645 facultatem
809 2621 934 2654 quam
953 2611 1006 2644 ad
1025 2611 1246 2654 poeticam
1265 2610 1506 2653 pertinent.
1549 2610 1803 2653 Discipulis
1821 2610 1995 2653 pariter

265 2679 312 2702 ac
338 2667 578 2710 Magistris
605 2669 833 2712 perutilis.
877 2669 976 2713 Opus
1003 2669 1214 2713 bipartitum
1232 2668 1384 2703 Parisiis
1404 2670 1491 2703 1725
1518 2671 1538 2702 2
1557 2668 1625 2702 vol.
1651 2669 1706 2701 40.
1734 2670 1857 2710 8044-
1874 2670 1941 2703 898
1960 2678 1992 2711 p.

266 2726 451 2760 Monachii
483 2728 580 2760 1726.
607 2728 663 2760 80.
690 2737 723 2760 11.
751 2726 883 2761 andere
911 2727 1107 2770 Ausgaben
1134 2727 1169 2760 111
1194 2726 1396 2770 Ingolstadt
1421 2726 1475 2759 bis
1505 2727 1602 2762 1757.

404 2794 431 2836 2)
458 2795 813 2829 Commentarius
846 2795 888 2829 in
922 2795 1119 2829 selectas
1151 2795 1200 2828 M.
1234 2795 1273 2828 T.
1307 2794 1543 2829 Ciceronis
1577 2794 1818 2828 Orationes
1853 2793 1943 2828 Pars
1968 2793 1995 2827 I.

266 2852 309 2886 ΙΙ,
336 2852 399 2886 ΠΙ.
428 2852 614 2887 Monachii
644 2854 741 2896 1718,
768 2852 885 2887 Eddio
912 2855 972 2897 23¹,
999 2852 1183 2886 Monachii
1214 2854 1317 2896 1733,
1343 2853 1398 2896 80,
1426 2855 1535 2895 6081).
1578 2851 1672 2886 Text
1699 2851 1762 2885 der
1780 2850 1904 2886 Reden
1932 2851 1997 2885 mit

268 2910 561 2953 Annierkungen.
620 2910 790 2944 Mehrere
821 2910 1017 2951 Ausgaben
1056 2910 1110 2944 bis
1152 2911 1255 2953 1755,
1293 2910 1441 2943 letztere
1480 2914 1591 2943 nennt
1630 2908 1722 2942 auch
1761 2907 1829 2942 deu
1861 2909 1994 2942 Autor:

267 2967 316 3001 M.
353 2967 463 3001 Tullii
500 2967 684 3001 Ciceronis
717 2967 909 3002 Orationes
944 2968 1100 3002 selectae
1134 2978 1245 3011 opera
1282 2974 1318 3002 et
1355 2968 1473 3002 studio
1512 2967 1832 3010 Christophori
1869 2966 1997 3001 Wahl

269 3026 347 3058 Soc.
379 3024 456 3058 Jes.
490 3024 568 3058 Sac.
604 3025 908 3067 Interpretatione
942 3035 983 3059 ac
1016 3025 1121 3060 Notis
1156 3025 1201 3059 ad
1245 3036 1347 3059 usum
1382 3025 1633 3059 humaniorum
1667 3024 1879 3058 Scholarum
1917 3023 1997 3058 illu-

270 3087 406 3116 stratae
433 3082 635 3126 Tyrnaviae
665 3083 752 3117 1754
778 3084 832 3116 80.
861 3082 1034 3117 Tomulus
1061 3083 1203 3117 Primus
1229 3085 1310 3126 (450
1327 3085 1393 3127 p.):
1420 3082 1490 3116 Pro
1517 3082 1556 3116 P.
1583 3082 1763 3125 Quinctio.
1812 3081 1996 3115 Divinatio

271 3139 307 3173 in
334 3140 493 3174 Verrem.
545 3139 650 3173 Actio
677 3139 693 3172 Ι
724 3139 760 3172 111
786 3140 947 3174 Verrem.
998 3140 1252 3175 Accusationis
1284 3139 1320 3173 in
1350 3140 1498 3175 Verrem
1524 3139 1584 3173 lib.
1611 3139 1645 3173 ΙΙ
1671 3144 1706 3174 et
1731 3140 1772 3174 V.
1824 3138 1997 3173 Tomulus

270 3197 448 3231 secundus
483 3200 563 3242 (450
582 3200 645 3240 p.):
681 3196 749 3230 Pro
786 3197 883 3240 Lege
917 3198 1079 3232 Manilia.
1136 3198 1205 3232 Pro
1242 3197 1280 3232 C.
1306 3196 1465 3231 Rabirio.
1523 3197 1563 3230 In
1598 3196 1639 3230 L.
1667 3196 1859 3231 Catilinam
1927 3195 1997 3230 Pro
