2164 3535
168 230 249 272 136
392 227 682 262 Ausserordentl.
702 226 905 271 Uebungen
928 237 958 261 a.
977 226 1010 261 d.
1031 226 1156 271 Gymn.
1176 226 1208 261 d.
1227 231 1354 262 osterr.
1373 226 1538 264 Provinz.
1582 228 1680 263 1735.

177 372 220 411 et
241 381 335 410 011111
358 368 489 423 nullo,
519 368 584 410 vel
605 367 865 410 Professoris
889 367 1095 420 singulari
1124 366 1282 421 labore,
1312 367 1379 409 vel
1403 367 1709 420 discipulorum
1731 371 1905 421 sumptu

170 446 298 497 (quae
331 443 414 484 (1110
447 442 669 485 obstacula
701 443 806 484 alias
842 446 990 495 coepto
1023 441 1121 484 huic
1153 441 1344 489 obfuere)
1384 442 1687 497 instituantur,
1727 443 1779 484 ad
1812 455 1906 497 per-

168 518 422 572 petuitatem
455 518 708 560 stabilietur.
1681 569 1687 574 Ι

309 592 356 634 111
385 592 625 634 Academiis
657 591 720 634 his
756 604 853 633 vero
888 590 1254 633 considerandum.
1323 594 1357 632 1.
1394 591 1575 642 Quinam
1609 592 1834 648 deligendi,
1866 596 1909 634 et

171 680 254 721 quo
286 679 463 709 numero
486 666 727 708 Academici
740 667 759 707 ‘L'
812 668 849 707 22.
885 665 1065 716 Quinam
1097 665 1413 719 Magistratus?
1445 667 1503 708 ⁴3.
1541 666 1632 717 Quo
1667 667 1908 720 apparatu?

171 745 208 783 4.
254 742 343 793 Quo
375 744 566 795 tempore
599 745 639 783 et
672 742 763 783 loco
795 741 1047 783 habendae?
1111 742 1149 783 5.
1197 741 1414 792 Quaenam
1448 742 1539 796 ejus
1574 742 1908 784 Exercitationes

173 821 215 859 et
245 817 505 859 Methodus‘?
568 819 591 859 6
644 817 680 858 Α
714 816 877 867 Quibus
910 817 1206 859 examinandi?
1269 819 1306 859 7.
1347 817 1520 868 Quoties
1552 817 1773 860 habendae
1805 818 1909 859 Aca-

173 892 370 934 demiae?
431 894 468 934 8.
505 892 615 943 Quid
647 893 733 934 sint
764 892 1018 934 Academiae
1049 892 1273 946 privatae?

316 970 350 1009 1.
385 967 465 1018 Qui
499 967 708 1020 deligendi
742 970 842 1010 sunt
866 967 1117 1009 Academici.
1171 967 1265 1009 Etsi
1296 968 1339 1008 in
1371 967 1560 1010 docendo
1583 981 1666 1010 non
1699 972 1786 1010 tam
1808 981 1912 1021 pau-

175 1043 366 1085 culorum
399 1043 667 1096 quorundam
700 1043 999 1097 eminentium,
1043 1055 1171 1096 quam
1205 1042 1376 1096 majoris
1415 1043 1551 1096 partis
1593 1043 1761 1086 scholae
1801 1044 1910 1085 ratio

177 1118 371 1160 habenda
404 1119 472 1171 sit,
505 1131 575 1160 eos
607 1120 773 1173 tamen,
805 1118 878 1171 qui
909 1117 1005 1171 plus
1038 1122 1237 1170 possunt,
1271 1118 1406 1170 magis
1440 1118 1568 1160 etiam
1601 1119 1731 1161 excoli
1763 1131 1913 1161 conve-

176 1194 274 1236 niet.
327 1194 464 1247 Igitur
487 1193 559 1246 qui
592 1199 633 1235 et
664 1193 865 1235 lectiones
899 1193 1138 1248 diligenter,
1171 1197 1503 1246 constanterque
1535 1194 1764 1236 memoriae
1796 1206 1913 1236 man-

182 1269 308 1323 dant,
356 1273 395 1310 et
435 1268 625 1310 themata
662 1282 764 1322 prae
808 1269 986 1311 caeteris
1028 1269 1249 1311 emendate
1291 1273 1570 1323 componunt,
1618 1274 1660 1312 et
1700 1270 1915 1312 ordinaria

178 1344 346 1386 scholae
377 1344 595 1397 praeclare
636 1345 815 1400 obeunt,
859 1348 987 1398 atque
1026 1345 1092 1386 vel
1131 1346 1287 1397 ingenii
1327 1346 1612 1398 praestantia,
1656 1345 1721 1387 vel
1760 1345 1913 1388 aetatis

181 1419 403 1461 adultioris
436 1419 656 1475 beneficio,
702 1420 764 1462 vel
798 1433 822 1461 a
853 1420 1025 1474 praevia
1060 1420 1291 1462 domestica
1330 1420 1597 1462 diuturniore
1638 1421 1914 1462 Institutione

179 1495 273 1548 plus
319 1495 479 1548 aliquid
521 1500 741 1549 praestare
784 1500 984 1549 possunt,
1029 1496 1267 1538 Academici
1317 1496 1557 1550 appellandi
1604 1500 1750 1551 erunt,
1798 1495 1913 1538 nullo

181 1570 395 1611 Nobilium
428 1574 502 1611 aut
534 1570 802 1624 Plebejorum
836 1570 1098 1619 discrimine,
1143 1570 1372 1613 dummodo
1418 1574 1485 1625 (ut
1525 1571 1634 1613 ratio
1673 1571 1914 1613 studiorum

182 1646 290 1698 vult)
323 1658 375 1687 ne
407 1646 735 1699 petulantiores,
775 1651 850 1688 aut
882 1647 1071 1689 moribus
1113 1648 1198 1689 sint
1229 1647 1527 1699 solutioribus,
1566 1647 1713 1700 quales
1746 1647 1914 1689 omnino

188 1720 440 1763 admittendi
479 1734 560 1763 non
604 1726 716 1764 sunt.
781 1722 1050 1775 Quamquam
1081 1723 1320 1764 Nobiliores
1360 1721 1543 1764 fortasse
1586 1721 1739 1777 aliqui,
1780 1735 1832 1763 ne
1870 1734 1915 1764 se

185 1796 301 1838 velut
331 1796 560 1848 ignominia
593 1800 762 1839 notatos
797 1800 1046 1853 querantur,
1079 1811 1154 1851 pro
1187 1798 1437 1839 Honorariis
1470 1797 1637 1839 admitti
1668 1797 1845 1851 possint.

324 1877 673 1920 Academicorum
705 1879 919 1920 Numerus
951 1879 1088 1920 minor
1125 1879 1267 1932 potius
1307 1879 1381 1933 sit,
1421 1891 1549 1932 quam
1582 1878 1728 1931 major.
1792 1876 1836 1919 si
1873 1877 1915 1918 in

186 1956 371 2005 quatuor
403 1953 532 1994 veluti
566 1953 724 2005 gradus
757 1958 927 1995 secetur
964 1953 1130 1996 schola:
1178 1954 1414 2009 Bonorum,
1454 1954 1574 1995 bonis
1613 1954 1916 2007 proximorum,

185 2027 480 2081 mediocrium,
513 2028 623 2069 infra
654 2028 1011 2083 mediocritatem,
1054 2029 1179 2082 primi
1219 2028 1301 2071 duo
1334 2029 1375 2070 in
1408 2029 1642 2070 minoribus
1676 2028 1917 2082 Gymnasiis

186 2102 322 2154 adlegi
354 2107 574 2155 poterunt:
615 2104 655 2144 in
690 2104 922 2157 maJoribus
955 2117 1054 2146 vero
1094 2117 1314 2146 numerum
1348 2105 1598 2157 vigesimum
1637 2104 1832 2157 quintum
1865 2116 1918 2145 ne

186 2177 367 2219 multum
400 2179 594 2224 excedat,
637 2192 688 2220 ne
726 2179 862 2221 honor
894 2181 1093 2232 vulgatus
1126 2180 1299 2222 minoris
1340 2179 1562 2222 habeatur.
1624 2180 1673 2221 In
1705 2179 1917 2232 Principio

187 2253 428 2295 scholarum
472 2254 859 2296 denominabuntur
901 2269 925 2297 a
957 2256 1184 2311 Magistro,
1230 2257 1263 2297 si
1307 2256 1378 2309 qui
1419 2260 1560 2297 tamen
1603 2255 1683 2296 sub
1725 2267 1834 2296 anno
1875 2255 1916 2296 in

188 2328 410 2370 ordinariis
443 2329 611 2371 scholae
643 2330 825 2371 multum
857 2329 1128 2386 proficerent,
1172 2330 1223 2373 de
1262 2343 1471 2373 consensu
1502 2330 1706 2383 Principis
1740 2332 1783 2371 et
1812 2330 1919 2372 Aca-

190 2403 450 2445 demicorum
482 2403 661 2446 subinde
692 2405 839 2446 ascisci
871 2408 1083 2458 poterunt.

328 2480 364 2519 ⁴2.
408 2478 588 2528 Quinam
619 2479 914 2531 Magistratus,
979 2480 1087 2521 Sunt
1118 2480 1318 2533 Princeps
1358 2482 1501 2533 (quem
1532 2481 1756 2522 Rectorem
1798 2483 1920 2522 vocat

190 2553 429 2595 studiorum
452 2554 592 2605 ratio),
627 2554 904 2604 Secretarius,
938 2555 1020 2597 duo
1045 2556 1109 2597 vel
1133 2560 1318 2609 quatuor
1341 2555 1590 2609 Consiliarii,
1623 2568 1697 2597 seu
1722 2556 1920 2598 Assesso-

190 2640 269 2669 res.
333 2629 584 2671 Academiae
615 2630 815 2683 Princeps
855 2631 915 2671 uti
958 2634 999 2672 et
1038 2630 1301 2672 Secretarius
1340 2630 1514 2672 secretis
1550 2630 1778 2683 liberisque
1813 2631 1920 2672 Aca-

193 2702 451 2744 demicorum
484 2703 725 2757 Suffragiis,
765 2705 864 2758 quin
908 2718 952 2747 se
984 2705 1189 2757 Magister
1220 2705 1291 2746 uni
1323 2718 1426 2758 prae
1466 2706 1598 2747 altero
1640 2704 1918 2747 faventiorem

193 2777 438 2826 obstendat,
480 2779 671 2831 eligetur.
736 2780 899 2821 Horum
939 2780 1123 2832 dignitas
1167 2780 1392 2821 trimestris
1436 2784 1519 2831 est,
1558 2784 1607 2821 ut
1648 2780 1920 2834 perveniente

194 2852 247 2894 ad
279 2853 421 2906 plures
454 2853 613 2896 honore
653 2854 911 2896 accendatur
950 2855 1134 2896 ambitus
1177 2855 1375 2896 innocens
1414 2858 1456 2896 et
1496 2855 1627 2902 utilis;
1670 2855 1732 2896 uti
1771 2868 1921 2898 revera

189 2929 277 2980 jam
309 2928 349 2969 in
383 2929 570 2981 parvulis
603 2929 827 2981 gliscentes
860 2930 1135 2971 ambientium
1166 2931 1279 2971 artes
1311 2930 1548 2983 jucundum
1582 2934 1647 2972 est
1679 2930 1917 2972 observare.

334 3003 540 3056 Principis
573 3003 753 3045 officium
787 3008 869 3045 est:
903 3004 1161 3046 Deerrantes
1193 3005 1233 3045 in
1267 3004 1576 3059 respondendo,
1607 3005 1673 3046 vel
1696 3005 1918 3048 haerentes

196 3077 398 3130 adjuvare
431 3090 479 3119 ac
511 3079 732 3129 corrigere.
797 3079 966 3120 Gaudet
996 3079 1107 3120 idem
1133 3080 1230 3131 jure
1262 3078 1454 3121 Civitatis
1487 3080 1716 3129 Romanae,
1749 3092 1800 3120 ne
1832 3080 1920 3132 pla-

197 3153 258 3205 gis
292 3153 400 3195 affici
431 3155 578 3209 possit,
610 3158 652 3195 et
684 3159 785 3207 quot
819 3154 1091 3196 hebdomadis
1124 3167 1199 3208 pro
1229 3154 1369 3207 aliquo
1398 3155 1532 3207 plagis
1556 3154 1774 3196 afficiendo
1800 3154 1914 3197 velut
