2164 3535
225 228 309 269 478
486 224 695 259 Beibericht
720 223 785 258 der
811 221 1238 257 Studien-Kommissare
1265 233 1329 256 zur
1355 222 1397 256 R.
1424 226 1465 256 st.
1494 233 1562 257 von
1590 225 1688 258 1832.

226 366 328 420 quid
358 367 455 409 novi
487 366 528 407 in
561 365 781 407 scientiam
813 363 998 417 aliquam
1040 363 1279 418 obvenerit,
1320 366 1368 406 ut
1399 363 1512 417 quod
1545 364 1648 406 utile
1680 367 1746 406 est
1777 365 1951 421 assumi,

226 433 340 496 quod
372 442 566 484 nocivum
598 440 849 494 tempestive
880 438 1092 481 confutari
1124 440 1270 492 possit.

364 535 413 577 N.
437 535 514 578 30.
575 532 897 588 Postulatur‚
930 536 978 574 ut
1000 532 1046 573 A.
1071 531 1118 573 R.
1144 531 1188 573 P.
1221 532 1322 574 velit
1352 545 1606 586 praecavere
1638 532 1780 587 aliqua
1803 545 1955 586 oppor-

226 614 331 652 tuna
362 610 662 663 Ordinatione,
701 621 754 650 ne
786 608 1090 650 Procuratores
1124 606 1408 660 Collegiorum
1440 611 1527 649 tam
1559 607 1681 650 facile
1713 607 1955 650 distrahant

225 685 386 728 reditus
407 684 695 727 Bibliothecae
728 687 770 725 et
790 683 976 725 Musaeis
1009 683 1244 725 destinatos
1279 683 1332 725 ad
1364 683 1468 725 alios
1504 695 1619 733 usus,
1654 683 1948 726 constituendo

225 775 262 803 v.
287 773 343 814 g:
376 764 425 802 ut
453 761 494 802 hi
527 760 688 802 reditus
721 760 805 802 sint
836 760 1022 813 separati
1056 772 1080 801 a
1111 772 1253 802 massa
1284 760 1561 815 reliquorum,
1593 759 1953 813 quemadmodum

226 837 505 878 communiter
534 836 582 877 fit
612 849 688 889 pro
721 835 926 878 reditibus
959 835 1242 889 Templorum.

365 929 415 971 N.
439 930 503 973 31.
564 928 635 970 Ad
664 941 762 982 reg.
788 930 853 970 34.
900 931 949 970 19
985 928 1197 970 Dividitur
1227 929 1268 970 in
1302 928 1407 970 duas
1430 927 1723 981 paragraphos
1746 927 1847 981 quia
1870 927 1955 980 agi-

225 1009 298 1047 tur
328 1005 379 1047 de
403 1005 647 1047 auctoribus
671 1004 856 1058 antiquis
880 1008 921 1046 et
945 1004 995 1045 de
1027 1004 1278 1055 vernaculis,
1311 1007 1359 1044 ut
1383 1003 1597 1046 distinctio
1630 1004 1710 1045 rite
1732 1007 1950 1056 appareat.

365 1099 415 1140 N.
439 1099 510 1142 32.
573 1100 623 1140 29
659 1098 929 1152 Expungitur
974 1097 1210 1150 exemplum
1258 1098 1462 1153 Terentii,
1515 1097 1614 1150 quia
1646 1096 1786 1150 reipsa
1814 1096 1897 1138 fuit
1928 1108 1953 1137 a

224 1175 269 1216 P.
301 1174 506 1216 Juvencio
550 1176 822 1227 expurgatus.
886 1174 938 1214 39
983 1173 1287 1227 Indicavimus,
1330 1185 1439 1226 quae
1482 1172 1673 1214 cautelae
1714 1172 1798 1214 sint
1839 1171 1955 1213 adhi-

224 1250 387 1292 bendae
414 1250 453 1291 in
487 1249 712 1302 seligendis
744 1248 990 1290 auctoribus
1025 1248 1275 1290 vernaculis.

363 1344 413 1385 N.
437 1344 509 1387 33.
569 1343 642 1384 Ad
675 1355 773 1395 reg.
799 1343 850 1384 37
891 1344 977 1397 §L
1039 1341 1277 1384 Statuimus
1323 1342 1536 1384 circiter
1574 1354 1790 1383 mensem
1833 1353 1955 1383 vaca-

224 1420 388 1461 tionum
427 1418 687 1472 generalium
720 1431 794 1471 pro
838 1418 1031 1460 omnibus
1065 1417 1219 1460 scholis
1261 1417 1543 1459 inferioribus.
1607 1417 1952 1459 Uniformitatem

224 1495 265 1536 in
297 1494 411 1537 feriis
444 1507 519 1547 pro
561 1494 831 1535 inferioribus
863 1493 1016 1535 scholis
1049 1493 1250 1534 suadent:
1303 1495 1352 1534 19
1387 1493 1501 1534 Usus
1544 1492 1823 1545 plurimarum
1854 1492 1954 1533 Pro-

225 1571 470 1612 vinciarum.
534 1572 586 1613 29
624 1570 877 1612 Distributio
911 1569 1109 1611 solemnis
1142 1568 1427 1622 praemiorum
1460 1567 1607 1610 eadem
1639 1567 1706 1609 die
1738 1571 1780 1609 et
1811 1579 1952 1609 coram

225 1646 418 1688 omnibus
450 1646 654 1688 facienda.
703 1647 755 1687 39
790 1645 896 1696 Quia
928 1644 1081 1697 quibus
1116 1643 1328 1685 breviores
1360 1642 1490 1684 feriae
1521 1642 1797 1696 indulgentur
1828 1642 1949 1684 facile

225 1722 563 1772 obmurmurant,
593 1725 722 1774 atque
744 1721 863 1762 inviti
887 1720 1071 1762 student,
1114 1722 1167 1761 49
1203 1719 1488 1760 Commoditas
1512 1721 1749 1773 parentum,
1773 1719 1951 1760 maxime

225 1798 539 1854 Convictmum,
571 1798 724 1851 quibus
755 1798 968 1851 ingratum
1001 1798 1183 1851 nonest,
1218 1800 1265 1837 ut
1287 1795 1393 1837 filios
1427 1807 1525 1837 suos
1559 1794 1738 1848 longiori
1760 1797 1950 1847 tempore

224 1886 366 1915 secum
399 1874 595 1916 habeant.

362 1967 410 2008 N.
434 1969 506 2011 34.
568 1967 691 2008 Ibid.
741 1967 910 2020 §2—8.
974 1965 1052 2007 Hic
1085 1965 1268 2006 habetur
1301 1965 1509 2006 dissensio
1543 1964 1797 2018 opinionum.
1860 1963 1947 2005 ΡΡ.

226 2042 428 2095 Deputati
460 2042 658 2095 Angliae,
701 2041 908 2091 Galiciae‚
952 2040 1182 2093 Hispaniae
1225 2044 1267 2081 et
1300 2040 1447 2081 Italiae
1489 2039 1732 2081 retinendos
1776 2042 1947 2081 censent

226 2117 300 2159 has
333 2119 394 2171 ἕξ.
461 2121 511 2160 19
545 2119 645 2170 quia
676 2120 848 2159 censent
881 2116 1071 2157 odiosum
1106 2115 1255 2156 tollere
1286 2114 1412 2156 ferias
1439 2115 1529 2167 jam
1561 2127 1640 2156 usu
1662 2114 1950 2163 introductas;

226 2194 277 2235 29
309 2198 484 2247 propter
526 2193 805 2235 reverentiam
844 2192 962 2234 festis
996 2191 1149 2233 ibidem
1182 2191 1378 2232 indicatis
1412 2190 1608 2232 debitam.
1672 2190 1831 2232 Contra
1862 2190 1947 2231 ΡΡ.

224 2268 427 2322 Deputati
469 2269 652 2319 Galliae,
700 2268 865 2309 Siciliae
914 2272 956 2309 et
996 2266 1250 2308 Germaniae
1289 2265 1353 2307 his
1396 2266 1446 2319 ἕξ
1494 2265 1729 2307 substituta
1771 2265 1948 2306 vellent:

228 2348 277 2386 19
316 2343 572 2386 Conficiatur
617 2344 846 2396 Catalogus
896 2342 1243 2395 Vacationun1,
1299 2353 1480 2394 quarum
1536 2353 1758 2382 numerum
1817 2339 1946 2381 minui

225 2420 381 2473 magis,
424 2432 551 2473 quam
593 2419 739 2472 augeri
779 2418 1031 2461 conveniret.
1095 2419 1155 2459 29.
1182 2417 1241 2458 Ut
1279 2428 1354 2470 pro
1395 2414 1514 2457 festis
1558 2415 1722 2458 Natalis
1765 2415 1947 2467 Domini,

225 2494 444 2537 Paschatis
478 2498 542 2536 etc
595 2507 719 2537 usum
759 2494 978 2547 regionum
1019 2495 1254 2545 sequantur
1287 2491 1443 2532 Nostri.
1510 2490 1669 2533 Putant
1706 2492 1815 2533 enim
1853 2485 1948 2544 pro—

225 2573 385 2612 tractas
426 2570 552 2611 ferias
593 2569 859 2611 autumnales
904 2568 969 2610 his
1016 2566 1305 2609 vacationibus
1353 2565 1520 2607 abunde
1569 2566 1788 2620 supplere,
1836 2578 1945 2619 quae

226 2645 367 2686 studia
398 2645 652 2698 perturbant
728 2644 925 2687 Ceterum
959 2655 1101 2684 omnes
1133 2641 1323 2683 fatentur
1354 2641 1630 2682 mutationem
1662 2654 1743 2683 non
1776 2653 1943 2694 urgere,

228 2732 322 2761 cum
353 2720 408 2761 sit
439 2720 653 2772 provisum
685 2720 781 2761 huic
813 2718 1121 2771 discrepantiae
1152 2730 1228 2771 per
1258 2728 1342 2768 reg.
1369 2716 1422 2759 39
1455 2717 1576 2759 Prov.
