2164 3535
162 170 244 212 23ss
652 165 763 199 Arme
791 162 991 198 Studenten
1017 162 1053 196 in
1080 162 1277 206 Augsburg
1305 162 1403 196 1609.

477 565 696 639 Sorge
752 566 863 618 fiir
915 583 1104 618 arme
1159 562 1572 619 Studenten.

298 714 441 757 Ueber
471 713 538 756 die
569 712 772 755 vielfache
794 711 1045 764 Forderung
1077 724 1217 754 armer
1238 710 1476 755 Studentcn
1498 725 1551 754 an
1574 713 1653 755 den
1677 713 1889 756 Jesuiten-

163 790 335 834 schulen
370 789 455 832 und
488 789 593 831 iiber
625 788 691 830 die
712 788 948 843 Vorwiirfe‚
981 787 1135 830 welche
1167 788 1209 829 in
1242 788 1371 841 Folge
1404 788 1554 830 dessen
1588 788 1668 830 den
1693 789 1887 831 Jesuiten

163 866 359 920 gemacht
391 865 576 919 wurden,
608 864 737 917 vergi.
771 863 930 913 Duhr,
965 863 1303 906 Jesuitenfabeln
1336 863 1376 906 S.
1401 863 1505 907 86ff.

249 1131 412 1198 Leges
453 1131 740 1197 Pauperum
778 1129 1204 1179 Scholasticorum
1244 1130 1456 1197 Collegij
1498 1130 1798 1197 Augustani.

884 1223 1005 1265 Anno
1041 1224 1162 1266 1609.

159 1365 454 1407 Probatae
496 1364 548 1405 in
593 1363 853 1417 Collegij
895 1362 1261 1405 visitatione
1302 1363 1497 1405 Mense
1534 1362 1886 1417 Septembri.

584 1455 701 1500 (cod.
729 1454 869 1491 Colon.
896 1454 1000 1499 priv.
1027 1455 1101 1490 fol.
1128 1454 1228 1490 3471>
1259 1454 1299 1490 et-
1324 1454 1460 1499 3482.)

301 1576 334 1615 1.
370 1574 418 1615 In
452 1572 726 1615 admittendis
758 1571 1017 1626 pauperibus
1041 1571 1313 1614 Scholasticis
1347 1584 1525 1625 magnus
1560 1572 1786 1615 habebitur
1819 1572 1888 1615 de-

158 1651 315 1705 lectus,
355 1653 446 1691 tum
484 1649 749 1701 ingeniorum
788 1652 877 1689 tum
910 1647 1000 1701 spei
1032 1650 1076 1690 et
1106 1648 1435 1701 exspectationis
1469 1648 1509 1689 in
1541 1648 1696 1691 litteris
1729 1651 1772 1690 et
1803 1649 1888 1702 pie-

160 1729 260 1768 tate.
335 1725 430 1767 Erit
471 1728 612 1766 autem
652 1723 753 1766 haec
784 1728 975 1779 potestas
1008 1737 1135 1779 penes
1170 1724 1342 1779 Collegij
1377 1725 1618 1778 Augustani
1650 1725 1887 1779 Rectorem,

158 1801 252 1855 qui,
295 1801 452 1843 auditis
494 1799 702 1842 Praefecti
743 1812 979 1854 pauperum
1022 1804 1064 1842 et
1107 1799 1315 1842 Praefecti
1360 1799 1610 1842 Scholarum
1651 1801 1886 1856 sententijS,

161 1876 359 1919 admittet
392 1876 455 1918 vel
487 1875 674 1918 dimittet
705 1888 810 1929 quos
842 1875 1016 1918 idoneos
1048 1888 1141 1917 esse
1174 1875 1432 1928 cognoverit.

299 1966 338 2007 2.
382 1963 587 2006 Cantores
619 1963 860 2016 vagabundi
893 1966 936 2005 et
968 1976 992 2005 a
1023 1962 1291 2016 Testimonijs
1326 1951 1446 2004 vacui
1489 1966 1531 2004 et
1561 1963 1772 2017 peregrini
1803 1976 1885 2005 non

165 2039 287 2082 facile
326 2039 602 2093 recipientur,
645 2039 853 2092 siquidem
886 2038 1145 2092 experientia
1177 2040 1362 2089 constat,
1406 2038 1646 2080 huiusmodi
1679 2051 1814 2092 neque
1844 2038 1886 2080 in

163 2115 314 2158 studiis
347 2127 482 2168 neque
514 2115 554 2156 in
588 2115 746 2168 pietate
776 2115 962 2157 fructum
995 2115 1178 2168 aliquem
1211 2114 1410 2156 facturos.

299 2203 336 2243 3.
377 2201 494 2244 Infra
525 2202 701 2244 classem
734 2201 984 2256 Supremam
1018 2201 1327 2244 Grammatices
1361 2201 1611 2243 admittetur
1643 2213 1782 2251 nemo3
1815 2213 1886 2254 po-

166 2278 267 2320 terit
298 2282 438 2320 tamen
468 2278 520 2320 ob
542 2278 730 2321 Musicae
751 2279 949 2332 peritiam
983 2280 1128 2331 (quam
1153 2290 1310 2330 omnes,
1344 2276 1484 2330 quoad
1506 2275 1595 2318 fieri
1620 2278 1773 2331 potest,
1806 2275 1886 2317 cal-

165 2353 250 2395 lere
281 2353 453 2407 debent)
487 2367 581 2395 cnm
614 2354 756 2407 aliquo
788 2354 832 2395 P.
867 2354 1022 2396 Rector
1055 2353 1310 2406 dispensare.

298 2440 336 2480 4.
371 2439 523 2481 Nullus
558 2439 775 2491 illegitime
807 2440 933 2480 natus
966 2438 1007 2480 in
1039 2438 1191 2480 horum
1223 2450 1460 2492 pauperum
1489 2450 1713 2479 numerum
1736 2436 1886 2479 admit-

162 2517 291 2556 tatur.
341 2515 398 2556 Et
428 2527 479 2556 ne
511 2515 552 2556 in
585 2514 847 2568 negligentes
881 2514 1041 2567 absque
1074 2513 1214 2556 fructu
1246 2513 1324 2555 hoc
1356 2511 1604 2555 beneficium
1629 2511 1884 2562 conferatur,

162 2590 338 2643 singulis
379 2590 597 2644 AngarijS,
641 2590 692 2632 de
730 2590 884 2644 quibus
924 2590 1040 2632 nulla
1078 2590 1142 2631 vel
1182 2589 1332 2642 exigua
1372 2601 1468 2642 spes
1507 2587 1720 2642 profectus
1759 2599 1885 2641 appa-

161 2666 317 2721 ruerit,
356 2669 645 2708 amoveantur.
720 2665 799 2716 Qui
833 2677 931 2707 vero
964 2665 1077 2707 ultra
1108 2664 1321 2707 biennium
1354 2664 1395 2706 in
1428 2663 1573 2706 eadem
1607 2662 1758 2705 Schola
1788 2661 1884 2703 hae-

162 2741 295 2784 serint
325 2741 441 2783 nullo
473 2741 598 2783 modo
632 2741 792 2783 diutius
825 2741 1072 2783 tolerentur.

299 2818 337 2858 5.
381 2817 439 2857 Vt
477 2816 657 2869 vagandi
696 2816 985 2859 occasionibus
1024 2815 1166 2858 aditus
1206 2813 1528 2869 praecludatur,
1573 2812 1746 2866 singuli,
1788 2824 1882 2854 cum

162 2892 344 2946 primum
388 2892 668 2934 admittentur
709 2892 761 2934 ad
808 2892 915 2934 hanc
962 2892 1270 2945 eleemosynam
1318 2888 1677 2943 participandam,
1725 2887 1882 2940 scripto

162 2967 286 3009 fidem
319 2967 495 3022 dabunt,
528 2980 572 3010 se
604 2967 717 3008 intra
748 2980 903 3009 annum
933 2980 1014 3008 non
1039 2966 1299 3009 discessuros
1329 2965 1408 3007 nisi
1432 2963 1632 3017 gravibus
1662 2963 1713 3004 de
1743 2961 1881 3005 causis

163 3045 207 3084 et
237 3054 331 3084 cum
365 3041 670 3095 approbatione
692 3042 740 3083 R.
764 3042 808 3083 P.
833 3041 1038 3084 Rectoris.
1088 3042 1145 3083 Et
1166 3040 1407 3083 huiusmodi
1431 3039 1631 3092 obligatio
1654 3037 1880 3091 quotannis

163 3117 448 3159 renovabitur.
