2164 3535
337 251 568 296 Einfiihrung
593 251 656 287 der
681 261 797 286 neuen
819 250 860 286 R.
887 255 929 287 st.
956 251 993 285 in
1017 249 1081 285 der
1106 248 1394 284 oberdeutschen
1412 247 1515 283 Prov.
1551 250 1647 283 1834.
1775 249 1856 292 513

132 393 344 435 conclusio
385 392 685 435 mathematica
726 392 995 446 adjungatur.
1074 392 1162 435 Has
1204 391 1493 435 conclusiones
1535 391 1577 433 in
1615 391 1737 444 praxi
1778 390 1857 433 fre-

133 470 314 520 quenter
346 467 506 510 versari
539 468 779 510 consultum
810 470 887 509 est.

273 556 317 607 g)
359 554 491 596 Actus
532 553 771 606 Theologici
811 556 852 596 et
889 553 1172 607 Philosophici
1208 554 1330 608 juxta
1369 553 1606 597 studiorum
1650 553 1857 595 rationem

132 628 400 671 celebrentur
432 629 552 681 (Reg.
577 630 599 669 7
634 631 676 670 et
707 640 793 681 seq.
827 627 964 669 Praef.
999 628 1147 682 stud),
1179 628 1259 670 nisi
1292 629 1394 682 quid
1426 629 1596 683 gravius
1629 628 1778 671 obstet.

275 721 320 775 h)
367 721 620 763 Academiae
666 720 996 763 introducendae
1053 720 1284 763 secundum
1332 721 1528 774 Regulas.
1606 721 1669 763 Ne
1715 724 1858 763 tamen

135 795 294 850 publici
329 799 450 839 actus
483 795 601 838 nimii
633 796 739 851 sint,
778 798 898 837 actus
931 795 1205 838 solemniores
1239 795 1502 850 academiae,
1535 795 1635 837 dum
1666 799 1858 850 possunt,

133 883 227 913 cum
259 872 488 914 menstruis
521 871 844 924 conjungantur.
881 894 929 898 —
965 870 1110 912 Nostri
1143 883 1313 924 quoque
1357 871 1583 913 academiis
1615 871 1858 924 linguarum

133 946 402 988 orientalium
434 945 716 988 instituantur
748 945 867 998 (Reg.
894 947 915 986 7
948 945 1101 1001 Rect.),
1134 946 1315 989 maxime
1346 947 1387 988 in
1420 946 1726 1002 vacationibus,
1758 959 1794 988 v.
1819 959 1855 998 g.

132 1020 288 1064 natalis
320 1021 417 1078 Dni,
449 1024 492 1063 et
523 1019 756 1063 Paschatis.

268 1113 299 1163 i)
346 1111 551 1154 Examina
583 1111 839 1153 Nostrorum
870 1110 979 1152 ratio
1025 1109 1266 1152 studiorum
1300 1109 1478 1163 duplicis
1513 1108 1678 1162 generis
1711 1108 1857 1150 distin-

131 1187 245 1241 guit:
279 1187 362 1229 alia
393 1199 469 1241 pro
502 1186 774 1241 dijudicanda
807 1187 1041 1240 capacitate
1072 1184 1125 1226 ad
1157 1183 1344 1228 scholam
1367 1184 1642 1239 superiorem,
1677 1183 1759 1224 alia
1780 1195 1855 1236 pro

132 1261 424 1316 cognoscenda
462 1262 699 1304 necessaria
738 1261 931 1304 doctrina
976 1261 1030 1303 ad
1077 1264 1219 1303 actum
1266 1259 1481 1314 publicum
1530 1258 1851 1301 defendendum.

131 1337 333 1388 Quamvis
366 1337 469 1379 haec
502 1337 555 1379 ab
587 1337 764 1379 invicem
798 1336 1141 1389 distinguantur,
1174 1338 1316 1378 tamen
1350 1347 1493 1377 omnes
1524 1333 1659 1376 nostri
1691 1333 1856 1386 regula-

130 1412 236 1454 riter
266 1415 498 1465 utrumque
531 1411 674 1453 subire
706 1415 925 1461 tenentur,
967 1414 1009 1452 et
1040 1410 1081 1452 in
1115 1410 1303 1452 examine
1333 1422 1409 1463 pro
1442 1421 1620 1451 ascensu
1662 1420 1687 1449 a
1717 1407 1856 1450 Philo-

130 1486 281 1540 sophia
312 1485 366 1528 ad
399 1486 672 1538 Theologiam
705 1486 891 1539 quinque
924 1484 1126 1538 suffragia
1168 1485 1468 1539 requiruntur,
1513 1496 1646 1537 aeque
1688 1495 1736 1525 ac
1777 1495 1854 1536 pro

130 1564 227 1604 actu
258 1561 426 1615 publico
461 1561 579 1614 (Reg.
616 1562 684 1617 20,
718 1563 786 1617 21,
819 1563 871 1602 22
904 1561 1041 1603 Praef.
1072 1559 1226 1611 stud.);
1267 1559 1350 1600 imo
1394 1558 1496 1601 haec
1536 1558 1618 1601 duo
1662 1558 1854 1600 examina

131 1635 328 1690 conJungi
360 1640 540 1689 possunt
583 1635 732 1689 (ibid).
795 1635 926 1677 Porro
967 1634 1158 1677 examina
1199 1636 1443 1676 nostrorum
1481 1634 1522 1675 in
1564 1633 1644 1676 fine
1685 1633 1853 1688 publica

130 1713 231 1753 sunt
263 1711 382 1765 (Reg.
409 1712 462 1752 22
486 1709 622 1753 Praef.
658 1710 803 1766 stud),
835 1711 912 1753 hoc
935 1722 1075 1765 sensu,
1098 1709 1210 1762 quod
1233 1709 1413 1751 liberum
1437 1709 1492 1751 sit
1512 1710 1669 1752 nostris
1692 1710 1852 1753 adesse.

274 1804 319 1857 k)
369 1803 569 1854 Quamvis
608 1803 800 1845 examina
841 1806 1111 1844 externorum
1158 1805 1386 1857 praecepta
1432 1814 1515 1844 non
1562 1802 1787 1844 videantur
1833 1815 1857 1844 a

130 1878 310 1921 Ratione
341 1878 453 1921 stud.
489 1879 609 1932 (Reg.
635 1879 687 1919 22
720 1877 862 1932 ibid),
907 1881 1047 1920 tamen
1086 1878 1127 1919 in
1170 1877 1326 1920 nostris
1360 1876 1556 1930 Collegiis
1595 1890 1645 1919 ex
1683 1889 1855 1920 consue-

129 1954 276 1996 tudine
309 1953 536 1995 utilissima
569 1953 783 2006 obligandi
816 1954 970 2007 sunt1).
1025 1953 1150 1994 Fiant
1182 1955 1325 1995 autem
1357 1965 1404 1994 ex
1438 1952 1614 2006 singulis
1648 1953 1853 2008 materiis,

129 2041 238 2082 quae
271 2032 460 2081 quatuor
491 2027 641 2071 saltem
674 2028 788 2070 horis
830 2028 871 2070 in
910 2027 1172 2070 hebdomade
1212 2027 1542 2083 praeleguntur,
1586 2031 1772 2081 quatuor
1814 2029 1855 2070 in

129 2115 237 2144 anno
261 2103 466 2158 examina,
501 2106 544 2144 et
574 2102 742 2156 quidem
766 2103 905 2144 onmia
927 2103 1105 2156 scripto:
1138 2103 1321 2157 primum
1344 2106 1441 2157 post
1472 2103 1598 2146 ferias
1621 2104 1853 2153 natalitias,

128 2177 360 2220 secundum
391 2182 488 2232 post
518 2178 645 2220 ferias
678 2177 913 2231 paschales,
946 2178 1120 2220 tertium
1153 2178 1262 2220 circa
1285 2178 1472 2221 medium
1494 2179 1618 2231 Iunii,
1652 2182 1853 2232 quartum

129 2252 309 2306 denique
341 2253 419 2295 sub
452 2252 549 2294 anni
582 2251 718 2295 finem.
783 2252 827 2294 Si
858 2253 1061 2295 materiae
1094 2252 1259 2295 duabus
1304 2256 1470 2295 tantum
1512 2253 1626 2295 horis
1666 2254 1707 2295 in
1756 2254 1853 2296 heb-

129 2315 309 2370 domade
341 2328 655 2384 praelegantur,
688 2328 787 2370 bina
817 2327 858 2369 in
891 2340 1000 2369 anno
1033 2328 1226 2370 examina
1257 2326 1346 2370 fieri
1378 2327 1545 2371 sufficit.

268 2414 316 2456 In
349 2414 556 2468 collegiis,
597 2414 669 2457 ubi
701 2414 849 2456 unicus
880 2414 1100 2457 Professor
1141 2414 1328 2457 diversas
1360 2415 1560 2457 materias
1593 2415 1744 2467 tradit,
1787 2428 1853 2458 ea-

128 2488 224 2531 dem
257 2489 323 2532 die
356 2502 529 2532 examen
561 2502 610 2532 ex
642 2490 821 2532 materia
852 2489 1039 2543 principe
1070 2492 1114 2532 et
1145 2489 1387 2532 accessoriis
1420 2489 1558 2532 detur.

268 2576 383 2619 Haec
415 2577 607 2619 examina
638 2577 753 2620 solus
775 2577 997 2620 Professor
1029 2577 1214 2632 corrigit,
1247 2580 1376 2630 atque
1408 2590 1457 2619 ex
1488 2577 1552 2619 his
1575 2580 1617 2619 et
1647 2578 1757 2620 notis
1791 2578 1850 2619 di-

129 2650 328 2704 ligentiae
370 2664 445 2705 per
487 2664 642 2694 annum
683 2652 724 2693 111
773 2652 1011 2706 repetendis
1059 2651 1311 2695 lectionibus
1362 2652 1532 2695 habitae
1579 2665 1852 2706 progressum

128 2726 252 2780 primi
297 2738 345 2768 ac
386 2726 559 2769 secundi
592 2726 806 2769 semestris
838 2727 898 2769 ita
930 2727 1200 2780 determinet,
1243 2730 1311 2777 ut,
1352 2739 1460 2781 quae
1491 2728 1625 2781 primo
1659 2729 1851 2771 semestri

127 2800 240 2843 facta
273 2804 395 2856 sunt,
426 2813 698 2856 progressum
729 2802 854 2856 primi
885 2802 1121 2853 semestris,
1155 2814 1263 2855 quae
1295 2802 1498 2864 secundo,
1541 2803 1714 2846 secundi
1745 2803 1849 2845 indi-

128 2880 234 2919 cent.
298 2877 429 2919 Porro
471 2877 513 2919 in
554 2877 787 2920 minoribus
830 2877 1034 2932 collegiis,
1076 2877 1117 2919 in
1161 2877 1314 2931 quibus
1357 2878 1549 2932 discipuli
1587 2877 1849 2931 frequentius

128 2951 470 3008 interrogantur,
512 2964 764 3006 progressus
798 2965 822 2994 a
853 2952 963 2994 notis
1007 2952 1247 3005 diligentiae
1278 2965 1354 3006 pro
1386 2953 1514 2995 tertia
1544 2956 1665 3006 parte
1699 2953 1849 3006 depen-

268 3114 295 3155 1)
323 3113 378 3148 Sc.
405 3112 574 3157 discipuli
600 3113 646 3147 ad
676 3113 739 3147 illa
764 3112 930 3147 examina
956 3111 1152 3147 subeunda.

197 3191 386 3217 Monumenta
407 3190 579 3217 Germaniae
600 3190 808 3223 Paedagogica
828 3190 904 3215 XVI.
1577 3193 1621 3226 33
