2164 3535
245 211 328 251 496
508 208 717 243 Beibericht
743 208 807 243 der
834 208 1263 244 Studien-Kommissare
1290 221 1355 244 zur
1380 209 1422 248 R.
1451 215 1493 246 st.
1522 221 1587 246 von
1618 215 1715 248 1832.

247 348 404 391 dentur
443 349 497 391 ad
538 361 708 391 sensum
749 349 991 391 litterarum
1034 353 1196 392 rectum
1237 349 1565 394 informandum.
1628 354 1680 395 29
1716 353 1764 395 In
1804 365 1888 405 reg.
1926 354 1977 395 13

246 425 504 478 expungitur
535 424 722 466 divisio
763 425 1053 476 semestris,
1097 428 1187 467 tum
1221 426 1321 479 quia
1354 426 1447 468 ideo
1480 427 1649 469 videtur
1679 427 1814 483 facta,
1857 428 1979 481 quasi

247 500 405 542 Poetae
439 498 694 543 difficiliores
727 504 869 543 essent
890 501 1116 554 explicatu,
1150 514 1244 544 cum
1268 502 1501 544 Homerum
1533 506 1675 545 tamen
1709 504 1837 546 etiam
1859 503 1979 546 scho-

246 576 311 618 lae
343 575 621 617 humanitatis
655 576 904 629 tribuimus,
948 580 1039 618 tum
1073 577 1173 630 quia
1214 578 1457 620 assumendi
1496 580 1692 621 auctores
1725 591 1807 620 non
1840 578 1976 621 solum

247 663 271 692 a
293 650 429 703 gradu
461 649 630 692 scholae
661 651 861 707 pendent,
894 651 969 693 sed
1002 652 1130 694 etiam
1162 652 1214 694 ab
1247 652 1485 706 aptitudine
1517 653 1835 707 discipulorum,
1869 666 1980 707 quae

247 726 365 767 varia
405 738 496 767 esse
536 729 678 779 potest
721 726 761 767 in
806 727 934 769 variis
977 728 1224 781 provinciis,
1275 729 1337 771 vel
1380 733 1555 784 propter
1594 730 1727 772 solam
1770 730 1977 772 rationein

248 801 412 843 aetatis.

388 877 436 918 N.
462 878 553 921 122.
616 878 687 919 Ad
728 891 823 932 regv
864 881 927 921 14.
991 880 1261 934 Expungitur
1304 881 1470 935 regula,
1514 881 1613 934 quia
1652 884 1828 935 propter
1868 880 1982 923 dicta

248 953 301 994 ad
335 967 371 994 n.
402 954 479 994 104
512 953 552 994 in
588 953 814 995 Rhetorica
839 954 928 1008 jam
960 958 1237 1009 praecepta
1280 956 1485 1009 linguae
1527 969 1748 1009 graecae
1781 969 1863 998 non
1896 960 1982 998 tra-

248 1028 419 1070 duntur.

388 1104 437 1146 N.
465 1106 556 1149 123.
625 1105 697 1147 Ad
741 1117 837 1158 reg.
866 1108 917 1147 14
961 1106 1153 1149 01111115
1243 1111 1292 1149 19
1331 1107 1602 1161 Expungitur
1642 1107 1980 1161 hieroglyphica3

249 1193 284 1222 v.
310 1193 348 1221 n.
377 1181 451 1221 121
489 1182 572 1235 §L
639 1184 691 1223 25³
727 1182 880 1235 Aptius
913 1182 1016 1225 haec
1057 1182 1260 1224 hodierno
1303 1197 1382 1224 usu
1425 1196 1502 1236 per
1544 1182 1879 1236 archaeologiam
1914 1196 1982 1224 ex-

248 1256 505 1309 primuntur.

387 1332 435 1373 N.
462 1333 553 1375 124.
614 1332 684 1373 Α(1
727 1346 824 1385 reg.
859 1335 908 1374 15
954 1333 1069 1375 olim
1106 1336 1168 1375 16.
1232 1334 1356 1376 Ratio
1402 1334 1694 1388 expunctionis
1737 1337 1821 1386 est,
1865 1334 1982 1387 quia,

249 1407 282 1448 si
316 1406 366 1448 de
406 1419 557 1460 graeco
590 1407 637 1448 fit
679 1420 836 1455 serino,
878 1408 967 1450 fieri
1009 1410 1134 1451 etiam
1180 1410 1306 1451 debet
1338 1409 1389 1451 de
1432 1410 1678 1460 vernaculo,
1721 1410 1840 1463 proin
1884 1410 1981 1451 sini-

249 1482 398 1535 plicius
432 1483 547 1523 nulla
588 1483 700 1524 facta
740 1483 790 1524 de
830 1483 974 1537 lingua
1006 1484 1236 1526 mentione:
1281 1484 1531 1526 declamatio
1576 1484 1900 1538 lin-aescribitur,
1935 1489 1980 1526 ut

250 1556 338 1599 fieri
372 1558 505 1611 possit
538 1557 682 1607 latine,
716 1571 866 1610 graece
899 1559 964 1600 vel
997 1560 1234 1601 vernacule.

390 1633 438 1674 N.
466 1634 555 1677 125.
628 1634 697 1674 Ad
740 1648 836 1687 reg.
867 1637 916 1675 16
959 1634 1072 1676 011111
1103 1637 1164 1676 17.
1235 1634 1419 1676 Additur
1464 1635 1689 1676 vernacula
1732 1635 1983 1678 declamatio

250 1712 425 1762 propter
458 1714 672 1752 momenta
697 1712 786 1763 jam
820 1711 990 1765 saepius
1023 1712 1221 1764 allegata.

391 1786 439 1826 N.
467 1786 560 1830 126.
625 1786 692 1827 Ad
727 1799 823 1839 reg.
852 1788 900 1828 17
936 1787 1053 1828 olim
1090 1788 1152 1829 18.
1217 1787 1533 1840 Expunguntur
1570 1787 1852 1842 paradoxa,
1892 1791 1983 1829 tan-

251 1873 379 1913 quam
432 1862 669 1914 periculosa
721 1862 761 1903 in
814 1862 983 1903 saeculo
1035 1866 1181 1904 nostro
1228 1863 1267 1903 in
1316 1864 1627 1916 scepticisnium
1671 1865 1759 1916 ι111111
1808 1864 1982 1905 nimium

253 1941 464 1988 vergente.

394 2013 441 2053 N.
469 2014 557 2057 127.
620 2014 688 2054 Ad
732 2027 826 2066 reg.
856 2017 906 2055 19
950 2015 1153 2056 01111120.
1222 2018 1270 2056 19
1305 2015 1460 2056 Montio
1504 2016 1551 2057 fit
1591 2016 1641 2058 de
1684 2016 1983 2058 exercitatione

255 2089 482 2130 vernacula
515 2102 596 2129 non
631 2089 769 2130 minus
802 2091 1042 2131 necessaria
1074 2090 1230 2131 nostris
1264 2103 1390 2143 quain
1425 2092 1620 2133 externis.
1675 2094 1726 2133 29
1758 2091 1839 2133 Pro
1873 2103 1984 2133 ora—

252 2165 394 2205 tione
448 2167 490 2205 et
542 2165 768 2206 carmine
816 2165 1017 2207 scribitur
1069 2165 1335 2207 elucubratio
1388 2171 1564 2220 propter
1616 2168 1800 2209 rationes
1852 2180 1889 2209 11.
1930 2169 1983 2209 36

253 2239 417 2281 allatas,

543 2554 806 2620 Regulae
857 2554 1223 2604 Professoris
1269 2555 1693 2604 Humanitatis.

394 2694 444 2734 N.
469 2695 565 2739 128.
630 2695 699 2735 Ad
734 2707 831 2747 reg.
860 2698 895 2736 1.
960 2695 1231 2748 Fxpungitur
1271 2695 1384 2748 quod
1428 2696 1478 2737 de
1520 2695 1666 2737 libris
1707 2694 1984 2737 moralibus

256 2767 521 2810 Ciceronis
560 2768 726 2819 dicitur.
759 2770 858 2822 quia
891 2782 1034 2812 omnes
1058 2783 1291 2824 censemus⁹
1324 2771 1365 2812 in
1388 2770 1465 2812 hac
1498 2770 1641 2812 schola
1675 2770 1835 2811 utiliter
1857 2770 1981 2811 etiam

256 2843 390 2896 primo
423 2844 616 2885 semestri
650 2844 858 2886 faciliores
893 2844 1106 2887 Ciceronis
1151 2845 1362 2887 orationes
1405 2845 1589 2898 praelegi
1622 2857 1764 2897 posse„
1806 2845 1984 2886 maxime

257 2932 350 2960 cuin
384 2923 426 2961 et
460 2919 752 2973 compendium
789 2920 1037 2962 Rhetoricae
1066 2922 1152 2973 vjam
1186 2920 1397 2962 tradatur.

398 3007 445 3047 N.
471 3008 566 3050 129.
629 3006 697 3048 Ad
731 3007 887 3048 eamd.
923 3020 1021 3061 reg.
1085 3007 1267 3060 Eclogae
1299 3020 1380 3048 non
1422 3006 1619 3047 videntur
1661 3006 1981 3059 expungendae:

257 3093 351 3122 cum
384 3082 493 3123 enim
524 3081 758 3123 tradendae
790 3085 892 3123 sunt
922 3084 1150 3136 praecepta
1180 3082 1231 3123 de
1264 3081 1528 3123 brevioribus
1562 3081 1841 3134 poematibus,
1874 3081 1985 3122 inter

261 3168 371 3208 quae
404 3160 467 3198 est
500 3156 761 3207 Bucolicum,
796 3156 992 3198 videntur
1022 3157 1201 3209 legenda
1233 3169 1323 3198 esse
1356 3156 1559 3209 exempla.
