2164 3535
577 224 753 260 Gretser’s
779 225 972 260 Mecoenas
998 223 1240 259 studiosorum
1266 234 1478 268 pauperum.
1805 227 1886 267 243

166 364 316 419 facies,
356 367 399 406 et
439 376 521 406 non
565 364 758 417 exiguam
802 367 987 419 partem,
1028 366 1232 417 tanquam
1265 362 1340 405 tibi
1372 362 1463 404 iure
1495 362 1653 414 optimo
1685 362 1886 413 debitam,

167 439 392 493 decerpere
422 441 602 495 poteris,
645 440 758 493 quod
790 439 1055 482 commodum
1087 452 1168 480 non
1201 440 1266 480 est
1297 437 1408 490 quod
1441 436 1516 478 tibi
1558 437 1813 489 pollicearis,
1855 437 1890 478 si

168 514 261 568 alijs
294 515 472 568 benigne
504 514 646 557 facias.
696 514 804 564 Quin
837 517 880 556 et
910 514 988 555 1100
1019 526 1101 555 11011
1124 526 1276 567 parum
1298 512 1434 564 solatij
1461 512 1608 567 gignit,
1643 512 1756 565 quod
1778 512 1888 552 tales

167 589 340 631 iuuenes
374 603 398 630 a
430 589 586 630 teneris
607 588 864 643 paupertati,
897 588 1095 640 victusq.;
1128 587 1325 629 tenuitati
1350 587 1524 637 assueti,
1555 587 1719 628 facilius
1742 588 1889 639 postea

168 663 457 714 adducuntur,
502 666 547 704 vt
585 663 625 704 in
659 663 778 715 pagis
808 662 1031 715 parochias
1064 663 1277 704 tenuiores
1311 662 1564 717 suscipiant,
1606 665 1890 714 susceptasq.;

167 736 347 779 fideliter
378 740 538 779 curent.
593 737 814 790 Nusquam
847 737 956 778 enim
990 737 1255 789 vigilantium
1287 737 1514 778 Pastorum
1546 737 1680 778 maior
1701 740 1766 778 est
1787 736 1891 777 cari-

166 815 233 854 tas
275 815 318 854 et
358 813 534 867 raritas,
575 825 701 866 quani
739 812 780 853 in
823 812 965 865 pagis,
1006 815 1048 854 et
1089 815 1229 853 tamen
1270 825 1500 864 nusquam,
1539 825 1670 865 prope
1702 812 1891 863 dixerim,

168 888 304 929 maior
336 891 401 929 est
433 888 682 941 necessitas,
715 887 768 929 ob
799 899 965 942 eorum,
998 888 1070 940 qui
1102 887 1191 928 ruri
1223 887 1401 939 degunt,
1432 887 1655 937 inscitiam,
1688 899 1891 940 1·erumq.;

168 963 404 1004 divinarum
446 963 712 1016 imperitiam.
785 962 924 1013 Quare
967 963 1090 1016 longe
1134 962 1405 1004 utilissimum
1457 965 1521 1004 est
1566 962 1714 1004 horum
1764 964 1889 1004 etiam

168 1037 297 1079 saluti
327 1037 620 1090 procurandae
650 1038 849 1079 Pastores
881 1038 1065 1079 formare
1097 1041 1140 1079 et
1171 1037 1373 1085 educare,
1413 1041 1458 1078 vt
1489 1038 1600 1079 sicut
1630 1038 1712 1079 iam
1745 1038 1888 1079 multis

168 1111 208 1153 in
243 1112 487 1154 ciuitatibus
521 1112 706 1166 reperire
738 1114 803 1154 est
834 1112 925 1165 pios
958 1115 1000 1154 et
1032 1112 1178 1155 doctos
1210 1112 1468 1168 sacerdotes,
1502 1113 1562 1154 ita
1593 1115 1635 1154 et
1666 1113 1785 1165 pagis
1808 1125 1889 1154 11011

169 1187 381 1229 absimiles
413 1188 726 1241 praeficiantur,
759 1188 831 1241 qui
864 1188 1013 1241 amplis
1047 1187 1253 1229 reditibus
1286 1188 1464 1240 proximi
1498 1188 1677 1230 salutem
1708 1192 1750 1229 et
1771 1188 1887 1241 spiri-

169 1262 326 1304 tualem
375 1263 613 1305 animarum
660 1267 915 1316 prouentum
963 1264 1244 1316 anteponant,
1292 1263 1437 1315 paucis
1480 1263 1623 1305 viuere
1666 1263 1802 1315 docti,
1850 1267 1893 1304 et

168 1338 461 1381 mediocritate
492 1351 570 1381 sua
602 1338 801 1380 contenti.

307 1421 362 1461 At
393 1419 504 1461 dicet
534 1420 643 1461 forte
675 1419 905 1473 quispiam:
949 1420 1059 1461 Istos
1092 1431 1217 1471 saepe
1249 1431 1367 1472 spem
1398 1419 1558 1474 fallere,
1592 1432 1666 1461 nec
1700 1423 1892 1473 expecta-

169 1494 271 1535 tioni
314 1498 541 1548 conceptae
583 1494 860 1549 respondere,
902 1506 950 1535 ac
989 1494 1165 1547 proinde
1197 1494 1504 1548 eleemosynam
1538 1495 1646 1536 male
1678 1494 1790 1547 apud
1822 1507 1892 1536 eos

170 1570 418 1612 collocatam
450 1583 552 1612 esse.
616 1569 879 1622 Respondeo,
912 1572 1087 1622 propter
1114 1569 1296 1611 incertos
1329 1574 1508 1611 euentus
1540 1582 1622 1611 non
1653 1582 1775 1622 posse
1796 1583 1893 1623 pru-

170 1645 319 1687 denter
357 1646 598 1699 quempiam
640 1645 692 1686 ab
734 1657 860 1697 opere
903 1644 1010 1685 bono
1052 1648 1095 1685 et
1125 1644 1328 1685 laudabili
1361 1644 1585 1695 desistere,
1628 1645 1785 1698 alioqui
1817 1658 1892 1686 nec

170 1721 262 1774 aliJs
294 1721 436 1773 egenis
469 1720 735 1773 eleemosyna
766 1719 906 1760 danda
938 1720 1031 1769 erit,
1064 1720 1164 1773 quia
1186 1733 1312 1773 saepe
1334 1733 1384 1762 ea
1406 1725 1506 1762 sunt
1527 1721 1702 1774 indigni,
1736 1722 1891 1775 quippe

169 1796 369 1849 improbi:
404 1809 529 1849 saepe
561 1809 610 1837 ea
641 1796 733 1849 ipsa
763 1796 895 1849 stipe,
929 1808 1054 1848 quam
1089 1799 1361 1849 acceperunt,
1395 1796 1633 1838 abutuntur
1665 1797 1717 1838 ad
1751 1797 1891 1839 lusum

169 1874 243 1912 aut
273 1875 441 1925 potum,
474 1874 516 1912 et
546 1874 707 1925 tamen,
747 1883 828 1912 non
861 1871 1058 1912 obstante
1089 1871 1166 1913 hoc
1198 1871 1404 1924 periculo,
1445 1872 1732 1925 eleemosynas
1765 1872 1890 1925 largi-

168 1959 275 1995 mur,
309 1959 390 1988 non
423 1946 558 1999 ignari
591 1959 665 1987 nos
699 1945 933 1987 mercedem
960 1958 983 1986 a
1008 1945 1185 1987 Domino
1210 1950 1458 1999 accepturos
1483 1946 1534 1987 ob
1558 1947 1891 1989 misericordiam

168 2021 208 2062 in
242 2022 492 2074 proximum,
526 2021 882 2074 quomodocunq.;
917 2020 1087 2062 tandem
1120 2021 1192 2061 illa
1225 2020 1513 2075 beneficentia,
1546 2024 1715 2075 praeter
1748 2023 1892 2063 volun-

168 2099 300 2138 tatem
333 2096 486 2145 dantis,
518 2097 607 2149 ipse
640 2096 857 2138 abutatur.
908 2095 1026 2137 Idem
1059 2099 1101 2137 et
1132 2096 1197 2137 hic
1230 2092 1380 2148 cogita.
1436 2097 1492 2138 Vt
1522 2096 1652 2149 igitur
1683 2097 1892 2149 agricolae

169 2172 299 2213 boues
331 2172 530 2225 iungunt,
573 2174 730 2212 terram
764 2170 1062 2223 proscindunt,
1103 2171 1264 2212 semina
1295 2171 1422 2212 sulcis
1463 2171 1753 2221 committunt,
1796 2172 1893 2213 licet

168 2259 249 2288 11011
282 2247 473 2287 nesciant
503 2258 630 2299 saepe
662 2244 872 2297 accidere,
913 2247 956 2286 vt
987 2245 1147 2297 grando
1181 2249 1344 2297 segetes
1378 2245 1633 2297 contundat,
1667 2250 1741 2287 aut
1776 2246 1887 2287 aliud

168 2321 446 2362 infortunium
489 2334 607 2374 spem
649 2320 745 2361 anni
788 2319 1047 2373 intercipiat:
1086 2319 1147 2361 ita
1188 2322 1230 2361 et
1266 2319 1321 2372 is,
1363 2319 1434 2372 qui
1474 2319 1681 2361 bonorum
1715 2333 1889 2373 operum

169 2398 399 2437 sementem
431 2394 544 2447 facit,
578 2394 807 2436 absterreri
840 2406 921 2434 non
954 2393 1080 2435 debet
1109 2394 1264 2435 futuris
1291 2393 1479 2443 casibus3
1514 2407 1608 2435 cum
1631 2395 1890 2436 certissimus

170 2470 238 2525 sit,
271 2474 460 2522 vtcunq.;
505 2482 571 2511 res
604 2469 747 2520 cadat,
787 2481 836 2509 ex
868 2471 989 2521 parte
1021 2469 1130 2517 eius,
1163 2469 1234 2522 qui
1267 2469 1576 2522 eleemosynam
1609 2470 1780 2525 accipit,
1812 2471 1891 2513 sibi

170 2546 282 2599 apud
317 2545 617 2598 aequissimum
651 2545 769 2586 illum
801 2544 981 2585 iudicem
1013 2542 1312 2585 beneficentiae
1344 2544 1576 2596 praemium
1611 2558 1703 2587 esse
1735 2546 1891 2599 reposi-

170 2623 272 2662 tum.
346 2620 436 2670 Quo
477 2620 587 2661 circa
627 2618 866 2661 huiusmodi
907 2617 1194 2668 formidinem,
1242 2623 1286 2659 vt
1326 2630 1499 2673 vanam,
1547 2632 1594 2660 ex
1643 2620 1780 2661 animo
1824 2633 1891 2662 ex—

169 2695 463 2746 terminemus,
508 2698 551 2737 et
581 2698 629 2736 ut
662 2694 888 2748 Apostolus
920 2694 1081 2743 monet,
1123 2692 1376 2734 seminemus
1410 2693 1451 2733 in
1491 2692 1801 2747 benedictione,
1844 2700 1891 2736 ut

171 2770 296 2811 etiam
329 2770 369 2811 in
402 2770 692 2812 benedictione
722 2774 951 2811 metamus:
984 2768 1205 2822 Multiplex
1227 2768 1343 2821 spica
1375 2781 1422 2810 ex
1447 2769 1521 2810 tali
1547 2773 1733 2812 semente
1756 2771 1892 2823 pullu-

170 2844 288 2897 labit,
321 2845 459 2897 inquit
489 2848 661 2886 sanctus
692 2843 924 2896 Gregorius
954 2843 1180 2896 Nyssenus.
1243 2844 1394 2897 Ampla
1426 2848 1491 2886 est
1522 2844 1687 2885 Domini
1722 2846 1892 2886 manda-

170 2921 311 2960 torum
343 2931 484 2972 seges,
517 2919 716 2961 sublimes
749 2918 1053 2960 benedictionis
1086 2917 1240 2970 stirpes
1316 2919 1389 2960 Vis
1421 2918 1655 2970 intelligere
1687 2919 1727 2959 in
1762 2932 1892 2971 quan-

171 2997 258 3034 tam
292 2993 560 3035 altitudinem
593 2994 823 3035 extollatur
855 2992 1005 3034 harum
1038 2992 1232 3045 stirpium
1265 2993 1600 3034 incrementum?
1643 2993 1755 3045 ipsos
1789 2994 1891 3034 caeli

171 3067 348 3109 vertices
381 3068 615 3119 attingunt:
650 3067 858 3121 quidquid
887 3067 995 3108 enim
1030 3067 1070 3108 in
1103 3067 1181 3109 hoc
1213 3068 1456 3122 contuleris,
1490 3068 1529 3108 in
1553 3069 1655 3109 caeli
1680 3068 1889 3110 thesauris

172 3142 386 3183 conditum
418 3142 619 3184 inuenies.

1619 3212 1680 3244 16³*
