2164 3535
290 214 371 254 5⁵22
498 211 728 256 Einfuhrung
754 212 817 246 der
843 223 959 247 neuen
981 212 1022 247 R.
1051 217 1093 247 st.
1121 213 1156 247 in
1183 213 1247 247 der
1272 213 1557 249 oberdeutschen
1575 214 1677 250 Prov.
1709 219 1806 252 1834.

289 351 541 394 declamatio
584 353 821 395 Rhetorum
864 366 1004 396 coram
1048 354 1337 409 Humanistis‚
1378 356 1667 409 praescriptae
1708 357 1811 410 Reg.
1854 358 1922 413 33,
1960 358 2014 399 34

287 426 392 470 fiant
433 428 474 470 in
513 427 687 479 scholis,
732 442 841 482 quae
882 429 1048 471 duobus
1093 430 1311 472 ordinibus
1353 433 1572 487 constant,
1614 432 1656 473 in
1697 432 1869 486 reliquis
1901 445 2014 488 vero,

288 503 457 556 quando
499 504 578 545 loci
622 505 920 558 opportunitas
963 505 1352 559 discipulorumque
1396 507 1503 548 ratio
1550 506 1592 548 id
1635 507 1844 560 patietur;
1893 520 2014 550 secus

289 578 463 630 quaevis
496 578 639 620 schola
671 591 746 632 pro
781 592 826 620 se
859 579 1069 622 declamet
1100 583 1143 622 et
1173 583 1398 622 concertet.

430 654 493 694 12.
542 653 810 696 Professores
852 667 996 697 omnes
1030 655 1333 708 discipulorum
1377 657 1618 710 catalogum
1652 671 1746 700 cum
1779 659 1889 700 notis
1921 671 2015 711 pro-

290 740 476 782 gressus,
510 729 754 782 diligentiae
787 734 863 772 cet.
898 730 1119 773 Praefecto
1152 731 1340 787 tradant,
1373 744 1499 784 quem
1532 733 1734 779 subinde,
1768 747 1804 774 v.
1839 746 1899 786 gr.
1933 734 2015 776 sin-

285 804 395 857 gulis
436 804 676 857 mensibus,
724 809 1052 858 recognoscant:
1101 807 1418 849 accuratissime
1462 820 1560 850 vero
1600 811 1698 850 ante
1745 821 1919 851 examen
1960 809 2013 851 ad

286 891 520 921 ascensum.
584 880 631 921 In
665 893 713 922 eo
746 881 940 933 catalogo
974 881 1136 935 optimi,
1173 881 1270 924 boni
1303 886 1378 925 cet.
1413 884 1599 926 numeris
1636 887 1671 935 1,
1705 886 1729 926 2
1764 888 1840 926 cet.
1876 884 2012 937 desig-

284 958 439 995 nentur
464 955 588 1008 juxta
620 956 790 998 schema
821 956 899 999 toti
932 957 1178 999 Provinciae
1210 958 1533 1012 praescriptum.

1103 1226 1126 1279 ξ
1160 1228 1196 1266 c.

744 1319 985 1372 Singulae
1025 1320 1224 1360 classes
1266 1319 1552 1360 inferiores.

426 1437 459 1476 1.
517 1434 621 1476 Cum
654 1435 795 1476 omnia
828 1434 963 1477 omnis
997 1434 1278 1487 Eloquentiae
1310 1438 1538 1487 praecepta
1571 1435 1690 1476 unice
1724 1447 1772 1476 ex
1797 1434 2012 1489 Cicerone,

285 1509 559 1561 Quintiliano,
594 1510 823 1551 Aristotele
856 1510 1015 1551 hauriri
1047 1513 1283 1562 nequeant,
1326 1513 1375 1551 ut
1406 1511 1507 1562 Reg.
1536 1512 1553 1551 1
1591 1510 1702 1552 Prof.
1736 1511 1859 1552 Rhet.
1893 1522 2012 1563 prae-

285 1585 443 1635 scribit,
478 1585 648 1627 aliunde
681 1585 841 1627 hauriri
874 1588 1088 1638 poterunt.

422 1663 459 1704 2.
509 1660 710 1711 Quamvis
744 1658 1066 1702 exercitationes
1099 1661 1138 1702 in
1184 1662 1338 1702 nostris
1372 1661 1569 1714 Collegiis
1605 1661 1755 1703 solitae
1788 1660 2012 1703 videantur

282 1736 323 1777 in
356 1736 608 1789 quibusdam
649 1749 778 1789 super
810 1736 849 1777 id
884 1748 996 1787 esse,
1039 1736 1151 1789 quod
1185 1749 1260 1789 pro
1293 1736 1342 1778 iis
1388 1736 1592 1778 classibus
1626 1736 1750 1778 Ratio
1784 1738 1835 1777 st.
1869 1735 2010 1790 exigit,

284 1815 424 1853 tamen
458 1824 532 1853 eae
564 1811 800 1853 continuari
834 1813 1026 1864 possunt,
1060 1824 1152 1853 cum
1186 1825 1383 1865 magnum
1418 1811 1642 1854 discrimen
1675 1823 1757 1852 non
1790 1811 1857 1852 sit.

421 1887 458 1927 3.
506 1887 740 1929 Praelectio
774 1899 926 1939 graeca
962 1886 1172 1929 habeatur
1203 1887 1266 1929 bis
1305 1887 1346 1928 in
1391 1886 1677 1937 hebdomada,
1721 1898 1805 1939 qua
1848 1886 2011 1928 ratione

282 1961 463 2004 satisfiat
495 1961 549 2004 ΒΣ
582 1964 649 2015 st.7
683 1974 792 2015 quae
825 1962 999 2003 alternis
1032 1975 1124 2004 eam
1157 1962 1304 2004 diebus
1337 1962 1426 2004 fieri
1456 1962 1588 2015 jubet.

422 2039 459 2078 4.
521 2038 568 2078 In
615 2037 894 2079 Humanitate
941 2036 1127 2078 breviter
1173 2037 1403 2090 repetenda
1450 2050 1519 2079 ars
1567 2037 1754 2079 metrica.
1829 2037 1949 2089 (Reg.
1984 2036 2008 2077 8

281 2113 391 2154 Prof.
426 2112 571 2165 Hum.)

427 2190 450 2229 ἴ)
513 2188 544 2229 T
548 2186 717 2229 hemata
751 2200 903 2240 graeca
936 2188 976 2229 in
1010 2188 1162 2230 scholis
1194 2187 1351 2229 nostris
1391 2187 1636 2241 tradantur,
1678 2187 1749 2228 ubi
1780 2200 1857 2241 per
1888 2199 2008 2229 voca-

284 2262 450 2303 bularia
482 2262 599 2306 licet:
633 2275 741 2315 quae
775 2263 808 2303 si
842 2262 1000 2317 desint,
1034 2263 1176 2304 videat
1208 2263 1440 2311 Professor,
1474 2262 1685 2315 quomodo
1717 2262 1927 2317 suppleat,
1960 2265 2009 2304 ut

282 2337 444 2389 Regula
477 2350 603 2390 quan]
636 2337 824 2390 proxime
856 2342 1061 2380 servetur.
1126 2338 1244 2391 (Reg.
1272 2338 1295 2379 8
1329 2336 1438 2379 Prof.
1474 2350 1588 2390 supr.
1622 2340 1702 2390 gr.)

422 2413 458 2452 (5.
515 2412 716 2463 Quamvis
759 2412 948 2465 Regulae
996 2413 1313 2454 versificationis
1361 2425 1584 2465 supremae
1632 2419 1841 2466 grammeG>
1889 2412 2009 2454 attri-

282 2486 469 2528 buantur
507 2488 625 2540 <Regu
652 2489 675 2528 2
709 2488 819 2529 Prof.
855 2501 967 2541 supr.
1002 2491 1103 2541 gin),
1146 2492 1285 2529 tamen
1318 2488 1397 2529 sub
1427 2487 1553 2529 finem
1586 2488 1682 2529 anni
1714 2487 1924 2541 quaedam
1956 2486 2007 2529 de

284 2566 375 2604 arte
406 2563 582 2604 metrica
614 2563 825 2605 delibandi
863 2575 967 2617 mos,
999 2563 1033 2605 si
1066 2562 1219 2605 alicubi
1251 2563 1403 2615 vigeat,
1436 2562 1606 2604 retineri
1639 2566 1790 2616 potest.
