2164 3535
180 195 264 237 280
390 190 596 226 Aufnahme
630 190 666 225 in
693 190 750 225 die
777 189 909 235 papstl.
939 188 1165 224 Seminarien
1192 187 1255 223 des
1281 187 1459 223 Nordens.
1511 191 1702 224 1622-23.

181 334 412 377 Pontificiis
451 335 700 389 gravissime
740 336 805 375 est
846 330 1211 385 commendatum,
1264 343 1315 371 ne
1360 329 1402 370 in
1450 328 1706 370 ambulando
1754 341 1776 370 e
1817 341 1912 371 con-

185 414 333 465 spectu
365 411 574 454 Praefecti
607 422 652 452 se
684 408 949 457 subducant,
987 419 1036 448 ex
1067 406 1146 447 hoc
1178 405 1288 447 enim
1320 404 1444 446 ruina
1478 403 1741 458 disciplinae,
1781 405 1823 445 et
1853 403 1914 444 in-

183 486 403 529 commoda
433 485 628 528 maxima.

324 563 361 603 6.
395 563 507 603 Raro
531 558 842 614 permittendus
863 558 905 599 in
934 556 1082 599 urbem
1107 556 1258 609 exitus,
1290 567 1366 597 nec
1394 554 1582 608 hospites
1604 554 1646 595 in
1669 552 1914 608 triclinium,

185 638 250 680 vel
292 637 345 679 ad
377 637 600 678 Musaeum
639 634 691 677 ab
731 633 833 687 ipsis
873 631 1127 674 adducendi:
1171 629 1357 673 cavenda
1395 630 1523 672 etiam
1557 628 1690 671 omnis
1723 641 1818 671 eum
1849 641 1916 670 ex-

185 712 317 755 ternis
348 710 627 755 familiaritas.

216 1133 642 1206 Bedingungen
704 1131 804 1184 der
869 1129 1198 1184 Aufnahme
1259 1129 1317 1181 in
1381 1127 1472 1180 ein
1534 1125 1891 1199 papstliches

492 1234 756 1290 Seminar
799 1233 1062 1288 nordlich
1108 1251 1224 1286 von
1270 1231 1379 1285 den
1415 1229 1618 1303 Alpen.

878 1330 1230 1377 1622—1623.

189 1436 331 1479 (Areh.
358 1436 491 1471 Germ.
518 1436 628 1472 VIII.
655 1436 699 1470 F.
715 1445 751 1470 a.
761 1444 773 1478 3
805 1433 870 1469 ein
896 1433 1034 1476 Bogen
1060 1431 1101 1466 in
1127 1431 1243 1476 folio,
1270 1430 1312 1465 in
1339 1428 1551 1465 (lerselben
1577 1427 1729 1464 schrift
1754 1427 1828 1463 wie
1855 1427 1920 1463 ein

189 1494 413 1530 Dokument
438 1495 507 1529 des
534 1493 758 1529 namliohen
783 1492 909 1527 Titels
936 1500 1005 1526 aus
1036 1491 1122 1526 dem
1147 1490 1271 1525 Jahre
1298 1489 1410 1524 1622.
1461 1508 1503 1513 —
1554 1485 1746 1522 Dasselbe
1772 1485 1919 1521 Akten-

188 1553 326 1598 stiiek‚
359 1553 466 1588 alter
498 1553 578 1588 und
610 1562 686 1587 von
713 1551 885 1586 anderer
910 1550 1046 1594 Hand,
1081 1549 1122 1583 in
1150 1548 1172 1583 8
1200 1547 1337 1583 Seiten
1363 1547 1424 1582 8⁰.
1475 1545 1557 1581 Wie
1584 1555 1654 1581 aus
1681 1545 1753 1580 der
1778 1543 1919 1581 Unter-

188 1610 331 1646 schrift
367 1611 436 1646 (les
462 1610 677 1646 Kardinals
706 1611 750 1645 L.
776 1609 964 1645 Ludovisi
997 1608 1168 1652 erhellt,
1201 1616 1271 1641 ans
1304 1606 1391 1641 dem
1423 1605 1546 1640 Jahre
1573 1603 1789 1638 1622—23.
1840 1602 1922 1638 Wir

188 1669 428 1705 bezeichnen
466 1670 532 1704 fiir
571 1669 634 1705 die
667 1668 885 1705 Varianten
918 1667 988 1702 (las
1028 1664 1313 1708 erstgenannte
1350 1663 1522 1708 jiingere
1555 1662 1678 1698 Sti'iok
1710 1660 1812 1707 „b“‚
1851 1661 1921 1696 das

834 1724 972 1761 zweite
998 1724 1127 1759 altere
1155 1722 1276 1769 „a“.)

330 1835 398 1870 Die
425 1834 676 1871 Ueberschrift
708 1834 771 1870 des
804 1834 997 1879 folgenden
1025 1833 1179 1868 Stuckes
1212 1832 1315 1866 weist
1339 1831 1538 1874 allerdings
1565 1830 1742 1865 zun'achst
1769 1829 1833 1864 auf
1856 1829 1920 1864 das

195 1893 398 1939 papstliohe
433 1893 597 1928 Seminar
634 1893 669 1927 in
703 1892 916 1936 Dilingen
949 1891 1030 1935 hin,
1069 1890 1155 1925 aber
1189 1890 1245 1924 die
1280 1889 1382 1924 darin
1421 1894 1625 1933 genannten
1658 1887 1921 1931 Bedingungen

193 1964 312 1987 waren
340 1952 376 1986 in
404 1952 497 1986 allen
524 1951 730 1995 derartigen
759 1950 983 1985 Seminarien
1011 1949 1073 1984 des
1095 1948 1262 1983 Nordens
1289 1948 1345 1982 die
1373 1947 1549 1991 gleichen.
1602 1946 1738 1980 Darum
1765 1945 1921 1980 wahlten

193 2011 257 2044 wir
284 2010 374 2045 oben
402 2010 470 2044 den
497 2009 776 2053 allgemeineren
803 2008 908 2042 Titel.

901 2207 1213 2260 Examen,

194 2302 285 2343 cui
333 2302 565 2355 scripto
612 2299 1095 2354 respondebunt,
1143 2298 1238 2351 qui
1285 2300 1502 2350 petunt
1546 2295 1921 2336 Alumnatum

692 2380 1086 2423 Pontificium
1134 2379 1424 2431 Dilingae.

335 2488 370 2527 1.
421 2486 542 2536 Quod
571 2498 736 2540 nomen,
770 2497 1015 2539 cognomen,
1049 2488 1181 2538 aetas,
1214 2483 1367 2537 patria,
1401 2481 1530 2535 regie,
1564 2494 1612 2523 ac
1635 2480 1816 2534 regionis
1840 2479 1923 2521 Do-

195 2560 346 2615 minus,
380 2564 422 2602 et
453 2560 696 2602 Dioecesis?

335 2637 372 2676 2.
423 2635 486 2677 An
529 2636 585 2677 sit
624 2638 750 2677 natus
792 2634 1039 2689 parentibus
1077 2633 1264 2686 legitimo
1306 2632 1575 2674 matrimonio
1615 2631 1848 2673 coniunctis
1882 2633 1923 2671 et

198 2710 442 2752 catholicis?
465 2723 516 2752 an
535 2711 623 2763 ipse
641 2723 808 2763 semper
824 2709 1080 2761 Catholieus,
1099 2712 1174 2750 aut
1195 2720 1278 2761 quo
1297 2711 1486 2760 tempore
1510 2709 1552 2749 et
1569 2707 1641 2748 ubi
1660 2706 1922 2748 conuersus‘.>

198 2798 250 2826 an
284 2785 402 2839 liber,
436 2798 488 2826 an
521 2797 622 2826 uero
655 2785 924 2837 mancipium,
957 2786 1031 2825 aut
1063 2783 1166 2824 alias
1199 2782 1320 2824 alicvi
1352 2781 1615 2823 obstrictus?

337 2860 374 2900 3.
409 2860 471 2901 An
495 2871 591 2901 vere
615 2861 656 2901 et
677 2859 846 2913 proprie
869 2859 1121 2908 Germanus,
1143 2871 1192 2899 ex
1210 2857 1438 2899 Germania
1460 2857 1653 2898 videlicet
1675 2856 1922 2909 superiore?

337 2936 374 2974 4.
409 2934 472 2975 An
506 2933 733 2987 aliquando
765 2945 916 2987 passus
949 2933 1005 2975 sit
1026 2933 1251 2985 aliquam¹)
1285 2931 1434 2985 eapitis
1458 2931 1732 2983 debilitatem,
1764 2931 1920 2982 iudicii,

199 3009 458 3062 eorporis‘?²)
499 3021 551 3050 an
592 3008 864 3061 etiamnum3)
907 3008 963 3050 sit
1004 3021 1178 3062 corpore
1218 3020 1293 3061 per
1334 3006 1473 3048 omnia
1515 3019 1616 3048 sano
1657 3010 1699 3048 et
1741 3006 1918 3058 integro,

343 3147 370 3189 l)
397 3145 429 3180 b.
457 3146 513 3180 An
541 3144 699 3190 aliquam
725 3155 760 3189 p.
788 3145 834 3179 sit
861 3155 888 3180 o.
917 3144 995 3180 deb.
1135 3144 1163 3188 2)
1190 3143 1221 3178 b.
1248 3143 1420 3188 temporis
1447 3144 1492 3187 (l).
1633 3142 1661 3186 ³)
1686 3142 1717 3176 b.
1745 3141 1863 3176 etiam.
