2164 3535
253 248 306 289 96
884 246 1116 281 Schriftliche
1142 245 1353 290 Uebungen.

251 399 344 427 rum
378 386 431 427 ad
463 385 642 427 eundem
674 398 750 438 pro
785 385 963 427 auxiliis.
1017 410 1066 415 —
1115 386 1331 428 Invectiva
1361 386 1403 427 in
1436 386 1580 429 Gallos
1612 387 1893 430 incendiarios
1926 388 1981 430 ad

251 461 456 503 Rhenum.
493 486 542 491 -
575 460 641 501 Ad
672 461 869 503 Carolum
904 461 1056 514 Iinper.
1091 474 1143 503 ne
1176 462 1452 504 Barcellonae
1483 475 1528 504 se
1560 462 1743 504 obsideri
1775 463 1978 516 patiatur.

389 536 539 578 Carolo
572 536 770 589 Imperat.
805 536 1093 589 Panegyricus
1126 538 1322 590 perpetui
1354 538 1564 580 exercitus
1597 538 1846 580 institutori.

391 611 538 653 Eidem
571 611 734 652 viarum
767 611 1034 663 publicarum
1065 612 1355 654 instauratori.

388 687 647 728 Venetorum
679 686 915 738 gratiarum
949 687 1124 737 aetolia,
1157 687 1209 729 ob
1242 700 1361 729 arma
1392 688 1507 729 nullo
1536 688 1669 740 ipsius
1692 689 1979 731 emolumento

250 763 484 815 conjuncta.

743 899 983 941 Themata
1015 900 1307 941 orationum
1341 900 1496 942 varia.

391 992 537 1035 Oratio
572 993 623 1034 de
655 993 800 1046 lingua
831 992 994 1034 Graeca
1027 992 1239 1034 discenda.

388 1068 450 1110 De
480 1068 679 1110 laudibus
712 1072 755 1109 et
785 1068 969 1109 utilitate
1001 1068 1227 1109 Historiae.

388 1143 636 1185 Hortatoria
677 1143 731 1184 ad
763 1141 1109 1195 salisburgenses
1149 1142 1363 1195 religionis
1406 1155 1554 1198 causa,
1594 1144 1735 1196 patria
1766 1156 1844 1185 sua
1875 1144 1974 1186 emi-

250 1222 434 1272 grantes.

386 1293 587 1335 Suasoria
619 1293 673 1334 ad
704 1292 973 1335 excolendam
1004 1293 1169 1334 Poesiin
1203 1297 1244 1334 et
1276 1293 1461 1345 linguam
1495 1293 1803 1336 Germanicam.

386 1369 602 1411 Invectiva
633 1369 672 1410 in
705 1369 876 1410 Modam
910 1369 1034 1421 vulgo
1068 1369 1237 1424 dictam,
1271 1374 1312 1410 et
1344 1369 1674 1411 mutabilitatem
1707 1369 1900 1412 vestium.

386 1445 449 1486 Ad
492 1448 709 1501 parentes,
760 1457 811 1486 ne
860 1444 1096 1486 studiorum
1147 1457 1275 1486 causa
1316 1445 1368 1485 ad
1411 1445 1678 1487 Lutheranas
1720 1444 1973 1486 Academias

249 1520 468 1562 dimittant
498 1519 619 1562 filios.

386 1595 532 1637 Oratio
566 1597 713 1637 contra
746 1596 975 1637 ascititium
1009 1595 1366 1648 capillamentum.

389 1670 536 1713 Oratio
568 1684 644 1724 pro
679 1671 837 1713 eodem.

387 1746 500 1788 Laus
533 1746 664 1801 urbis,
697 1747 738 1788 in
771 1760 855 1800 qua
886 1746 1116 1788 habitatur.

384 1821 600 1864 Adversus
632 1834 716 1875 eos,
749 1822 821 1875 qui
854 1834 1077 1875 germanos
1111 1822 1314 1863 barbaros
1346 1821 1516 1875 habent,
1548 1821 1823 1873 sci-ibuntque

386 1897 605 1939 Neminem
636 1897 725 1939 sine
756 1897 927 1939 Poetica
957 1910 1033 1950 pro
1067 1910 1165 1939 vero
1198 1898 1386 1939 litterato
1419 1896 1672 1938 habendum.

386 1973 671 2026 Panegyricus
705 1973 917 2025 Rudigero
951 1972 1265 2025 Starembergio
1301 1972 1486 2013 Viennae
1519 1971 1622 2012 alias
1656 1971 1876 2012 defensori.

386 2047 451 2088 Ad
472 2048 689 2101 Principes
715 2047 976 2089 Christianos
1010 2047 1060 2088 de
1094 2047 1304 2089 communi
1332 2047 1373 2088 in
1397 2048 1556 2089 Tui-cas
1585 2047 1753 2089 foedere
1775 2045 1974 2088 ineundo.

388 2123 451 2163 An
491 2123 590 2164 olim
627 2122 805 2175 profana
842 2123 883 2163 in
920 2122 1030 2172 foro,
1070 2136 1122 2163 an
1161 2122 1285 2163 hodie
1322 2135 1444 2164 sacra
1475 2135 1497 2164 e
1528 2123 1692 2176 pulpito
1731 2122 1971 2175 eloquentia

250 2198 343 2251 plus
377 2198 594 2250 dignitatis
627 2198 812 2239 habeat‘?

391 2275 451 2314 An
483 2273 619 2326 planis
650 2273 692 2314 in
723 2273 839 2327 locis,
872 2286 924 2314 an
956 2272 1159 2314 montosis
1193 2272 1398 2314 habitatio
1432 2272 1608 2314 melior?

388 2348 705 2390 Monarchicum
736 2348 967 2402 Regiminis
1000 2361 1133 2401 genus
1167 2348 1385 2401 optimum.

388 2423 469 2464 Pro
502 2424 796 2465 Aristocratia.

387 2499 684 2541 Haereditaria
715 2511 858 2554 regna,
891 2511 942 2540 an
976 2498 1160 2540 electitia
1194 2498 1441 2551 praestent?

388 2575 451 2615 An
484 2574 610 2629 (lomi7
643 2586 696 2614 an
727 2574 769 2614 in
803 2573 1032 2627 Gyinnasio
1066 2574 1213 2615 melius
1248 2572 1464 2615 discatur?

386 2648 545 2691 Parens
578 2661 600 2690 e
631 2649 767 2690 tribus
806 2648 920 2703 filiis,
960 2648 1140 2690 Oratore
1182 2661 1284 2703 uno,
1324 2648 1487 2690 Medico
1527 2648 1682 2697 altero,
1721 2646 1969 2700 Iurisperito

250 2723 376 2765 tertio
409 2736 505 2765 eum
537 2723 761 2765 haeredem
794 2724 954 2779 scribit,
988 2724 1059 2777 qui
1092 2724 1364 2777 Reipublicae
1395 2723 1489 2776 plus
1522 2722 1741 2776 profuerit.
1805 2721 1971 2763 Oratio-

249 2810 322 2840 nes
356 2803 456 2841 tres.

387 2872 559 2915 Rhenus
592 2886 644 2914 an
676 2873 897 2916 Danubius
930 2874 1110 2916 nobilior
1141 2873 1322 2915 fluvius?

389 2947 547 2990 Contra
577 2948 745 2989 theatra
777 2953 818 2990 et
849 2949 1100 2991 Histriones.

388 3024 603 3065 Invectiva
633 3024 674 3065 in
707 3024 917 3065 Iuvenalis
951 3025 1128 3066 dietum:
1162 3025 1208 3065 In
1241 3025 1372 3066 sacris
1405 3024 1506 3077 quid
1538 3023 1638 3066 facit
1669 3036 1833 3065 aurum.

387 3100 449 3141 An
474 3098 623 3139 Galeni
655 3110 769 3152 opes,
802 3111 854 3139 an
887 3099 1108 3140 Iustiniani
1142 3099 1322 3141 honores
1344 3100 1483 3152 potius
1509 3098 1742 3152 sequendi?
1777 3122 1827 3127 -—
1861 3097 1967 3139 Tha-

252 3175 404 3214 vonato
437 3173 631 3214 militaris
665 3173 923 3216 Xenodochii
961 3175 1175 3218 fundatori
1210 3174 1504 3227 Panegyricus.
1561 3199 1609 3204 —
1664 3172 1881 3227 Pygmaei,
1924 3178 1966 3214 et
