2164 3535
234 203 317 244 508
444 200 675 244 Einfi'ihrung
701 200 765 235 der
791 211 907 234 neuen
929 199 968 234 R.
995 205 1036 234 st.
1064 200 1100 234 in
1127 200 1190 235 der
1216 200 1503 236 oberdeutschen
1522 200 1625 236 Prov.
1657 204 1753 238 1834.

236 343 323 384 6166
356 343 550 385 domibus
591 343 859 397 aliquatenus
902 342 943 383 in
983 354 1108 383 usum
1150 341 1335 384 deducta
1373 341 1503 384 fuisse
1543 341 1644 384 mihi
1688 344 1875 397 constet,
1915 345 1964 383 ut

235 421 376 460 tamen
409 419 676 473 uniformius,
708 417 870 459 firmius
902 417 1243 470 prudentiusque
1275 416 1361 471 fiat,
1395 429 1496 459 usus
1519 429 1650 470 opera
1671 420 1763 458 tum
1786 416 1962 458 Patrum

236 493 481 535 Provinciae
514 493 817 547 consultorum,
850 496 943 535 tum
967 492 1161 545 aliorum,
1193 492 1265 545 qui
1288 495 1331 534 et
1353 492 1560 534 rationem
1593 491 1702 533 hanc
1724 491 1964 534 studiorum

238 571 281 609 et
312 568 575 621 singulorum
609 568 914 611 domiciliorum
949 567 1222 620 locorumque
1243 580 1382 609 mores
1416 579 1604 620 ususque
1635 566 1766 620 probe
1798 567 1965 609 novisse

235 643 504 695 videbantur,
537 656 587 685 ea
619 643 787 685 demum
821 643 1039 693 constitui,
1073 654 1182 695 quae
1205 645 1248 683 et
1269 642 1423 684 rationi
1446 642 1542 684 huic
1566 641 1805 684 studiorum
1829 642 1964 694 magis

235 716 467 760 conformia
497 721 540 760 et
571 718 697 761 variis
739 720 914 760 nostrae
950 717 1197 759 Provinciae
1228 716 1440 771 adjunctis
1472 729 1554 758 non
1598 716 1800 772 adversa,
1842 717 1966 759 adeo-

235 805 318 846 que
349 793 544 836 omnibus
577 792 771 835 domibus
809 792 931 835 facile
974 791 1333 834 accommodanda
1375 791 1688 834 existimabant.
1753 791 1965 835 Constitui

234 868 380 922 itaque
412 868 619 910 rationem
651 867 760 911 hanc
792 867 1056 918 studiorum,
1100 870 1309 921 quantum
1348 866 1439 909 fieri
1469 869 1634 923 potest,
1675 867 1727 910 ab
1770 867 1965 910 omnibus

234 944 392 985 nostris
425 943 737 986 observandam
771 956 890 999 esse,
932 943 992 984 ita
1031 946 1080 984 ut
1113 954 1162 984 ea
1195 942 1355 997 omnia,
1398 942 1508 984 circa
1550 955 1659 996 quae
1690 943 1738 984 R.
1775 943 1821 985 V.
1863 942 1965 984 nihil

235 1019 300 1061 hic
333 1022 526 1061 notatum
561 1010 772 1073 reperiet,
805 1019 1067 1072 simpliciter,
1101 1022 1147 1059 ut
1180 1018 1221 1060 in
1255 1018 1403 1060 eadem
1436 1018 1726 1074 continentur,
1758 1018 1967 1060 servanda

236 1094 332 1136 51111.
397 1094 510 1145 Quas
543 1094 609 1136 hic
643 1094 938 1136 adnotationes
978 1094 1018 1134 in
1054 1092 1264 1146 quaedam
1306 1093 1447 1146 capita
1491 1096 1534 1135 et
1574 1093 1865 1147 paragraphos
1908 1093 1967 1134 di-

236 1171 415 1213 stinctas
449 1170 647 1224 subjicio,
681 1182 755 1212 eae
787 1169 925 1211 factae
958 1172 1059 1211 511111
1091 1169 1201 1210 61166
1233 1168 1324 1221 1116,
1367 1180 1477 1221 (11166
1510 1168 1574 1210 vel
1606 1168 1792 1210 nondum
1825 1168 1967 1211 obser-

237 1246 466 1301 vabantur,
508 1246 698 1299 adeoque
730 1248 779 1287 ut
822 1247 1097 1287 servarentur
1139 1243 1191 1286 ob
1234 1244 1378 1286 0611105
1421 1244 1555 1297 magis
1596 1243 1791 1298 ponenda
1832 1246 1966 1299 616111,

239 1321 302 1363 vel
337 1334 446 1374 quae
480 1321 532 1363 ad
564 1321 753 1362 litteram
787 1333 811 1361 a
842 1320 963 1361 nobis
1009 1319 1167 1372 ubique
1208 1319 1369 1361 servari
1411 1332 1493 1361 non
1534 1331 1659 1373 posse
1701 1319 1966 1373 videbantur,

238 1397 378 1450 quoad
411 1409 521 1449 quae
554 1400 718 1447 tamen,
763 1399 971 1448 quantum
1003 1394 1093 1437 fieri
1126 1398 1315 1448 poterat,
1358 1394 1511 1436 rationi
1544 1394 1785 1437 studiorum
1817 1407 1968 1449 appro-

236 1472 529 1526 pinquandum
561 1474 664 1513 erat.
730 1471 860 1513 Curet
892 1470 1036 1523 itaque
1069 1471 1115 1511 R.
1152 1471 1215 1518 V„
1250 1483 1359 1523 quae
1391 1470 1457 1512 hic
1490 1472 1654 1512 statuta
1688 1470 1893 1525 reperiet,
1925 1470 1966 1512 in

235 1551 455 1602 posterum
487 1546 721 1589 executioni
754 1545 959 1587 mandari.
1028 1546 1171 1598 thue
1204 1545 1247 1587 id
1280 1545 1430 1587 melius
1463 1545 1558 1599 fiat,
1602 1546 1841 1588 convocatis
1883 1558 1968 1587 om-

238 1623 361 1665 nibus
395 1622 569 1675 Collegii
602 1621 834 1677 magistris,
869 1625 958 1663 tum
992 1621 1302 1674 subsequentes
1336 1621 1633 1663 adnotationes
1673 1621 1714 1662 in
1758 1621 1968 1663 communi

237 1699 468 1753 praelegat,
501 1702 591 1739 tum
625 1710 710 1753 eas,
743 1709 852 1750 quae
885 1696 1073 1749 singulos
1106 1700 1301 1749 spectant
1333 1697 1684 1750 singulorumque
1706 1695 1890 1749 regulas,
1925 1696 1966 1738 in

238 1787 347 1816 nova
378 1774 560 1816 Ratione
592 1772 832 1815 studiorum
868 1774 1103 1822 contentas,
1138 1775 1284 1814 exacte
1316 1785 1341 1813 a
1372 1772 1549 1825 singulis
1583 1771 1801 1814 observari
1834 1775 1966 1815 curet.

241 1849 361 1900 Quod
393 1850 428 1892 si
469 1850 510 1891 in
553 1848 809 1903 quibusdam
854 1848 908 1890 ob
950 1847 1118 1889 odiosas
1160 1848 1442 1898 mutationes,
1486 1847 1732 1901 temporalis
1775 1847 1968 1901 gubernii

245 1924 497 1979 approbatio
515 1924 781 1978 exposcenda
800 1924 867 1975 sit,
885 1936 977 1965 eam
995 1922 1229 1976 prudenter
1247 1926 1289 1965 et
1305 1926 1541 1977 opportune
1564 1922 1754 1965 obtinere
1777 1926 1965 1965 conetur.

378 2001 655 2043 Reverentiae
687 2000 868 2042 Vestrae
899 1999 1194 2068 precibusmme
1226 1999 1344 2041 enixe
1377 1997 1635 2041 commendo.

448 2092 660 2147 Fribuigi,
696 2093 759 2133 10.
785 2090 980 2134 Octobris
1015 2091 1137 2132 1834.

1218 2218 1396 2271 Georg.
1433 2217 1748 2270 Staudinger
1794 2217 1835 2261 S.
1869 2217 1907 2259 J.
