2164 3535
635 209 936 245 Oberrheinische
962 210 1263 246 Klassenbucher.
1754 216 1805 257 41

134 384 187 427 B.
253 383 563 438 Wirzbu1·ger
595 384 1060 438 (Oberrheinisches)
1094 383 1373 429 Schulbuch
1405 386 1486 429 fiir
1518 387 1595 430 die
1626 389 1779 432 Media

689 458 1030 504 Grammatica.
1095 461 1216 502 1732.

230 550 624 592 *Institutiones
653 552 657 602 Ι
686 550 881 593 Mediae
913 552 1283 594 Grammatices
1311 555 1315 605 Ι
1344 552 1506 595 Graeco
1547 578 1595 583 -
1638 554 1811 597 Germa-

90 626 183 668 nico
219 650 267 655 —
298 628 302 677 Ι
332 625 508 667 Latinae
535 628 539 677 Ι
567 625 649 666 Pro
672 624 873 668 Studiosa
903 626 1130 669 Iuventute
1158 630 1162 679 Ι
1192 627 1440 670 Scholarum
1462 628 1808 687 Humanioriim‚l

91 701 138 743 In
171 700 419 742 Faciliorem
450 699 697 742 Methodum
726 703 730 752 Ι
760 700 816 742 Et
847 700 1048 743 Ordinem
1079 701 1306 753 Redactae,
1335 705 1340 754 Ι
1368 703 1476 745 Hinc
1499 704 1602 747 Inde
1624 704 1807 761 Auctael

92 775 338 828 Varriisque
375 774 731 817 Annotationibus
760 777 765 826 Ι
793 775 1049 818 Illustratae.
1079 779 1084 828 Ι
1113 776 1224 818 IHS
1253 780 1258 829 Ι
1287 777 1391 819 Cum
1430 779 1539 821 Priv.
1581 779 1619 822 S.
1656 780 1700 822 C.
1733 781 1812 823 Re-

92 851 269 904 giaeque
322 849 440 892 Cath.
484 850 582 903 Maj.
632 849 920 905 Wircebuigi,
975 850 1137 904 Sumpt.
1188 852 1333 894 Almae
1388 854 1510 895 Univ.
1558 855 1714 911 Iuliae,
1762 856 1809 897 A.

91 924 425 981 MDCCXXXH,
458 925 583 979 Typis
616 925 671 966 M.
695 926 742 966 A.
767 925 989 978 Engmann
1013 926 1134 969 Univ.
1160 927 1339 980 Typogr.
1373 930 1434 969 8⁰.
1471 954 1520 958 —
1556 930 1642 972 Das
1666 930 1811 973 Schul-

89 1000 197 1042 buch
230 1000 415 1042 enthalt:

231 1079 265 1117 1.
301 1075 491 1117 Emman.
525 1075 671 1117 Alvari
703 1075 891 1117 Institut.
926 1076 958 1117 F
962 1076 1135 1117 ormenl.
1170 1081 1213 1120 et
1244 1079 1417 1134 Syntax.
1450 1094 1517 1134 pp.
1542 1082 1637 1123 416.

234 1154 271 1192 2.
306 1151 361 1193 Μ.
396 1151 519 1193 Tullii
551 1150 633 1192 Cic.
669 1151 895 1204 Epistolar.
929 1152 953 1193 l.
979 1153 1002 1193 9
1036 1156 1078 1194 et
1112 1154 1177 1209 10,
1210 1168 1276 1208 pp.
1302 1157 1368 1198 56.

228 1227 265 1268 .“3.
299 1226 437 1268 Publii
473 1229 478 1278 Ι
516 1225 652 1268 Ovidii
689 1227 693 1280 Ι
732 1226 913 1269 Nasonis
951 1230 955 1279 Ι
994 1228 1194 1271 Tristium
1232 1232 1238 1282 Ι
1276 1230 1366 1273 Lib.
1392 1232 1428 1273 3.
1459 1234 1464 1283 Ι
1502 1231 1583 1273 Pro
1631 1232 1724 1275 Usu
1770 1236 1812 1275 et

89 1302 300 1344 Exercitio
334 1301 559 1344 Studiosae
592 1302 680 1343 Iuv.
708 1335 714 1341 .
742 1334 749 1342 .
775 1335 780 1341 .
808 1315 876 1356 pp.
901 1304 967 1344 56.

227 1379 265 1419 4.
300 1378 594 1420 Institutiones
628 1380 633 1429 Ι
670 1377 1032 1431 Orthographicae
1066 1381 1070 1430 Ι
1106 1379 1597 1434 Germanico-Latinae}
1632 1396 1680 1425 ex
1718 1396 1812 1436 pro-

89 1453 200 1495 batis
231 1453 508 1506 scriptoribus
538 1453 736 1495 collectae
764 1455 768 1504 Ι
797 1453 877 1494 Pro
906 1455 912 1505 Ι
940 1452 1141 1496 Studiosa
1170 1455 1396 1498 Iuventute
1424 1460 1428 1509 Ι
1458 1457 1631 1500 Infimae
1663 1461 1706 1500 et
1727 1458 1812 1500 Me-

91 1529 183 1571 diae
216 1529 527 1571 Grammaticae
556 1532 560 1581 Ι
588 1529 634 1570 In
665 1528 786 1570 Univ.
823 1528 1163 1582 Wirceburgensi
1191 1533 1195 1582 Ι
1225 1531 1328 1573 IHS
1358 1535 1362 1584 Ι
1393 1565 1399 1572 .
1437 1566 1444 1573 .
1478 1545 1545 1586 pp.
1573 1534 1665 1574 100.

229 1606 265 1645 5.
299 1604 555 1646 Rudimenta
589 1607 593 1655 Ι
628 1603 939 1646 Grammaticae
973 1607 977 1656 Ι
1013 1604 1201 1648 Graecae
1234 1609 1238 1657 Ι
1274 1607 1321 1648 In
1356 1607 1661 1661 Compendium
1695 1612 1700 1661 Ι
1734 1610 1812 1651 Re-

91 1680 215 1722 dacta
252 1682 256 1730 Ι
293 1679 375 1720 Pro
411 1682 416 1730 Ι
453 1679 725 1721 Institutione
778 1677 1002 1721 Studiosae
1040 1682 1045 1731 Ι
1080 1680 1318 1724 Iuventutis
1358 1686 1362 1734 Ι
1406 1683 1570 1725 Mediae
1624 1684 1810 1726 Gramm.

91 1755 246 1797 Classis
270 1786 278 1794 .
302 1787 310 1794 .
336 1754 415 1806 (bis
449 1753 616 1796 einschl.
652 1754 792 1796 Verba
823 1754 864 1796 in
893 1758 954 1809 με)
986 1768 1054 1808 pp.
1081 1757 1174 1797 212.

229 1832 269 1871 6.
303 1829 433 1871 Petrii
467 1829 622 1871 Canisii
656 1829 823 1872 Catech.
858 1843 973 1883 parv.
1010 1834 1116 1884 (cap.
1146 1834 1271 1884 1—5)
1305 1845 1371 1886 pp.
1398 1834 1463 1877 32.

228 1907 263 1946 7.
298 1904 497 1947 Delectus
534 1908 537 1956 Ι
578 1905 891 1947 Vocabulorum
929 1909 933 1958 Ι
970 1907 1052 1949 Pro
1091 1911 1095 1960 Ι
1132 1908 1442 1952 Exercitatione
1485 1912 1489 1962 Ι
1532 1911 1772 1954 Memoriae.

90 1993 157 2034 pp,
186 1981 278 2022 191.

119 2176 165 2219 C.
233 2177 440 2220 Mainzer
479 2176 955 2233 (Oberrheinisches)
994 2177 1275 2224 Schulbuch
1314 2181 1393 2224 fiir
1432 2183 1510 2226 (lie
1548 2181 1784 2238 Suprema

479 2250 805 2296 Grammatica
837 2254 952 2298 oder
984 2253 1229 2309 Syntaxis.
1294 2258 1413 2298 1731.

228 2344 389 2397 *Opus
418 2346 422 2395 Ι
452 2344 548 2385 Pro
577 2346 581 2395 Ι
611 2343 819 2397 Syntaxi
847 2348 851 2396 Ι
879 2346 927 2387 In
956 2345 1194 2400 Gymnasiis
1225 2347 1264 2390 S.
1297 2348 1335 2389 J.
1366 2351 1371 2400 Ι
1400 2349 1643 2392 Provinciae
1675 2350 1808 2392 Rheni

90 2419 325 2472 Superioris
360 2422 364 2470 Ι
398 2419 587 2471 Praelegi
627 2419 816 2461 Solitum.
854 2423 858 2472 Ι
895 2421 1033 2462 Editio
1079 2434 1188 2463 nova
1228 2423 1486 2477 Approbata.
1524 2427 1528 2476 Ι
1565 2425 1809 2478 Moguntiae

90 2502 134 2537 ut
164 2512 310 2548 Supra,
343 2495 402 2536 8⁰.

231 2572 264 2610 1.
299 2569 585 2613 Emmanuelis
614 2574 618 2622 Ι
645 2571 788 2613 Alvari
817 2575 821 2623 Ι
850 2585 870 2613 e
900 2572 940 2614 S.
965 2572 1001 2615 J.
1033 2575 1037 2624 Ι
1066 2574 1127 2615 De
1150 2572 1437 2617 Grammatica
1465 2576 1468 2628 Ι
1498 2576 1805 2632 Instructionel

90 2644 215 2686 Liber
257 2643 474 2687 Secundus
509 2648 513 2696 Ι
548 2645 643 2688 Sive
678 2649 682 2698 Ι
716 2647 777 2688 De
820 2647 923 2689 Octo
964 2648 1155 2689 Partium
1201 2649 1411 2692 Orationis
1454 2651 1805 2707 Constructionel

90 2718 264 2760 Scholiis
305 2720 488 2761 auctoris
530 2723 851 2774 praetermissis.
882 2726 885 2774 Ι
914 2723 995 2764 Pro
1040 2723 1246 2777 Suprema
1286 2724 1604 2769 Grammatices.
1635 2730 1639 2779 Ι
1668 2727 1772 2769 IHS
1802 2730 1806 2779 Ι

89 2793 195 2835 Cum
227 2793 297 2835 Gr.
333 2796 375 2836 et
404 2795 514 2837 Priv.
549 2795 587 2837 S.
614 2796 657 2838 C.
682 2797 735 2839 M.
790 2798 1047 2853 Moguntiae,
1080 2799 1180 2853 Typ.
1215 2803 1257 2841 et
1279 2803 1432 2853 sumpt.
1487 2802 1552 2844 Jo.
1577 2802 1737 2856 Mayeri
1761 2837 1769 2844 .
1795 2836 1803 2843 .

91 2869 214 2922 1730,
247 2869 309 2910 8⁰.
342 2882 409 2923 pp.
437 2870 529 2911 104.

225 2944 263 2984 2.
296 2943 345 2997 Ej
371 2977 378 2984 .
405 2975 414 2984 .
440 2977 448 2985 .
473 2945 598 2987 Liber
629 2946 796 2989 Tertius
825 2949 830 2999 Ι
858 2946 953 2989 Sive
981 2950 987 3000 Ι
1014 2949 1076 2991 De
1110 2948 1377 3003 Syllabarum
1406 2952 1673 2994 Dimensione
1697 2985 1704 2992 .
1729 2985 1737 2993 .
1764 2962 1808 2996 ut

87 3035 222 3072 supra
244 3050 252 3058 .
277 3050 286 3059 .
309 3032 377 3073 pp.
404 3021 469 3061 79.

228 3094 265 3135 3.
298 3093 354 3136 Μ.
387 3095 511 3137 Tullii
558 3096 768 3140 Ciceronis
815 3099 1103 3152 Epistolarum
1149 3101 1255 3143 liber
1284 3102 1370 3153 1113
1411 3102 1462 3145 de
1508 3103 1713 3158 amicitia,
1760 3112 1807 3149 ut

87 3184 252 3222 supra.
278 3201 286 3210 .
312 3200 320 3209 .
347 3171 469 3224 1731,
502 3171 566 3213 8⁰.
598 3185 666 3226 pp.
690 3173 784 3215 103.
