2164 3535
689 231 962 274 Heranbildung
989 230 1052 265 der
1077 230 1215 265 Lehrer
1244 233 1340 266 1622.
1788 233 1869 274 219

158 371 238 413 alio
271 374 400 424 atque
430 371 510 413 alio
543 371 667 413 modo
699 370 818 413 effert
849 370 1061 423 Virgilius.
1125 370 1173 411 In
1207 368 1421 411 Horatio
1461 381 1537 422 pro
1569 369 1776 411 varietate
1809 381 1874 410 ar-

159 449 476 498 gumentorum,
524 445 665 498 qualia
706 457 838 499 supra
884 444 1231 500 memoravimus,
1278 443 1568 486 observandae
1608 445 1709 485 sunt
1747 443 1873 485 etiam

158 519 265 561 aliae
296 523 425 573 atque
457 519 563 562 aliae
594 520 814 574 formulae,
847 522 894 560 ut
926 533 961 561 v.
996 531 1056 572 gr.
1090 520 1130 560 in
1164 521 1415 572 argumento
1449 531 1472 560 a
1504 518 1628 559 simili
1660 517 1874 559 interdum

158 595 294 648 ipsum
327 594 460 636 simile
491 594 732 648 praeponit,
772 593 984 635 interdum
1016 594 1252 648 postponit,
1291 596 1339 634 ut
1372 592 1566 646 >qualem
1599 592 1777 634 ministri
1826 616 1870 620 ——

160 671 203 710 et
232 668 458 710 indomitas
500 693 548 699 —
588 668 647 710 sic
679 668 871 721 taurif.;«
914 671 956 709 et
987 668 1046 710 sic
1078 668 1129 709 de
1161 668 1324 709 ceteris.
1379 692 1428 698 —-
1477 666 1644 710 Verba
1675 667 1715 708 in
1748 666 1878 708 Geor-

158 743 259 795 gicis
292 743 426 784 multa
456 745 556 784 sunt
588 755 698 795 rara,
731 742 784 784 ad
817 755 888 784 eas
921 754 1007 793 res,
1041 742 1092 783 de
1133 742 1285 794 quibus
1329 742 1418 794 agit
1449 741 1604 796 [Virg]
1646 753 1876 783 accommo-

159 817 282 872 data,
325 830 433 870 quae
475 817 740 860 observanda
780 822 880 859 sunt
922 817 975 859 ad
1013 816 1330 869 intelligendam
1370 828 1515 857 eorum
1557 816 1874 870 proprietatem.

159 892 266 934 Item
312 891 352 933 in
397 892 537 934 Fastis
579 892 762 946 plurima
803 895 903 934 sunt
943 891 996 933 ad
1039 891 1305 944 antiquitatis
1352 903 1551 932 romanae
1598 890 1877 943 cognitionem

159 966 375 1017 facientia„
418 979 527 1019 quae
564 967 606 1008 in
647 967 739 1009 aliis
782 966 1004 1008 autoribus
1047 965 1302 1019 explicandis
1343 965 1438 1006 usui
1480 969 1617 1007 erunt.
1679 964 1877 1007 Ceterum

161 1040 489 1091 observandum,
532 1041 743 1095 quomodo
785 1044 936 1095 poetae
978 1053 1045 1083 res
1086 1053 1161 1094 per
1203 1053 1247 1083 se
1286 1040 1464 1081 humiles
1505 1052 1587 1081 non
1630 1039 1751 1081 facile
1790 1039 1877 1081 suis

158 1115 338 1169 propriis
381 1115 519 1157 verbis
560 1116 601 1157 in
642 1116 706 1158 his
748 1115 918 1169 quidem
962 1115 1078 1157 libris
1121 1114 1316 1166 efferant,
1362 1114 1507 1167 itaque
1547 1113 1749 1167 Virgilius
1795 1126 1878 1155 non

157 1190 249 1232 vult
280 1190 417 1232 dicere
449 1203 614 1246 panem,
647 1190 720 1233 sed
752 1191 988 1232 laboratam
1022 1202 1226 1239 cererem3
1259 1201 1340 1231 non
1371 1189 1547 1244 calceos,
1580 1187 1654 1230 sed
1676 1188 1878 1241 tyrrhena

159 1264 313 1319 pedum
346 1265 533 1315 vincula;
577 1278 659 1307 non
696 1266 846 1319 jubere
878 1278 999 1320 nere,
1039 1265 1113 1307 sed
1144 1276 1337 1307 exercere
1369 1263 1549 1305 famulos
1591 1275 1740 1317 penso3
1783 1262 1879 1305 Ovi-

159 1339 253 1382 dius
284 1353 360 1393 pro
393 1340 570 1382 ciconia:
634 1340 840 1382 »candida
872 1341 984 1382 venit
1015 1340 1104 1381 avis
1136 1339 1271 1392 longis
1303 1338 1438 1380 invisa
1470 1338 1693 1380 colubris«.

294 1423 356 1464 De
394 1422 635 1476 epithetis
674 1423 777 1465 satis
818 1422 1013 1475 superius
1053 1421 1225 1463 dictum.
1286 1420 1376 1461 Hoc
1415 1419 1551 1461 solum
1584 1418 1757 1473 addam,
1795 1418 1880 1460 Ho-

160 1496 268 1539 ratio
311 1496 519 1539 familiare
560 1497 748 1551 epitheta
789 1509 882 1539 cum
922 1495 1126 1538 infinitivo
1169 1494 1429 1537 Graecorum
1468 1506 1584 1535 more
1625 1492 1791 1543 efferre,
1833 1494 1881 1534 ut

159 1571 237 1612 ode
273 1572 325 1613 10
366 1571 434 1613 lib.
472 1574 513 1613 1:
588 1571 825 1614 »Callidum
867 1570 1074 1625 quidquid
1116 1570 1275 1623 placuit
1310 1570 1454 1622 jocoso
1493 1568 1684 1610 Condere
1721 1567 1877 1609 furta«

160 1645 224 1687 Ad
263 1646 516 1690 suavitatem
558 1645 680 1701 facit,
722 1646 910 1700 epitheta
951 1657 1230 1699 personarum
1272 1643 1444 1697 propria
1484 1643 1542 1684 rei
1584 1642 1791 1693 tribuere,
1833 1644 1882 1682 ut

160 1732 254 1762 cum
298 1720 453 1762 dicitur
495 1720 676 1763 crudelis
718 1724 853 1767 teria
896 1721 1016 1774 cujus
1058 1720 1219 1761 incolae
1260 1718 1463 1760 crudeles.
1525 1717 1590 1759 Ad
1632 1716 1880 1769 dignitatem

160 1794 319 1838 faciunt
350 1795 537 1849 epitheta
568 1795 752 1837 illustria
783 1797 1002 1847 congesta,
1043 1799 1091 1836 ut
1122 1798 1187 1837 est
1216 1793 1321 1835 illud
1356 1794 1500 1844 »Quae
1533 1805 1659 1835 curae
1690 1792 1880 1842 Patrum,

159 1883 319 1924 quaeve
351 1870 576 1921 Quiritium
589 1871 622 1911 1«

295 1945 534 2000 Phrases,
567 1948 615 1986 ut
647 1947 744 1987 ante
777 1945 875 1997 dixi,
909 1945 1139 1998 separatim
1171 1947 1272 1985 sunt
1303 1943 1533 1997 ponendae.
1585 1942 1762 1984 Horatio
1795 1941 1881 1995 pla-

161 2023 256 2061 cent
294 2019 516 2072 graecismi
557 2032 640 2061 non
681 2023 839 2061 temere
880 2020 920 2060 in
963 2020 1043 2061 alio
1083 2031 1236 2072 genere
1277 2018 1474 2060 carminis
1516 2016 1764 2071 usurpandi.
1832 2016 1881 2058 In

165 2094 380 2147 Georgicis
413 2095 572 2136 multae
606 2098 705 2136 sunt
735 2094 932 2148 propriae
970 2107 1112 2136 rerum
1143 2094 1413 2136 rusticarum.
1477 2093 1674 2135 Ceterum
1707 2092 1882 2145 phrases

167 2169 414 2221 dignitatem
446 2169 615 2224 habent,
648 2181 756 2222 quae
789 2169 998 2222 explicant
1029 2168 1177 2210 laudes
1210 2168 1423 2223 egregias,
1464 2167 1610 2220 quales
1643 2170 1743 2210 sunt
1774 2179 1882 2219 quae

161 2244 405 2286 describunt
436 2256 502 2286 res
536 2244 718 2299 divinas,
757 2243 1144 2295 immortalitatem,
1186 2242 1482 2284 aeternitatem
1522 2245 1599 2284 cet.
1662 2241 1882 2295 Ejusmodi

162 2319 387 2373 phrasibus
420 2331 522 2361 usus
556 2322 620 2361 est
650 2319 877 2369 Horatius„
918 2331 1011 2360 cum
1054 2318 1104 2360 de
1136 2330 1180 2360 se
1222 2318 1283 2359 ita
1320 2316 1541 2359 scriberet:
1606 2316 1763 2369 »Exegi
1796 2328 1882 2358 mo-

161 2397 410 2435 numentum
459 2407 556 2436 aere
602 2394 869 2447 perennius«
940 2392 1048 2445 (Ode
1085 2393 1139 2433 30
1187 2392 1256 2433 lib.
1296 2393 1353 2438 3.)
1417 2390 1680 2432 Suavitatem
1725 2391 1883 2432 habent

163 2481 305 2510 omnes
338 2468 533 2521 phrases,
573 2481 681 2521 quae
714 2471 877 2521 ponunt
910 2468 961 2509 ob
994 2468 1136 2510 oculos
1168 2481 1235 2510 res
1274 2468 1429 2520 alioqui
1462 2465 1656 2509 sensibus
1687 2465 1790 2518 ipsis
1816 2465 1883 2517 ju-

162 2543 342 2599 cundas,
381 2544 429 2584 ut
459 2543 558 2585 fecit
587 2543 688 2584 Hor.
731 2542 809 2584 ode
838 2546 861 2581 ε)
895 2542 1078 2596 epodon,
1117 2541 1284 2594 quando
1316 2545 1533 2594 repostum
1567 2539 1797 2581 Caecubum
1830 2539 1881 2581 ad

163 2619 292 2660 festas
332 2617 479 2671 dapes3
524 2617 623 2659 item
667 2629 776 2670 quae
817 2616 972 2659 factum
1013 2616 1182 2670 aliquod
1220 2616 1400 2658 maxime
1440 2615 1679 2657 fabulosum
1718 2627 1883 2668 reprae-

164 2695 345 2743 sentant,
378 2696 427 2734 ut
449 2705 543 2734 cum
568 2693 768 2746 explicuit
798 2692 985 2734 fabulam
1011 2692 1207 2745 Europae
1239 2691 1309 2734 lib.
1335 2692 1358 2732 3
1392 2690 1471 2733 ode
1496 2692 1563 2741 27,
1595 2692 1767 2743 praeter
1798 2702 1882 2743 eas,

165 2767 216 2808 de
248 2766 401 2820 quibus
434 2779 565 2819 supra
597 2767 755 2809 dictum
787 2772 862 2809 est.

302 2841 620 2895 Compositio
664 2855 745 2884 non
785 2843 921 2883 minus
963 2840 1228 2883 observanda
1270 2843 1334 2883 est
1374 2840 1414 2881 in
1459 2839 1643 2881 carmine
1675 2851 1803 2892 quam
1842 2839 1883 2880 in

164 2927 311 2968 prosa;
352 2928 399 2957 ac
442 2915 493 2957 de
531 2917 896 2968 coagmentatione
937 2915 1107 2968 quidem
1149 2915 1317 2958 videtur
1357 2915 1467 2957 idem
1509 2914 1730 2956 dicendum
1771 2913 1884 2966 quod

164 2989 215 3031 de
245 3001 384 3042 prosa.
435 2989 843 3033 Concinnitatem
876 2994 1045 3044 praeter
1075 2990 1232 3043 figuras
1263 2992 1530 3032 enumeratas
1553 2988 1726 3042 pariunt
1756 2989 1883 3030 etiam

165 3064 461 3117 repetitiones,
510 3068 557 3107 ut
605 3068 673 3107 »te
713 3064 893 3107 fontium
936 3066 1006 3118 qui
1046 3065 1155 3107 celat
1200 3065 1380 3118 origines
1420 3063 1627 3116 Nilusque
1671 3066 1714 3105 et
1754 3063 1882 3113 Ister3

165 3138 222 3180 Te
264 3150 349 3191 rep.
396 3163 439 3167 -—
490 3141 532 3180 te
574 3139 842 3190 bellicosus;‹
894 3140 994 3181 item
1035 3152 1128 3182 cum
1169 3139 1358 3182 membra
1398 3138 1644 3193 posterioris
1687 3138 1883 3181 carminis
