2164 3535
694 263 902 308 Gymnasial
910 284 922 289 -
932 263 1143 308 Padagogik
1173 266 1270 299 1736.
1760 266 1840 307 173

125 405 233 447 enim
267 405 444 458 prodest
476 404 583 445 male
617 406 879 445 moratorum
917 401 1058 445 fovere
1089 402 1433 445 multitudinem?
1496 403 1705 456 Equidem
1746 415 1842 456 pro-

126 480 265 521 videre
298 483 485 532 oportet,
522 492 572 520 ne
606 479 803 531 cuiquam
837 477 1144 530 transfugiendi
1184 490 1354 520 causam
1387 477 1647 531 probabilem
1681 477 1841 527 demus,

128 555 201 596 sed
235 555 415 596 retinere
447 554 587 607 potius
621 556 794 594 cunctos
827 553 1045 605 quibusvis
1078 552 1223 595 officiis
1266 553 1465 594 nitamur.
1529 552 1754 594 Caeterum
1796 557 1844 594 ut

126 629 407 671 multitudinis
440 628 669 680 cupiditate
698 627 869 668 adducti
892 627 955 668 vel
978 627 1125 677 latum,
1158 628 1272 680 quod
1295 629 1428 681 ajunt,
1461 640 1644 681 unguem
1677 639 1701 668 a
1730 630 1843 669 recto

127 705 295 746 tramite
328 703 625 753 deflectamus,
667 714 853 744 errorem
893 701 1094 743 debemus
1132 704 1362 745 maximum
1400 703 1635 745 aestimare.
1700 703 1842 755 Longe

125 780 311 833 profecto
344 782 550 833 praestat,
583 777 804 831 pauciores
836 781 950 818 recte
981 777 1226 830 instituere,
1259 790 1387 830 quam
1419 778 1483 819 vel
1514 778 1718 832 plurimos
1751 791 1844 831 per-

125 866 280 908 peram.
345 852 473 896 Secus
506 853 633 895 etiam
666 853 857 903 omnino,
901 865 949 894 ac
981 852 1120 893 timeri
1159 864 1283 904 posse
1315 852 1559 903 videbatur,
1601 853 1709 896 solet
1740 853 1845 895 acci-

125 929 233 972 dere.
296 929 545 970 Authoritas
578 928 687 970 enim
721 927 969 969 Scholarum
1003 926 1176 969 Scholas
1208 926 1462 980 frequentat.
1526 927 1841 970 Authoritatem

125 1018 272 1047 rursus
294 1004 508 1058 profectus
532 1003 739 1057 conciliat,
773 1016 897 1055 quem
919 1002 1068 1044 literae
1091 1002 1355 1044 studentium
1379 1002 1607 1043 ostendant
1628 1007 1670 1044 et
1691 1016 1842 1046 mores.

123 1081 342 1122 Profectus
374 1093 498 1133 porro
532 1079 751 1133 disciplina
779 1079 958 1120 maxime
988 1078 1229 1119 continetur
1261 1089 1309 1118 ac
1340 1077 1503 1118 nititur.
1555 1077 1680 1118 Salva
1711 1078 1844 1130 igitur

122 1156 193 1197 illa
224 1155 409 1197 servabit
439 1154 558 1196 facile
591 1154 748 1202 omniaq
793 1153 1048 1195 labefactata
1082 1165 1180 1194 vero
1224 1152 1360 1193 labem
1393 1152 1540 1193 afferet
1578 1156 1619 1193 et
1651 1153 1840 1194 caeteris.

124 1231 190 1272 Ita
210 1232 297 1272 fere
320 1230 548 1272 Sacchinus
571 1234 611 1271 in
630 1230 806 1271 Paraen.
833 1241 918 1282 capv
946 1228 1037 1279 ult.7
1070 1227 1140 1268 ubi
1163 1227 1323 1280 prolixe
1345 1227 1449 1269 satis
1473 1227 1523 1268 de
1547 1227 1610 1269 his
1633 1227 1837 1280 disputat.

485 1497 529 1538 9.
581 1495 870 1539 Verkehr
918 1495 1034 1536 mit
1080 1494 1196 1537 (len
1243 1493 1493 1537 Eltern.

803 1574 953 1618 (Kropf
974 1584 1014 1618 p.
1033 1573 1102 1608 275
1113 1573 1165 1618 s.)

263 1686 423 1728 Deinde
455 1699 549 1727 cum
581 1686 827 1739 parentibus
861 1685 942 1730 (vel
976 1697 1070 1726 cum
1103 1684 1210 1738 aliis,
1242 1697 1424 1738 qnorum
1456 1684 1496 1725 in
1521 1688 1732 1738 potestate
1765 1685 1846 1728 dis-

127 1761 253 1814 cipuli
287 1762 386 1812 sint)
419 1773 587 1802 necesse
621 1761 702 1802 erit
734 1772 859 1813 agere
901 1759 1136 1807 interdum,
1178 1763 1268 1800 tum
1310 1763 1357 1800 ut
1397 1759 1530 1811 magis
1573 1764 1848 1803 coerceantur

126 1836 264 1889 pueri,
312 1840 400 1877 tum
444 1838 491 1877 ut
528 1837 587 1877 illi
627 1836 731 1877 fiant
773 1837 824 1879 de
866 1837 1094 1878 liberorum
1141 1836 1332 1889 profectu
1380 1840 1582 1889 statuque
1630 1837 1844 1878 certiores.

127 1911 284 1953 Incutit
315 1912 423 1953 enim
457 1924 538 1952 non
570 1912 701 1953 levem
737 1912 862 1953 etiam
902 1911 1199 1964 grandioribus
1239 1914 1379 1953 aetate
1418 1911 1633 1965 discipulis
1673 1914 1846 1967 metum,

127 1986 294 2028 sinihil
327 1998 491 2037 eorum,
530 2000 639 2039 quae
673 1987 870 2037 actitant,
913 1987 1019 2028 clam
1061 1999 1152 2028 esse
1184 1986 1430 2039 parentibus
1473 1987 1560 2028 suis
1592 1986 1845 2039 intelligant.

127 2062 328 2104 Parentes
361 2064 501 2103 autem
535 2062 752 2104 consulere
785 2062 926 2103 liberis
959 2062 1045 2103 suis
1078 2062 1201 2114 longe
1228 2061 1376 2103 melius
1410 2065 1453 2103 et
1473 2062 1628 2103 futuris
1651 2074 1847 2115 praever-

127 2139 217 2179 tere
259 2138 378 2179 malis
425 2142 622 2191 possunt,
671 2138 726 2188 si,
772 2137 1128 2190 quemadmodum
1168 2137 1195 2178 ii
1236 2151 1280 2179 se
1320 2137 1509 2179 literaria
1548 2138 1588 2178 in
1631 2138 1845 2191 palaestra

127 2216 327 2264 tractent,
361 2213 609 2266 tempestive
641 2213 885 2253 doceantur.
939 2212 1201 2255 Admonendi
1232 2213 1406 2266 proinde
1439 2216 1539 2255 sunt
1569 2213 1611 2254 in
1642 2215 1845 2266 tempore,

128 2301 201 2329 seu
235 2301 375 2329 coram
408 2301 482 2329 seu
514 2288 623 2330 datis
656 2288 803 2338 literis„
837 2288 870 2329 si
894 2300 999 2341 quos
1032 2301 1261 2340 puerorum
1294 2292 1497 2341 appareat
1522 2289 1708 2341 segniter
1733 2289 1844 2330 domi

130 2363 318 2414 studere;
365 2364 399 2405 si
432 2363 603 2416 quando
636 2363 776 2405 absint
808 2376 830 2404 a
862 2362 1025 2405 schola:
1066 2363 1099 2405 si
1131 2363 1268 2404 minus
1302 2363 1444 2416 probis
1482 2363 1752 2417 implicentur
1782 2376 1847 2406 so-

131 2437 399 2483 dalitatibus:
444 2439 478 2480 si
517 2439 704 2480 tardiore
744 2439 829 2479 sint
870 2438 1036 2490 ingenio
1069 2442 1111 2479 et
1150 2438 1386 2491 hebetiore,
1428 2452 1555 2491 quam
1597 2442 1644 2481 ut
1685 2439 1848 2493 sperari

130 2512 342 2566 profectus
375 2517 525 2566 queat:
557 2513 683 2566 idque
716 2526 763 2554 eo
796 2513 1007 2554 maturius
1041 2513 1260 2555 conveniet
1291 2513 1492 2565 indicari,
1525 2526 1608 2566 quo
1642 2516 1847 2569 cujusque

132 2589 212 2630 erit
244 2590 424 2631 conditio
459 2590 645 2631 tenuior:
679 2603 730 2631 ne
756 2591 917 2642 justam
950 2592 1099 2642 postea
1127 2590 1395 2641 querelarum
1430 2602 1599 2631 causam
1622 2591 1847 2644 propinqui

130 2664 332 2715 habeant,
368 2678 496 2718 seque
530 2665 641 2706 inani
674 2677 747 2718 spe
781 2665 939 2706 diutius
974 2666 1132 2705 tractos
1165 2677 1189 2705 a
1220 2664 1340 2706 nobis
1374 2665 1434 2706 vel
1469 2665 1597 2707 etiam
1628 2664 1847 2708 fraudatos

130 2739 327 2792 impensis
360 2739 540 2781 doleant.
609 2739 773 2793 (Sacch.
819 2739 859 2780 in
898 2739 1073 2780 Paraen.
1119 2751 1151 2779 c.
1184 2741 1233 2780 ⁶21
1270 2752 1307 2780 n.
1344 2742 1367 2780 2
1400 2744 1442 2781 et
1474 2741 1562 2781 Iuv.
1597 2752 1628 2781 c.
1663 2741 1687 2782 3
1721 2754 1756 2782 a,
1792 2743 1846 2793 1.)

131 2814 454 2867 Proponendum
496 2819 636 2856 autem
676 2815 843 2856 Rectori
885 2814 987 2861 erit,
1031 2826 1083 2854 an
1122 2814 1148 2854 ii
1190 2827 1265 2867 per
1303 2815 1569 2856 Praefectum
1610 2816 1675 2857 vel
1719 2816 1847 2858 alium

132 2889 372 2930 accersendi
405 2891 501 2941 sint,
534 2890 597 2931 vel
630 2890 771 2940 etiam,
803 2890 837 2931 si
869 2901 1075 2942 personae
1107 2888 1289 2942 dignitas
1322 2890 1529 2942 postulet,
1561 2891 1845 2933 conveniendi.

133 2965 250 3018 (Reg.
275 2966 328 3006 46
361 2964 494 3011 Com.)
