2164 3535
246 217 329 257 290
452 214 604 258 Beding.
618 214 640 249 f.
656 214 688 249 d.
704 214 909 248 Aufnahme
927 213 1058 257 adelig.
1071 213 1171 257 Zogl.
1186 213 1242 248 ins
1257 214 1350 250 Sem.
1364 225 1409 249 zu
1423 214 1551 250 Fulda.
1579 216 1647 251 Um
1664 219 1762 252 1620.

245 354 482 408 Seminarij,
516 354 624 396 vnde
657 354 872 407 impensae
902 352 994 395 fieri
1025 353 1210 408 possint,
1242 354 1400 407 partim
1431 354 1474 396 in
1505 354 1972 411 medicos,·pharmaca

246 434 288 472 et
320 429 586 485 infirmarios,
620 430 654 471 si
687 429 952 482 contingeret
983 441 1054 470 eos
1086 429 1259 482 gravius
1291 432 1334 471 et
1366 429 1525 472 diutius
1548 432 1784 486 aegrotare,
1816 431 1972 484 partim

243 507 284 547 in
317 506 517 547 viaticum
550 509 593 546 et
624 504 863 547 necessaria
894 504 948 546 ad
980 504 1074 555 iter,
1106 504 1276 557 quando
1312 504 1502 547 abibunt.
1548 505 1690 558 Atque
1722 517 1772 547 ea
1794 506 1971 558 pecunia

244 580 498 622 abeuntibus
530 580 697 632 integra
729 578 946 634 reddetur,
979 578 1015 620 si
1046 578 1150 620 nihil
1181 579 1311 621 fuerit
1342 580 1594 632 impensum.

382 657 419 698 8.
469 654 643 696 Solvent
673 654 773 696 item
805 654 847 695 in
880 654 1014 707 primo
1046 654 1240 707 ingressu
1273 658 1315 696 et
1353 657 1503 707 postea
1535 654 1762 707 quotannis
1793 666 1864 696 sex
1896 654 1971 697 im-

241 731 420 784 periales
460 729 565 770 duos
608 729 771 771 batzios
813 741 890 782 pro
934 729 1226 771 communibus
1270 729 1642 784 extraordinarijS,
1682 729 1803 772 videl.
1848 730 1971 786 lecto,

241 806 378 860 lignis,
410 806 579 860 lotione,
613 804 811 855 candelis,
844 806 1011 845 sartore
1042 806 1085 846 et
1117 804 1272 846 salario
1305 803 1489 846 doctoris
1523 804 1687 846 medici.

381 883 418 922 9.
467 881 638 922 Nullam
670 879 888 922 habebunt
926 878 1239 932 obligationem.
1303 879 1620 921 Habitationem
1661 879 1886 933 cibumque
1925 891 1974 921 ac

239 960 388 1010 potum
420 955 657 1010 praestabit
689 954 889 997 Summus
921 954 1126 996 Pontifex.
1191 954 1425 1010 Vestitum,
1465 954 1642 1011 lodices,
1686 954 1849 1010 cistam,
1881 954 1972 1007 plu-

239 1035 369 1083 teum,
402 1031 531 1073 libros
565 1034 607 1072 et
638 1030 803 1083 reliqua
832 1034 1031 1083 parentes
1063 1029 1288 1072 curabunt.

382 1108 445 1148 10.
490 1106 737 1148 Vestientur
769 1108 913 1147 autem
947 1118 970 1146 a
1002 1104 1251 1158 parentibus
1291 1103 1488 1157 honeste,
1530 1106 1579 1145 ut
1612 1104 1774 1147 nobiles
1806 1107 1849 1147 et
1880 1105 1972 1147 lite-

240 1194 384 1223 rarum
426 1181 640 1223 studiosos
683 1181 825 1231 decet,
873 1192 955 1222 non
999 1192 1105 1221 vane
1148 1183 1223 1221 aut
1264 1179 1447 1221 sordide.
1517 1179 1681 1222 Pileum
1718 1179 1888 1232 nigrum
1929 1182 1973 1222 et

240 1258 408 1310 nigrum
442 1256 615 1309 longum
647 1256 824 1309 pallium
856 1255 992 1297 ferent
1024 1267 1181 1296 omnes.
1235 1254 1322 1296 Nec
1353 1257 1517 1308 ponant
1546 1256 1746 1308 parentes
1779 1266 1896 1308 spem
1929 1255 1970 1297 in

239 1332 488 1387 Seminario,
522 1331 645 1384 quasi
678 1331 731 1373 ab
763 1330 833 1372 illo
867 1329 1072 1372 vestiendi
1104 1329 1201 1371 sint.
1257 1328 1539 1371 Seminarium
1562 1329 1673 1371 enim
1695 1329 1803 1372 hanc
1825 1342 1970 1372 curam

238 1420 314 1450 nec
346 1407 556 1460 spondere
588 1418 664 1448 nec
696 1406 912 1459 suscipere
943 1407 1097 1460 potest,
1128 1404 1207 1446 nisi
1240 1404 1464 1457 pecuniam
1497 1417 1521 1446 a
1548 1405 1796 1458 parentibus
1819 1417 1971 1459 suppe-

237 1483 415 1524 ditatam
447 1482 488 1523 in
521 1485 723 1535 promptu
755 1480 922 1522 habeat.

378 1560 441 1599 11.
493 1557 537 1598 Si
570 1557 700 1610 igitur
732 1555 873 1609 quoad
905 1555 1108 1598 vestitum
1145 1554 1206 1595 ita
1238 1553 1492 1596 deserentur
1522 1566 1548 1596 a
1577 1554 1684 1605 51115,
1724 1558 1773 1596 111
1810 1554 1970 1597 sordidi

236 1635 278 1674 et
309 1632 479 1683 laceril)
512 1632 622 1674 inter
655 1631 945 1673 adolescentes
985 1630 1088 1672 alios
1128 1632 1421 1684 compareant,
1464 1642 1540 1671 nec
1580 1629 1729 1671 moniti
1771 1632 1969 1683 parentes

236 1707 348 1748 intra
380 1710 542 1749 certum
575 1711 743 1759 tempus
777 1705 1041 1760 provideant,
1075 1704 1212 1746 sciant
1242 1704 1322 1746 hac
1354 1705 1483 1746 etiam
1516 1718 1563 1747 ex
1596 1717 1725 1747 causa
1746 1705 1968 1747 alumnatu

236 1781 519 1823 excludendos
553 1781 811 1833 domumque
844 1779 1133 1822 remittendos.

378 1859 441 1898 12.
486 1857 578 1898 Non
612 1856 668 1898 sit
689 1868 817 1909 penes
840 1858 1039 1909 parentes
1063 1867 1240 1897 avocare
1270 1867 1370 1897 51105
1395 1868 1471 1909 pro
1496 1855 1673 1898 arbitrio
1696 1856 1735 1897 in
1760 1855 1966 1909 patriam:

236 1944 330 1973 611111
363 1931 503 1984 gravis
536 1931 680 1984 aliqua
714 1931 883 1983 urgebit
913 1930 1157 1984 necessitas,
1190 1942 1281 1972 eam
1315 1930 1469 1973 litteris
1493 1933 1704 1984 exponent
1731 1933 1774 1972 et
1796 1943 1967 1984 respon-

234 2019 349 2059 sum,
391 2007 426 2048 si
457 2006 546 2048 fieri
590 2008 750 2060 potest,
793 2005 1112 2058 exspectabunt.
1176 2004 1255 2055 Qui
1298 2009 1442 2047 autem
1485 2005 1526 2047 in
1567 2006 1750 2059 patriam
1790 2006 1968 2058 profecti

234 2080 456 2134 praefinito
480 2085 672 2134 tempore
695 2081 785 2122 sine
808 2081 922 2122 iusta
943 2092 1073 2122 causa
1094 2092 1176 2122 non
1203 2080 1419 2135 redierint,
1444 2080 1645 2123 beneficio
1670 2080 1967 2134 privabuntur.

376 2158 438 2198 13.
488 2157 680 2209 Denique
713 2168 837 2198 casus
871 2155 1208 2198 irrevocabiliter
1245 2156 1417 2211 statuti,
1457 2156 1509 2198 ob
1543 2169 1649 2210 quas
1682 2155 1967 2199 excluduntur

236 2245 258 2273 e
297 2231 531 2273 Seminario
564 2231 836 2287 innnorigeri,
870 2234 971 2273 sunt
1002 2230 1042 2272 hi
1077 2230 1285 2284 quinque:

442 2306 660 2362 Primus,
693 2306 728 2348 si
762 2318 807 2347 se
839 2310 988 2348 mutuo
1021 2305 1258 2348 verberent.

439 2380 728 2435 Secundus,
760 2380 794 2422 si
827 2393 872 2423 se
904 2380 1016 2422 domi
1049 2385 1124 2423 aut
1154 2381 1255 2424 foris
1288 2393 1383 2424 611111
1415 2380 1615 2425 scandalo
1648 2381 1868 2424 inebrient.

443 2456 675 2511 Tertius,
708 2456 743 2498 si
776 2456 935 2498 cultros
967 2459 1043 2498 aut
1074 2456 1157 2498 alia
1188 2469 1307 2498 arma
1337 2456 1379 2497 in
1411 2469 1456 2498 se
1487 2460 1636 2499 mutuo
1668 2460 1743 2498 aut
1774 2456 1814 2498 in
1846 2469 1967 2510 prae-

560 2532 704 2587 fectos,
737 2536 1049 2585 praeceptores,
1081 2532 1314 2584 Regentem
1345 2531 1570 2584 stringant.

445 2607 690 2661 Quartus,
734 2606 769 2648 si
802 2619 877 2659 per
916 2606 1198 2648 internuntios
1241 2609 1317 2647 aut
1356 2606 1556 2659 epistolas
1597 2619 1691 2648 cum
1733 2606 1964 2663 inhonestis

559 2681 750 2734 personis
784 2684 914 2733 agant
944 2684 1020 2722 aut
1052 2681 1176 2734 vulgo
1209 2680 1449 2722 infamibus.

442 2756 680 2812 Quintus,
726 2757 760 2799 si
794 2760 921 2799 noctu
952 2769 1029 2810 per
1059 2756 1268 2798 fenestras
1302 2758 1377 2796 aut
1408 2767 1539 2809 supra
1581 2768 1725 2798 muros
1767 2755 1963 2811 evadant,

557 2834 757 2884 suspecta
787 2832 879 2874 loca
911 2834 953 2873 et
985 2830 1316 2884 compotationes
1350 2829 1516 2872 adeant.

374 2948 400 2989 1)
427 2946 510 2980 Cod.
538 2956 570 2979 11.
599 2945 754 2989 sordide,
782 2945 904 2980 laceri.
