2164 3535
519 262 704 297 Deutsche
730 260 1088 304 Reformvorschlage
1113 260 1171 295 fiir
1196 260 1254 294 die
1279 259 1322 294 R.
1350 262 1392 294 st.
1422 261 1520 295 1829.
1794 261 1877 302 403

162 403 256 445 aliis
297 402 461 444 duobus
504 401 880 453 examinatoribus,
933 413 1113 454 quorum
1152 413 1262 443 unus
1303 401 1396 442 erat
1436 398 1632 452 proprius
1675 398 1880 451 cujusque

162 477 331 520 scholae
377 476 614 530 professor,
666 476 760 518 illos
807 476 1087 518 examinatur-i
1138 474 1450 529 exspectabant.
1523 472 1766 515 Praefectus
1814 471 1881 512 hic

163 552 352 605 singulos
402 551 718 605 alloquebatur,
763 551 888 604 juxta
928 553 1049 592 notas
1096 549 1174 592 sibi
1212 547 1437 598 exhibitas3
1488 560 1618 589 unum
1665 545 1879 588 laudando

164 639 304 669 coram
337 625 654 679 condiscipulis,
688 625 871 666 alterum
901 625 1176 677 increpando,
1219 623 1428 666 hortando
1463 622 1769 675 excitandoque
1800 624 1883 662 ter-

164 702 289 756 tium,
332 703 460 753 prout
491 700 672 753 quisque
700 700 824 753 juxta
855 703 977 741 notas
1008 700 1185 742 meritus
1216 699 1374 750 fuerat:v
1418 710 1722 751 nonnunquam
1753 697 1881 739 etiam

162 777 517 828 interrogationes
556 774 910 829 instituebantur,
952 775 1002 816 iis
1033 775 1311 829 praesertim,
1353 774 1425 827 qui
1457 787 1559 816 suae
1589 772 1883 827 incapacitatis

162 863 245 892 non
277 850 380 892 satis
413 849 667 891 videbantur
698 850 872 900 conscii;
905 849 1131 902 aliquando
1165 849 1305 902 etiam,
1338 852 1386 889 ut
1419 849 1631 902 capacitas
1660 847 1794 900 magis
1817 860 1884 890 ex-

163 926 415 978 ploraretur.
482 925 641 975 Quibus
680 923 808 966 finitis
850 925 1011 978 primus
1044 924 1290 966 Praefectus
1330 924 1369 965 in
1403 924 1555 965 ultima
1586 923 1782 965 columna
1813 922 1884 964 ad-

164 1000 376 1042 scribebat
416 1013 541 1042 suum
579 1000 802 1056 judicium,
845 1001 968 1042 unica
1006 1000 1149 1042 littera
1178 999 1329 1041 initiali
1361 1000 1615 1041 sententiam
1647 999 1883 1052 exprimens

165 1075 429 1125 ascendat,
462 1074 540 1116 hoc
573 1078 638 1116 est
668 1075 711 1116 in
743 1075 1005 1128 superiorem
1036 1075 1234 1127 classem,
1266 1077 1468 1117 maneat
1498 1074 1540 1116 in
1573 1074 1739 1129 eadem,
1771 1073 1883 1115 vide-

164 1150 262 1192 licet
311 1150 467 1203 classe,
520 1151 583 1191 vel
631 1150 950 1205 dimittatur,
998 1150 1157 1192 scilicet
1203 1163 1225 1192 e
1272 1149 1514 1203 Gymnasio.
1593 1148 1754 1191 Deinde
1799 1148 1883 1189 duo

165 1226 492 1271 examinatores,
533 1225 735 1278 praefecti
777 1237 1034 1279 assessores,
1070 1224 1279 1278 judicium
1319 1238 1463 1280 suum,
1502 1228 1631 1278 prout
1662 1224 1744 1266 sibi
1773 1223 1886 1265 vide-

166 1301 306 1353 batur,
340 1300 613 1342 adnotabant.
673 1300 1042 1342 Consentientibus
1075 1300 1256 1342 duorum
1282 1300 1452 1354 judiciis
1474 1313 1542 1342 res
1566 1298 1884 1349 conficiebatur;

165 1376 200 1417 si
239 1388 338 1425 vero
377 1376 539 1417 nullum
579 1376 702 1417 alteri
740 1378 832 1417 erat
871 1376 1160 1428 consentiens,
1204 1376 1266 1417 uti
1306 1376 1488 1418 habetur
1529 1378 1682 1429 quarto
1714 1375 1806 1416 loco
1838 1374 1878 1415 in

165 1451 358 1504 apposito
390 1451 630 1504 specimine,
662 1455 763 1492 tunc
794 1450 997 1505 praefecti
1029 1455 1135 1505 erat,
1167 1451 1322 1493 auditis
1352 1452 1687 1493 examinatorum
1709 1450 1883 1492 rationi-

166 1526 264 1581 bus,
306 1525 556 1568 decisionem
598 1526 716 1576 dare3
763 1539 839 1580 pro
882 1538 982 1568 casu
1025 1539 1122 1568 vero
1173 1526 1426 1569 dimissionis
1469 1526 1750 1569 consulendus
1791 1527 1885 1567 erat

167 1600 340 1654 Collegii
372 1604 523 1652 rect-or,
556 1604 685 1654 prout
715 1601 897 1643 habetur
926 1601 968 1642 in
1001 1602 1207 1644 instituto.

303 1676 434 1718 Porro
466 1676 526 1717 illi
559 1677 739 1729 catalogi
771 1677 895 1719 simul
928 1678 1113 1731 colligati
1146 1678 1430 1720 servabantur
1461 1678 1574 1731 apud
1602 1677 1885 1720 Praefectum.

374 1944 495 1998 §20
557 1943 967 1986 Annotationes
1009 1943 1325 1998 promiscue
1370 1947 1678 1998 congestae.

309 2061 344 2101 1.
396 2059 445 2101 In
489 2058 641 2101 scholis
688 2059 958 2102 inferioribus
999 2060 1123 2102 hodie
1168 2060 1394 2114 praecipue
1435 2060 1543 2102 ratio
1588 2059 1784 2102 habenda
1825 2061 1890 2102 est

168 2133 337 2186 linguae
359 2134 622 2176 vernaculae.
673 2135 784 2177 Usus
808 2137 873 2177 est
902 2136 942 2177 in
965 2136 1157 2189 pluribus
1179 2136 1434 2192 regionibus,
1466 2138 1514 2178 ut
1534 2135 1698 2190 patriae
1720 2135 1890 2188 linguae

169 2210 445 2262 grammatica
486 2210 538 2251 ab
579 2211 697 2252 initio
730 2211 784 2252 ad
821 2211 946 2253 finem
987 2212 1028 2253 in
1068 2212 1245 2265 singulis
1289 2212 1591 2264 grammaticae
1631 2211 1784 2254 scholis
1823 2224 1890 2253 ex-

168 2284 359 2338 plicetur.
422 2286 582 2328 Deinde
624 2286 841 2340 discipulis
884 2287 1146 2340 explicantur
1185 2291 1228 2329 et
1263 2287 1490 2329 memoriae
1529 2286 1771 2328 mandanda
1801 2290 1886 2328 tra-

169 2359 329 2401 duntur
360 2360 516 2402 selecta
548 2361 674 2402 soluti
709 2374 756 2404 ac
787 2362 905 2414 ligati
938 2363 1143 2404 sermonis
1176 2362 1443 2415 exemplaria.

308 2437 344 2477 2.
394 2436 453 2478 Ut
492 2436 755 2478 necessarius
787 2437 842 2478 sit
882 2450 959 2490 pro
999 2437 1151 2479 scholis
1193 2437 1482 2490 superioribus
1522 2437 1692 2490 linguae
1732 2437 1889 2479 latinae

169 2523 295 2565 usus,
346 2511 466 2564 isque
513 2512 692 2553 maxime
738 2511 1078 2567 commendetur,
1129 2516 1272 2553 tamen
1317 2512 1358 2553 in
1404 2511 1674 2554 inferioribus
1722 2512 1890 2568 scholis,

169 2585 342 2627 minime
374 2585 487 2628 hisce
519 2586 796 2641 temporibus,
828 2587 983 2639 negligi
1016 2590 1157 2640 potest
1188 2599 1354 2629 summa
1384 2587 1511 2640 patrii
1541 2588 1746 2630 sermonis
1777 2589 1892 2642 puri-

170 2663 251 2713 tas,
284 2660 604 2714 cnrandumque
637 2666 721 2713 est,
762 2664 811 2703 ut
842 2662 1035 2715 discipuli
1067 2662 1220 2704 bonam
1253 2675 1300 2704 ac
1332 2663 1559 2715 genuinam
1588 2663 1892 2717 pronuncia-

170 2735 356 2777 tionem
398 2738 440 2777 et
480 2749 678 2789 magnam
720 2738 761 2779 in
802 2738 907 2780 bene
947 2738 1155 2791 loquendo
1198 2738 1442 2780 facilitatem
1485 2739 1720 2791 acquirant.
1783 2739 1891 2780 Hinc

173 2806 434 2852 efficiendum
474 2811 658 2867 videtur,
706 2816 756 2853 ut
796 2813 990 2867 discipuli
1032 2825 1057 2854 a
1098 2825 1296 2866 suprema
1343 2814 1621 2867 grammatica
1659 2813 1721 2855 ita
1762 2813 1893 2855 latine

172 2881 288 2934 loqui
309 2883 522 2941 incipiant,
553 2889 602 2928 ut
622 2900 939 2941 nonnumquam
963 2889 1214 2931 vernaculae
1235 2889 1404 2942 linguae
1426 2889 1659 2942 praebeant
1680 2889 1890 2942 specimen

172 2961 396 3009 praesente
426 2962 677 3013 professore,
711 2964 783 3016 qui
815 2977 979 3005 errores
1011 2964 1051 3005 in
1085 2964 1294 3017 loquendo
1327 2965 1524 3018 corrigat.

310 3034 347 3075 3.
396 3034 649 3089 Temporum
691 3039 798 3080 ratio
839 3038 1050 3093 postulat,
1091 3041 1140 3080 ut
1177 3039 1303 3081 etiam
1344 3039 1385 3080 in
1427 3039 1579 3081 scholis
1621 3037 1890 3080 inferioribus

174 3106 331 3160 aliquid
365 3120 413 3149 ex
453 3108 650 3166 historia,
693 3112 951 3166 geographia
983 3116 1026 3154 et
1067 3114 1317 3166 praesertim
1349 3127 1397 3156 ex
1438 3113 1704 3156 arithmetica
1734 3113 1795 3155 ita
1826 3126 1890 3155 ex-

173 3181 373 3234 plicetur,
405 3186 474 3239 ut,
515 3185 551 3226 si
580 3185 689 3228 forte
721 3188 961 3229 studiorum
993 3200 1163 3230 cursum
1196 3188 1448 3243 abrumpere
1480 3191 1688 3243 cogantur
1719 3188 1891 3243 tirones,

1616 3257 1684 3291 26*
