2164 3535
212 196 294 238 32ss
671 194 933 230 Bischofliches
960 195 1134 231 Alumnat
1159 195 1195 230 in
1222 196 1363 231 Olmiitz
1394 199 1490 233 1639.

348 523 463 578 Das
510 524 889 578 bischofliche
937 524 1217 579 Alumnat
1261 525 1320 578 in
1365 524 1597 579 Olmiitz
1652 526 1817 580 1639.

444 624 595 669 (Wient
631 624 729 661 Geh.
756 624 1044 671 StaatsarcMr,
1070 624 1310 662 Geistliches
1336 624 1483 660 Archiv
1509 624 1579 660 No.
1598 624 1712 670 460.)

352 728 541 781 Regulae
592 742 640 771 ac
692 729 965 772 Conditiones
1019 742 1113 772 cum
1167 730 1322 784 quibus
1368 729 1627 772 Alumnatus
1680 730 1945 784 Episcopalis

217 803 507 846 Olomucensis
550 816 575 846 a
613 803 751 847 Sern}0
793 807 836 846 et
873 805 1023 847 Rev¹¹.10
1066 806 1160 847 Dfio
1204 806 1298 847 Dfio
1343 806 1559 860 Leopoldo
1602 805 1827 848 Guilielmo
1870 806 1947 847 Dei

218 878 357 931 gratia
396 879 633 922 Archiduce
676 880 896 931 Austriae,
944 881 1061 922 Duce
1108 880 1402 934 Burgundiae,
1452 880 1639 934 Styriae,
1688 881 1947 936 Carinthiae,

216 953 461 1009 Carniolae,
501 958 544 997 et
576 955 937 1011 Wirtembergae,
970 956 1181 1009 Episcopo
1213 955 1534 1012 Argentinensi,
1567 955 1947 1011 Halberstadiensi,

215 1029 507 1085 Passaviensi,
551 1034 594 1072 et
633 1030 922 1087 Olomucensi,
955 1031 1234 1073 Abbatiarum
1277 1031 1575 1085 principalium
1616 1030 1944 1081 Hersfeldensis,

216 1104 508 1148 Murbacensis
543 1105 912 1159 Administratore,
947 1106 1108 1148 Comite
1140 1106 1304 1160 Tyrolis
1338 1108 1380 1148 et
1401 1105 1592 1148 Goritiae
1625 1108 1701 1149 cet.
1739 1106 1781 1147 in
1815 1106 1948 1148 Colle-

216 1179 283 1232 gio
316 1180 360 1221 P.
393 1180 437 1222 P.
473 1180 696 1223 Societatis
730 1181 835 1223 Jesu
869 1181 1074 1235 Olomucij
1109 1185 1289 1235 erectus,
1323 1193 1370 1223 ac
1402 1181 1605 1223 fundatus
1639 1185 1715 1226 est.

359 1258 392 1298 1.
436 1255 578 1298 Primo
610 1256 651 1297 in
683 1255 961 1297 Alumnatum
994 1260 1268 1299 assumentur
1299 1256 1601 1298 Adolescentes
1634 1269 1809 1298 numero
1843 1256 1946 1298 duo-

219 1331 351 1373 decim
384 1330 659 1385 provectioris
699 1331 874 1383 aetatis,
917 1331 1052 1385 quiq.,
1095 1332 1240 1374 studia
1280 1332 1531 1374 humaniora
1575 1332 1856 1387 absoluerint,
1900 1345 1948 1375 ac

218 1420 321 1460 prae
354 1406 526 1459 reliquis
560 1406 737 1461 Mor-avi,
770 1406 951 1448 maxime
975 1420 1072 1449 vero
1106 1407 1178 1457 illi,
1213 1407 1284 1460 qui
1318 1408 1468 1450 ceteris
1500 1408 1688 1462 paribus,
1723 1410 1949 1461 utramque

218 1481 406 1535 linguam
439 1480 735 1524 Germanicam
767 1481 927 1524 scilicet
959 1486 1001 1523 et
1032 1482 1290 1524 Moravicam
1323 1486 1492 1524 norunt.

358 1559 395 1598 2.
442 1557 643 1600 Vestibus
675 1557 871 1600 incedent
901 1558 1033 1612 nigris
1066 1571 1183 1600 more
1216 1558 1495 1610 Clericorum,
1527 1559 1588 1600 ita
1621 1561 1762 1600 tamen
1796 1562 1843 1600 ut
1874 1571 1950 1612 per

219 1633 331 1687 pallij
357 1632 679 1686 supremitatem
702 1636 744 1675 et
766 1633 996 1689 cingulum,
1028 1646 1138 1687 quae
1162 1633 1390 1688 Cariophili
1413 1634 1564 1676 coloris
1588 1638 1727 1689 erunt,
1750 1646 1775 1674 a
1797 1634 1948 1675 ceteris

221 1708 551 1761 distinguamur.

359 1783 396 1825 3.
445 1783 493 1825 In
525 1782 828 1826 festivitatibus
862 1783 1088 1837 ordinarijs
1130 1787 1335 1837 quatuor,
1377 1785 1418 1826 in
1461 1785 1579 1826 festis
1618 1784 1705 1826 R13¹i
1750 1788 1866 1839 octo,
1907 1783 1948 1825 in

221 1859 396 1901 summis
439 1862 482 1901 et
520 1860 860 1913 processionibus
900 1873 999 1902 vero
1040 1873 1184 1902 omnes
1223 1860 1314 1902 loco
1353 1862 1395 1901 et
1435 1858 1570 1901 officio
1611 1859 1865 1913 competenti
1907 1859 1948 1900 in

223 1934 466 1977 Cathedrali
500 1935 691 1978 Ecclesia
725 1936 993 1978 Olomucensi
1027 1936 1159 1978 sacris
1191 1935 1441 1977 intererunt.

361 2012 398 2052 4.
441 2010 612 2052 Alumni
644 2011 900 2065 suscipiendi
932 2011 1265 2053 nominabuntur
1297 2024 1321 2052 a
1353 2009 1491 2054 Sern.10
1525 2010 1589 2051 vel
1622 2009 1711 2052 eius
1744 2009 1783 2051 in
1819 2009 1948 2063 Spiri-

223 2085 410 2128 tualibus
428 2085 595 2127 Vicario
625 2086 823 2139 generali,
856 2087 916 2128 ita
945 2089 1086 2128 tamen
1116 2089 1165 2127 ut
1187 2085 1240 2127 ad
1263 2097 1436 2127 examen
1460 2085 1635 2126 Patrum
1660 2085 1947 2139 remittantur,

226 2160 461 2214 ijsdemque
493 2160 693 2203 Patribus
725 2161 936 2214 integrum
971 2161 1027 2203 sit
1059 2160 1198 2203 Ser1¹30
1231 2164 1306 2202 aut
1338 2161 1427 2202 eius
1452 2160 1620 2202 Vicario
1652 2160 1825 2202 idoneas
1858 2173 1950 2214 per-

226 2247 350 2277 sonas
384 2247 633 2289 proponere,
667 2249 776 2289 quae
809 2236 897 2278 sine
931 2249 1058 2278 causa
1090 2249 1171 2277 non
1204 2240 1330 2278 erunt
1362 2235 1626 2289 rejiciendae.

365 2312 402 2351 5.
450 2310 649 2352 Dimissio
681 2310 961 2352 Alumnorum
993 2311 1156 2364 pariter
1188 2323 1283 2353 cum
1315 2311 1502 2364 prescitu
1535 2310 1664 2353 Ser¹3s¹i
1697 2314 1772 2352 aut
1793 2309 1949 2363 Vicarij

227 2385 446 2428 Generalis
477 2384 561 2427 fiet.

368 2461 404 2501 6.
446 2460 511 2501 Ad
544 2460 686 2502 studia
724 2460 844 2502 iuxta
875 2461 1186 2514 beneplacitum
1218 2461 1395 2503 Patrum
1439 2465 1481 2503 et
1520 2461 1786 2514 ingeniorum
1820 2461 1953 2514 quali-

230 2538 362 2578 tatem
394 2536 661 2589 potissimum
695 2549 793 2578 vero
831 2537 872 2578 in
906 2537 1129 2589 (studium)
1164 2537 1348 2579 Casuum
1389 2549 1464 2578 seu
1496 2536 1750 2589 Theologiae
1782 2536 1953 2578 moralis

229 2611 515 2665 applicabunt.

369 2688 405 2727 7.
456 2686 658 2728 Similiter
698 2699 774 2740 pro
821 2686 973 2728 iudicio
1016 2691 1186 2740 patrum
1231 2687 1283 2728 ad
1330 2699 1472 2729 sacros
1520 2686 1689 2728 ordines
1736 2698 1954 2739 promove-

233 2761 406 2811 buntur,
439 2764 482 2802 et
512 2774 564 2803 ne
586 2762 755 2803 Alumni
787 2762 828 2803 in
862 2762 942 2804 illis
976 2762 1253 2816 suscipiendis
1288 2763 1339 2804 ob
1372 2762 1581 2804 defectum
1615 2761 1727 2803 tituli
1764 2760 1954 2802 dimisso-

231 2836 396 2878 rialium
440 2836 746 2892 impediantur,
790 2836 947 2879 Sermbffi
987 2850 1012 2879 a
1044 2837 1216 2879 Summo
1248 2837 1449 2879 Pontifice
1481 2836 1693 2878 indultum
1735 2835 1954 2887 obtinebit,

230 2916 278 2953 ut
319 2911 444 2953 sicuti
477 2911 646 2952 Alumni
678 2911 885 2965 Pontificij
929 2912 989 2953 ita
1026 2916 1068 2954 et
1106 2912 1168 2965 hi,
1209 2913 1298 2955 sine
1330 2912 1393 2953 his
1428 2912 1640 2965 requisitis
1674 2910 1726 2952 ad
1761 2909 1842 2952 SS.
1878 2910 1954 2951 Or-

232 2987 349 3029 dines
388 2987 624 3040 promoveri
668 2987 851 3039 possint,
894 2987 1064 3028 interim
1104 2987 1241 3029 dictus
1275 2987 1432 3030 Sei-¹¹¹¹.IS
1475 2986 1528 3028 ad
1570 2987 1725 3028 factam
1770 2984 1954 3026 denomi-

232 3062 465 3113 nationem,
507 3074 577 3103 eos
610 3062 683 3115 qui
715 3062 903 3114 proxime
936 3062 1121 3104 ordinari
1154 3065 1374 3117 poterunt,
1416 3062 1466 3103 dc
1499 3062 1623 3103 titulo
1656 3061 1828 3102 Mensae
1861 3072 1954 3113 pro-

230 3136 426 3179 movebit.
