2164 3535
500 186 770 230 Hausordnung
793 185 856 221 des
883 185 1117 229 Wirzburger
1151 183 1344 219 Seminars.
1393 183 1497 219 Nach
1526 186 1622 219 1608.
1672 196 1675 199 ·
1839 187 1917 228 311

340 328 404 369 14.
454 327 642 370 Pessime
680 327 807 369 etiam
849 325 1076 368 consulunt
1105 324 1214 367 bono
1246 323 1404 366 nomini
1436 327 1479 366 et
1510 323 1755 378 disciplinae
1786 324 1917 367 totius

199 402 420 457 Seminarij
455 403 527 456 qui
558 402 701 455 inscijS
734 400 1032 455 Superioribus
1066 400 1228 453 vinum,
1268 398 1467 453 cupedias
1500 398 1690 451 aliasque
1727 399 1919 441 lautitias

198 477 408 531 gulaeque
448 477 722 520 incitamenta
768 477 808 517 in
842 475 1012 517 domum
1044 474 1189 516 inferri
1222 476 1374 516 curant
1404 473 1539 527 ijsque
1571 472 1625 514 ad
1656 471 1918 515 seducendos

197 551 301 594 alios
334 554 377 593 et
407 551 670 605 disciplinam
701 549 960 603 perdendam
983 548 1238 598 abutuntur;
1272 547 1452 601 ideoque
1474 550 1573 590 ante
1595 547 1735 589 omnia
1756 547 1798 589 id
1824 559 1920 589 cau-

197 630 287 668 tum
318 625 662 678 prohibitumque
694 624 894 677 oportuit.

336 702 400 741 15.
449 699 582 741 Nemo
623 700 818 740 externos
861 698 902 738 in
944 698 1147 740 interiora
1186 698 1335 740 domus
1377 697 1551 739 inducat
1591 696 1680 739 sine
1716 696 1920 740 facultate

197 774 458 828 Superioris,
505 774 638 816 multo
682 773 821 814 minus
864 772 917 814 ad
959 772 1196 814 convivium
1239 773 1303 814 vel
1345 772 1398 814 ad
1438 772 1667 815 bibendum
1708 772 1917 814 invitabit.

195 849 332 891 Nemo
365 850 493 891 etiam
515 849 738 891 Musaeum
772 847 836 889 vel
870 847 1110 889 cubiculum
1144 847 1322 888 aliorum
1355 847 1539 903 accedet,
1572 850 1647 889 aut
1678 860 1771 889 cum
1795 847 1918 890 alieni

196 924 359 966 musaei
405 923 716 966 convictoribus
775 922 1098 964 conversabitur
1143 920 1234 963 sine
1280 921 1482 964 facultate
1529 921 1788 975 Superioris,
1837 922 1917 965 nisi

195 998 305 1041 forte
336 998 390 1040 ad
422 997 598 1041 eandem
630 998 804 1040 classem
837 996 1089 1051 pertineant.

752 1329 1010 1378 Clerici
1061 1328 1345 1378 Alumni.

881 1422 943 1465 (L.
970 1432 1005 1457 c.
1030 1421 1104 1457 τοι.
1123 1421 1232 1466 345.)

332 1527 395 1567 16.
442 1525 521 1576 Qui
569 1526 717 1568 Clerici
766 1529 867 1568 sunt
913 1525 1203 1576 meminerint,
1252 1537 1355 1568 suae
1406 1524 1636 1567 vocationis
1682 1537 1774 1566 esse
1820 1525 1914 1579 alijs

194 1601 382 1654 exemplo
421 1601 611 1654 pietatis,
650 1614 816 1643 morum
849 1602 1061 1655 gravitate
1094 1604 1136 1643 et
1166 1601 1412 1653 integritate
1443 1600 1701 1654 praelucere.
1763 1600 1914 1653 Itaque

192 1688 368 1729 prorsus
410 1676 619 1719 cavebunt
659 1677 700 1718 in
744 1689 936 1718 sermone
983 1680 1026 1718 et
1071 1675 1260 1729 gestibus
1308 1675 1570 1717 saecularem
1611 1674 1826 1716 levitatem
1871 1679 1914 1717 et

193 1755 383 1802 agrestes
415 1751 614 1804 loquendi
648 1755 690 1793 et
722 1751 998 1793 conversandi
1031 1750 1190 1792 modos.
1245 1749 1325 1800 Qui
1357 1749 1410 1791 ad
1441 1749 1567 1791 horas
1601 1749 1822 1792 canonicas
1855 1749 1914 1791 di—

194 1825 348 1868 cendas
383 1829 580 1867 tenentur
612 1826 852 1867 recitabunt
884 1826 977 1867 illas
1001 1824 1344 1867 convenientibus
1368 1823 1648 1877 temporibus:
1680 1823 1912 1866 matutinas

192 1899 363 1953 quidem
395 1912 488 1942 cum
521 1900 718 1942 laudibus
750 1900 884 1953 pridie
916 1900 1020 1942 hora
1051 1903 1207 1953 quarta
1237 1899 1548 1953 pomeridiana;
1582 1899 1762 1941 minores
1785 1898 1911 1941 horas

190 1987 327 2029 mane,
358 1987 558 2028 vesperas
591 1988 615 2017 a
645 1975 822 2028 prandio
856 1979 954 2017 ante
986 1976 1199 2017 lectiones.
1261 1974 1495 2017 Laudabile
1526 1986 1695 2028 quoque
1727 1978 1839 2016 esset
1870 1977 1913 2016 et

190 2049 469 2101 fructuosum,
503 2050 538 2092 si
568 2051 642 2106 illi,
675 2051 746 2104 qui
779 2053 947 2092 tantum
979 2050 1021 2091 in
1053 2050 1286 2092 minoribus
1318 2052 1420 2092 sunt
1451 2048 1692 2104 ordinibus,
1724 2049 1912 2102 quotidie

189 2123 339 2178 ijsdem
371 2125 634 2178 temporibus
666 2124 861 2167 Officium
892 2124 939 2166 B.
964 2124 1020 2166 M.
1055 2124 1229 2176 virginis
1261 2124 1500 2166 recitarent.

330 2201 395 2240 17.
448 2198 618 2252 Optima
640 2198 858 2252 Seminarij
893 2199 1018 2241 huius
1051 2198 1313 2241 consuetudo
1344 2199 1427 2240 iam
1461 2198 1658 2253 obtinuit,
1690 2202 1738 2241 ut
1767 2211 1910 2241 omnes

190 2276 339 2315 octavo
382 2286 551 2327 quoque
591 2273 658 2315 die
703 2273 985 2315 confiteantur
1016 2275 1190 2326 peccata
1221 2286 1311 2315 sua.
1374 2273 1438 2315 Ea
1468 2273 1598 2326 igitur
1629 2275 1826 2316 accurate
1857 2273 1910 2314 ab

192 2348 384 2390 omnibus
416 2348 576 2391 servari
610 2348 747 2401 debet,
780 2361 861 2401 quo
895 2347 1132 2390 uberiorem
1165 2360 1189 2389 a
1220 2348 1309 2390 Deo
1341 2348 1523 2400 gratiam
1556 2350 1599 2390 et
1630 2347 1741 2390 dona
1768 2359 1910 2390 conse-

193 2426 393 2475 quantur.
457 2423 548 2474 Quo
589 2426 729 2464 autem
770 2422 837 2465 die
868 2422 962 2476 quis
995 2421 1169 2464 Sacram
1202 2422 1385 2476 Synaxin
1417 2422 1542 2475 adijt,
1586 2422 1707 2464 valde
1739 2425 1909 2465 consen-

191 2500 363 2539 taneum
395 2501 484 2553 est,
526 2502 574 2540 ut
604 2498 808 2540 maiorem
841 2501 982 2540 servet
1013 2496 1264 2539 modestiam
1296 2500 1338 2539 et
1368 2497 1462 2550 plus
1494 2497 1696 2551 temporis
1728 2497 1909 2539 orationi

190 2572 414 2616 attribuat.
