2164 3535
708 217 937 253 Schriftliche
963 217 1173 261 Uebungen.
1744 218 1796 258 89

82 360 142 401 ita
172 359 302 400 fluida
333 371 381 401 ac
411 358 551 412 plana,
584 361 627 400 et
656 357 769 400 lectu
795 357 998 412 jucunda,
1031 357 1147 399 velut
1178 356 1281 398 nihil
1313 356 1364 397 de
1395 355 1551 408 regulis
1574 353 1801 407 cogitasset

82 433 247 476 author.
919 480 926 487 ‚

220 509 404 550 Tertio.
469 509 607 550 Facile
639 508 694 550 sit
726 511 1037 562 argumentum,
1070 509 1112 549 et
1143 518 1371 560 puerorum
1404 505 1561 547 viribus
1595 517 1801 546 commen-

83 596 190 626 sum.
238 583 381 636 Magni
413 583 611 625 momenti
644 583 863 635 monitum,
898 586 939 624 et
961 581 1421 624 commendatissimum
1445 580 1677 622 Professori
1710 592 1801 621 esse

82 658 219 713 debet,
252 662 299 699 ut
330 658 531 711 volentes,
565 658 739 711 alacres,
771 670 844 710 spe
875 657 986 698 bona
1018 657 1164 710 plenos
1198 657 1381 698 retineat
1408 655 1656 708 discipulos;
1690 654 1801 696 omni

80 731 291 773 industria
313 732 466 773 excitet
483 732 715 785 jacentium
739 732 920 781 animos,
944 731 1154 773 tardiores
1179 731 1413 784 cupiditate
1431 730 1570 783 potius
1593 730 1635 771 in
1652 729 1801 771 melius

81 805 339 862 proficiendi,
372 818 500 859 quam
532 806 834 860 suppliciorum
866 808 1029 847 terrore
1058 806 1271 847 accendat.
1322 806 1411 846 Iam
1438 818 1535 847 vero
1558 805 1592 847 si
1615 804 1803 846 themata

81 881 166 924 sint
195 881 256 922 ita
287 880 488 937 difficilia,
520 885 568 923 ut
599 881 792 934 quamvis
824 880 1015 921 adhibita
1047 880 1264 932 diligentia
1296 879 1408 920 haud
1441 880 1565 922 dubie
1588 880 1803 922 erroribus

81 969 106 998 a
146 969 191 998 se
231 956 465 1009 implenda,
508 960 551 998 et
587 955 701 1009 quod
737 955 833 997 inde
877 955 1093 1008 sequitur,
1136 956 1307 1008 paratas
1349 954 1428 995 sibi
1470 960 1512 996 et
1543 955 1804 997 inevitabiles

83 1044 241 1085 poenas
283 1031 573 1087 praesagiant,
616 1031 855 1085 desperatio
895 1043 1044 1084 nempe
1084 1030 1265 1072 incesset
1296 1029 1503 1083 misellos,
1544 1030 1682 1071 animo
1714 1042 1806 1083 per-

84 1106 257 1148 turbato
289 1111 332 1149 et
364 1107 480 1149 velut
513 1107 684 1149 obtorto
718 1107 824 1148 collo
857 1105 1057 1148 accedent
1088 1105 1141 1147 ad
1187 1104 1547 1160 componendum,
1590 1116 1637 1145 ac
1677 1104 1806 1146 veluti

84 1181 134 1224 de
167 1181 266 1235 fuga
298 1182 546 1235 cogitabunt
577 1185 674 1224 ante
705 1195 903 1236 pugnam.
961 1181 1061 1232 Quis
1095 1180 1205 1222 enim
1237 1181 1379 1222 volens
1403 1184 1561 1222 etcum
1585 1179 1805 1221 alacritate

82 1256 269 1299 laborem
301 1257 518 1313 suscipiat,
550 1270 572 1299 e
605 1270 688 1310 quo
721 1257 822 1298 nihil
857 1256 1062 1298 mercedis
1096 1258 1171 1297 aut
1203 1255 1355 1307 laudis,
1389 1258 1525 1297 certas
1559 1267 1689 1308 prope
1711 1267 1804 1296 cum

83 1330 289 1374 dedecore
320 1332 467 1385 plagas
500 1332 577 1374 sibi
611 1332 867 1374 obventuras
902 1331 1141 1373 ominetur?

225 1412 290 1454 Ad
323 1412 596 1466 deJectionem
629 1413 757 1455 animi
789 1413 914 1465 vulgo
937 1416 1025 1454 tam
1047 1412 1326 1466 perniciosam
1349 1411 1605 1463 evitandam,
1638 1410 1806 1464 sapiens

84 1489 148 1529 est
178 1500 325 1529 eorum
357 1488 590 1544 consilium,
623 1488 695 1541 qui
727 1488 833 1530 hanc
865 1488 943 1530 sibi
975 1488 1166 1541 regulam
1189 1490 1400 1542 statuunt,
1432 1500 1484 1529 ne
1508 1491 1806 1539 argumentum

85 1562 256 1614 dictent,
289 1563 369 1605 nisi
400 1562 514 1615 quod
547 1576 571 1604 a
603 1562 763 1605 decimo
797 1576 965 1616 quoque
997 1562 1167 1605 scholae
1199 1563 1288 1604 sine
1320 1562 1431 1604 omni
1465 1574 1629 1612 errore,
1663 1560 1716 1602 ab
1748 1560 1807 1601 di-

85 1638 213 1680 midio
255 1651 352 1680 vero
392 1639 695 1692 discipulorum
737 1651 947 1681 summum
991 1652 1085 1680 cum
1119 1638 1284 1680 duobus
1317 1641 1392 1680 aut
1422 1637 1559 1679 tribus
1592 1635 1807 1678 erroribus

85 1713 363 1767 compositum
395 1714 445 1755 iri
477 1713 744 1767 praevideat:
778 1714 892 1755 ultra
924 1727 1069 1755 eorum
1104 1726 1201 1755 vero
1234 1717 1403 1766 captum
1436 1711 1565 1754 fuisse
1596 1711 1699 1753 illud
1721 1713 1808 1752 sta-

90 1790 238 1842 tuant,
279 1788 392 1841 quod
431 1789 571 1830 nullus
614 1789 703 1831 sine
744 1802 909 1839 errore3
951 1789 1119 1831 scholae
1158 1788 1342 1831 medium
1382 1800 1477 1829 cum
1517 1789 1702 1840 quatuor
1734 1789 1809 1827 aut

89 1862 275 1916 quinque
307 1862 572 1905 Soloecismis
604 1863 760 1906 fecerit.

223 1937 342 1979 Iusto
385 1937 620 1980 difficiliora
662 1938 769 1980 fiunt
807 1941 1079 1991 argumenta,
1127 1942 1162 1981 1.
1197 1938 1239 1980 Si
1279 1938 1401 1980 nimis
1440 1938 1601 1980 multae
1633 1935 1808 1978 difficul-

85 2016 196 2055 tates
229 2012 541 2066 constipentur3
574 2013 690 2055 nulla
720 2026 850 2067 prope
879 2014 1040 2067 periodi
1062 2027 1161 2067 pars
1185 2014 1327 2067 aliqua
1351 2013 1642 2055 observatione
1669 2014 1807 2060 vacet,

85 2088 246 2141 laqueis
289 2087 413 2141 plena
453 2088 538 2130 sint
579 2089 740 2141 omnia;
783 2088 824 2129 id
866 2089 979 2142 quod
1019 2089 1164 2131 anxios
1196 2089 1312 2143 illos,
1357 2089 1580 2141 animoque
1613 2086 1808 2129 confusos

87 2162 227 2204 reddit
302 2162 415 2204 Nihil
447 2166 587 2205 tamen
622 2163 776 2215 oberit,
816 2164 914 2217 quin
948 2177 1030 2206 non
1064 2176 1208 2206 recens
1240 2164 1385 2215 modo,
1419 2164 1491 2206 sed
1524 2167 1566 2205 et
1597 2162 1809 2216 prioribus

88 2237 234 2280 diebus
276 2238 340 2280 vel
382 2238 657 2282 hebdomadis
703 2241 934 2294 explicatae
976 2241 1148 2293 regulae
1187 2239 1523 2290 admisceantur,
1567 2252 1618 2280 ne
1659 2238 1809 2280 animis

87 2312 308 2355 levissimis
340 2316 389 2354 ut
419 2314 539 2369 solet,
573 2315 750 2356 evolent.

226 2390 263 2429 2.
311 2389 679 2432 Perturbationem
731 2391 832 2432 item
881 2390 1073 2443 injiciunt
1114 2390 1305 2431 themata
1345 2389 1443 2431 licet
1490 2388 1648 2439 facilia,
1691 2389 1808 2441 justo

89 2466 230 2504 tamen
261 2463 464 2516 longiora.
528 2465 758 2506 Terrentur
790 2465 852 2507 his
885 2466 1026 2520 pueri,
1058 2468 1101 2507 et
1130 2465 1170 2505 in
1204 2465 1349 2518 primis
1382 2464 1442 2505 ita
1473 2464 1729 2516 fatigantur,
1762 2467 1810 2505 ut

90 2538 371 2592 praecipitent
401 2541 630 2595 postrema,
664 2544 707 2582 et
738 2553 758 2582 e
791 2540 1064 2593 persuasione
1097 2544 1183 2581 tam
1217 2540 1389 2592 longum
1422 2542 1718 2592 argumentum
1743 2539 1808 2580 vix

90 2625 114 2654 a
136 2625 180 2654 se
201 2618 315 2655 recte
338 2614 529 2667 componi
551 2627 688 2669 posse,
712 2628 859 2668 reapse
881 2615 985 2657 illud
1008 2615 1223 2657 erroribus
1246 2614 1544 2656 conseminent.
1589 2615 1623 2656 E
1647 2614 1810 2667 sapien-

91 2688 279 2730 tissimae
312 2689 484 2742 regulae
514 2691 777 2744 praescripto
810 2691 850 2732 in
884 2690 1025 2732 infima
1058 2693 1309 2743 quaternos,
1352 2689 1391 2731 in
1426 2689 1582 2741 media,
1623 2702 1669 2731 ac
1701 2689 1809 2730 forte

90 2776 288 2816 suprema
329 2768 526 2818 septenos
569 2778 716 2808 versus
755 2766 955 2808 excedere
986 2779 1068 2807 non
1102 2765 1285 2808 deberet.
1350 2765 1466 2816 Quae
1499 2765 1611 2807 domi
1644 2777 1810 2817 compo-

90 2840 263 2892 nuntur,
295 2838 330 2880 si
362 2838 527 2892 longior
557 2839 612 2881 sit
643 2853 667 2881 a
698 2840 850 2882 scholis
885 2841 1062 2895 vacatio,
1095 2840 1269 2894 paulum
1292 2840 1518 2893 prolixiora
1543 2840 1691 2881 dictari
1716 2852 1809 2881 con-

93 2912 216 2954 venit.
289 2913 428 2966 Atque
469 2913 572 2956 haec
617 2915 667 2956 de
707 2915 989 2969 argumentis,
1038 2928 1147 2969 quae
1188 2919 1359 2957 nostrae
1401 2915 1646 2957 Provinciae
1693 2926 1809 2955 more

91 2987 314 3029 vernacule
347 3000 440 3029 cum
472 2989 634 3031 Latinis
668 2990 912 3042 significatis
946 2990 1172 3032 dictantur.

232 3062 439 3114 Equidem
470 3063 505 3105 is
536 3076 618 3105 non
651 3077 759 3120 sum,
792 3065 863 3118 qui
896 3065 1079 3120 Italicas,
1113 3078 1160 3107 ac
1192 3078 1345 3118 magna
1377 3064 1618 3118 cumprimis
1652 3063 1809 3105 Latini-

93 3137 194 3179 tatis
226 3137 351 3179 laude
383 3137 580 3181 florentes
613 3140 815 3193 Gallicas,
858 3140 1070 3192 Belgicas,
1111 3144 1153 3182 et
1184 3140 1408 3182 Rhenanas
1441 3140 1682 3181 Provincias
1720 3139 1809 3180 imi-
