2164 3535
265 215 348 255 576
591 213 649 246 An
674 211 732 246 die
759 209 1078 245 Provinzialobern
1104 210 1194 245 iiber
1219 210 1277 245 die
1302 210 1357 254 3j.
1384 210 1519 246 Philos.
1547 213 1646 246 1858.

265 353 391 395 minei
405 355 451 407 ¹),
482 353 688 407 imprimis
711 353 913 394 Rectores
939 350 1238 407 Collegiorum,
1260 351 1303 393 in
1326 351 1480 404 quibus
1503 351 1744 405 superiores
1766 352 1999 394 traduntur

265 428 508 481 facultates,
540 441 774 482 monemus,
808 429 856 469 ut
887 426 1014 480 hujus
1039 426 1330 470 Ordinationis
1363 429 1536 468 nostrae
1570 428 1859 469 executionem
1890 428 2002 469 inter

264 505 515 558 praecipuas
549 505 614 546 sui
645 504 832 545 muneris
875 515 998 544 curas
1030 506 1211 556 ponant;
1254 503 1304 544 de
1337 502 1489 544 scholis
1524 514 1650 555 saepe
1692 507 1735 545 et
1778 503 2002 556 diligenter

268 579 515 635 inquirant,
558 583 601 621 et
632 578 808 632 singulis
842 578 962 619 annis
996 577 1037 618 in
1070 578 1345 620 renovatione
1387 577 1626 619 studiorum
1659 590 1751 620 eam
1795 578 2000 632 omnibus,

267 654 320 696 ad
353 667 459 708 quos
492 658 678 709 spectat,
718 654 760 695 in
793 653 1038 695 memoriam
1071 653 1262 695 revocari
1296 656 1457 695 curent.
1520 653 1805 696 Provinciales
1837 654 2001 710 deinde,

266 743 359 772 cum
393 730 600 784 ejusmodi
634 729 822 782 Collegia
853 729 1047 784 visitant,
1092 732 1239 771 vocato
1273 729 1399 771 etiam
1433 728 1483 770 ad
1519 729 1873 771 consultationem
1914 733 2003 771 stu-

266 805 431 848 diorum
465 806 711 860 Praefecto,
755 805 996 847 examinent
1027 807 1212 859 attente,
1255 805 1467 859 quomodo
1500 817 1570 860 ea,
1611 817 1720 858 quae
1759 805 2001 856 statuimus,

265 884 512 936 serventur,
545 885 674 934 atque
706 880 832 934 hujus
865 879 930 921 sui
963 878 1090 922 officii
1125 880 1332 922 rationem
1372 880 1554 922 reddant
1584 880 1833 934 Praeposito
1867 880 2002 923 Gene-

266 956 368 1011 rali,
410 955 464 997 ad
506 969 629 1009 quem
664 955 715 998 de
753 955 899 998 eadem
944 956 1243 999 observatione
1277 957 1551 1000 Consultores
1595 970 1763 1011 quoque
1805 961 1847 1000 et
1878 958 2003 1000 Prae—

265 1031 400 1074 fectus
441 1032 682 1074 studiorum
725 1032 958 1085 quotannis
1001 1033 1201 1074 referant.
1264 1033 1351 1075 Nec
1394 1033 1525 1088 enim,
1571 1034 1650 1075 nisi
1698 1033 1858 1075 viribus
1906 1046 2002 1076 con-

260 1108 420 1161 junctis
453 1108 640 1150 nitamur
672 1112 714 1150 et
745 1107 938 1149 sedulam
962 1120 1038 1162 pro
1071 1121 1148 1150 suo
1181 1108 1360 1161 quisque
1384 1121 1559 1150 munere
1589 1121 1760 1162 operam
1783 1121 2000 1156 navemus,

266 1183 329 1225 fas
362 1187 427 1225 est
457 1196 631 1237 sperare
663 1184 856 1225 futurum
889 1196 1007 1239 esse,
1040 1188 1113 1239 ut,
1148 1196 1256 1236 quae
1289 1184 1377 1225 Deo
1412 1184 1660 1237 disponente
1693 1184 1856 1226 sancita
1887 1188 2001 1235 sunt,

267 1259 319 1301 ad
352 1259 539 1312 ejusdem
574 1259 651 1302 Dei
686 1259 855 1301 laudem
888 1262 930 1301 et
962 1258 1138 1311 gloriam
1173 1271 1299 1312 opere
1336 1259 1641 1312 compleantur.

269 1598 522 1672 Anhang
588 1620 687 1653 zur
741 1599 1128 1675 Verordnung
1195 1602 1295 1655 des
1365 1600 1419 1655 P.
1485 1598 1737 1655 General
1806 1601 2002 1655 Beckx

474 1703 617 1758 iiber
662 1704 765 1758 das
811 1705 1152 1778 dreijahrige
1198 1705 1402 1779 philos.
1452 1701 1783 1777 Studium2).

929 1803 1003 1848 11.
1046 1799 1149 1848 Mai
1192 1803 1337 1849 1858.

269 1896 409 1940 (Arch.
428 1896 559 1932 Germ.
575 1897 615 1931 II
634 1898 680 1932 Β.
697 1897 764 1932 36.
804 1899 884 1933 Der
903 1899 1014 1934 amtl.
1035 1899 1276 1944 autograph.
1298 1900 1448 1944 Druck,
1474 1899 1496 1934 2
1518 1900 1583 1935 Bl.
1602 1899 1642 1934 iu
1662 1900 1772 1935 carta
1790 1899 2000 1944 Romana.)

741 1993 852 2035 Rev.
886 1993 934 2035 in
968 1993 1076 2035 Chr.
1112 1994 1155 2035 P.
1191 2019 1241 2025 —
1276 1994 1374 2036 Pax
1409 1993 1517 2035 Chr.

413 2107 495 2150 Per
526 2121 740 2150 cursorem
773 2109 1025 2151 hodiernum
1060 2100 1381 2152 Ordinationem
1419 2122 1495 2163 pro
1536 2109 1677 2151 studio
1715 2108 2002 2163 philosophico

269 2196 318 2225 ex
350 2183 552 2225 mandato
586 2183 935 2236 Congregationis
970 2184 1192 2227 Generalis
1227 2185 1445 2233 ultimae3)
1480 2186 1712 2227 confectam
1752 2184 1805 2226 ad
1838 2184 1906 2226 RD?
1932 2183 2002 2226 Vn?

270 2259 475 2313 expedivi,
508 2259 632 2312 plura
664 2259 852 2313 eJ'usdem
886 2260 1101 2315 exempla,
1134 2273 1228 2302 cuin
1264 2260 1364 2301 (lata
1398 2261 1560 2303 occasio
1593 2260 1742 2309 fuerit,
1774 2260 1985 2301 missurus

274 2361 321 2365 —
357 2336 450 2377 Etsi
481 2348 563 2376 non
595 2348 752 2391 pauca,
786 2348 895 2388 quae
927 2336 1215 2378 executionem
1253 2336 1505 2388 respiciunt,
1536 2337 1577 2377 in
1611 2336 1702 2389 ipsa
1736 2334 2000 2376 ordinatione

269 2413 436 2453 statuta
470 2411 568 2463 sint,
600 2411 651 2452 iis
684 2414 824 2452 tamen
858 2412 1062 2453 nonnulla
1094 2424 1172 2464 per
1203 2411 1330 2453 hasce
1363 2411 1528 2453 litteras
1568 2410 1764 2453 addenda
1795 2422 1887 2452 esse
1919 2409 2002 2450 exi-

269 2485 448 2527 stimavi.

410 2560 616 2611 Quoniam
641 2561 863 2603 Ordinatio
895 2561 999 2603 haec
1021 2575 1069 2603 eo
1099 2562 1304 2615 imprimis
1338 2566 1516 2616 spectat,
1549 2565 1598 2603 ut
1619 2561 1761 2603 studia
1783 2561 2006 2602 Nostro-

271 2649 378 2678 rum
411 2636 462 2678 ad
499 2637 687 2679 debitum
719 2637 843 2680 finem
877 2637 1131 2690 dirigantur,
1164 2638 1393 2691 praecipua
1415 2637 1741 2679 Provincialium
1776 2648 1878 2677 cura
1909 2648 2001 2677 esse

270 2711 455 2765 debebit,
489 2714 538 2754 ut
567 2713 609 2754 in
643 2712 859 2766 Collegiis,
894 2713 965 2755 ubi
997 2713 1144 2755 Nostri
1177 2713 1373 2765 student,
1407 2713 1594 2767 singula,
1627 2725 1735 2766 quae
1767 2711 2002 2764 praescrip-

273 2786 418 2841 simus,
451 2799 576 2840 quam
610 2786 793 2830 fideliter
824 2788 865 2829 in
899 2800 1004 2841 opus
1037 2788 1317 2830 deducantur.

410 2861 475 2902 Ad
507 2865 746 2905 externos
779 2875 879 2905 vero
918 2863 1135 2905 auditores
1169 2863 1282 2916 quod
1314 2863 1517 2916 pertinet,
1551 2875 1644 2904 cum
1677 2861 1730 2903 ad
1768 2861 1997 2902 triennium

271 2937 506 2988 generatim
539 2937 716 2991 obligari
749 2942 974 2990 nequeant,
1009 2941 1138 2991 atque
1170 2938 1344 2991 insuper
1366 2937 1560 2980 absoluto
1584 2936 1749 2978 biennio
1772 2936 1916 2978 multis
1947 2936 1988 2978 in

411 3053 435 3095 1)
466 3051 589 3086 Ordin.
617 3062 681 3096 pro
708 3051 801 3087 stud.
829 3064 906 3097 sup.
934 3065 967 3087 n.
996 3057 1049 3089 16.

409 3108 438 3151 2)
465 3108 539 3143 Das
566 3109 761 3144 Schreiben
788 3110 836 3144 ist
860 3120 905 3145 an
932 3111 989 3145 die
1016 3111 1266 3146 sammtlichen
1292 3110 1608 3146 Provincialobern
1636 3108 1823 3154 gerichtet.

410 3167 437 3210 ³)
462 3165 531 3201 Die
558 3169 611 3201 22.
639 3177 717 3201 vom
743 3166 857 3202 Jahre
887 3170 985 3203 1853.
