2164 3535
231 198 314 238 504
491 194 700 229 Beibericht
725 194 788 228 der
818 192 1245 228 Studien-Kommissare
1271 203 1335 226 zur
1362 192 1404 227 R.
1432 197 1473 227 st.
1501 203 1568 227 von
1597 196 1695 229 1832.

371 336 420 379 N.
446 332 538 380 175.
600 334 954 388 Postulatum,
993 335 1042 374 ut
1080 332 1121 374 in
1155 332 1383 375 Provinciis
1416 332 1578 375 Galliae
1617 336 1660 376 et
1692 333 1961 391 Germaniae,

233 412 274 453 in
307 412 461 465 quibus
494 411 712 465 similes,
745 413 789 451 at
820 421 902 451 non
938 408 1144 450 eaedem
1169 407 1341 461 regulae
1362 408 1728 463 praescribuntur,
1761 409 1962 463 antiquus

235 487 451 530 societatis
485 498 588 528 usus
621 487 858 527 revocetur.
908 483 950 525 Si
984 483 1087 537 quid
1119 485 1184 525 est
1215 482 1471 539 addendum,
1502 483 1545 525 id
1576 483 1651 526 fiat
1682 497 1757 538 per
1789 484 1960 527 modum

239 562 483 617 appendicis
515 562 581 603 vel
613 558 924 602 declarationis.

757 859 1021 927 Regulae
1069 859 1439 909 Academiae.

379 1002 428 1043 N.
454 997 544 1045 176.
599 999 669 1042 Ad
703 1012 800 1053 reg.
828 1002 862 1041 1.
917 1000 977 1042 Ut
999 999 1226 1042 Academia
1257 999 1362 1041 bene
1394 998 1610 1053 procedat,
1643 998 1889 1053 requiritur,
1922 1002 1970 1040 ut

239 1077 454 1131 ingenium
495 1089 590 1118 cum
630 1075 789 1129 pietate
831 1075 872 1116 in
914 1074 1178 1117 Academicis
1223 1075 1495 1127 conjunctum
1537 1074 1614 1121 sit;
1663 1086 1760 1115 nam
1808 1073 1969 1126 absque

239 1152 406 1207 ingenio
439 1152 599 1194 inutilis
631 1150 713 1192 erit
743 1149 991 1199 Academia,
1033 1149 1182 1191 nociva
1215 1149 1342 1191 etiam
1376 1149 1537 1202 absque
1579 1149 1749 1202 pietate.
1812 1148 1972 1191 Acade-

240 1228 350 1270 miae
390 1239 489 1269 vero
529 1239 705 1280 scopum
740 1218 990 1276 censemus,
1037 1228 1085 1266 ut
1123 1225 1179 1266 sit
1219 1237 1302 1278 quo
1346 1226 1605 1278 occupentur
1650 1224 1821 1279 optimi,
1869 1223 1970 1277 quin

244 1303 371 1345 medii
421 1302 679 1350 obruantur;
728 1301 771 1343 in
814 1300 1070 1354 assignando
1113 1301 1220 1342 enim
1276 1300 1420 1342 labore
1464 1299 1715 1342 scholastico
1754 1299 1976 1341 Professor

243 1378 479 1421 necessario
513 1376 666 1419 sectari
700 1375 825 1418 debet
856 1375 1214 1424 mediocritatem„
1259 1388 1342 1428 quo
1376 1374 1443 1426 fit,
1481 1378 1530 1416 ut
1560 1374 1684 1428 primi
1716 1377 1784 1416 sat
1820 1373 1974 1416 exerci-

243 1454 416 1496 tationis
447 1465 530 1495 non
561 1452 758 1494 habeant.

382 1529 432 1571 N.
458 1525 545 1572 177.
607 1528 678 1570 Ad
710 1540 807 1580 reg.
835 1529 872 1568 2.
936 1527 1182 1569 Immutatio
1215 1527 1409 1581 sequitur
1441 1541 1488 1569 ex
1522 1527 1887 1581 praecedentibus.

383 1605 432 1647 N.
459 1600 535 1647 178
601 1603 672 1645 Ad
704 1616 804 1656 reg.
831 1605 868 1644 7.
921 1603 1083 1645 Electio
1117 1603 1395 1656 magistratus
1427 1603 1474 1645 fit
1504 1603 1656 1645 saltem
1678 1602 1740 1645 bis
1772 1602 1813 1644 in
1849 1614 1971 1644 anno.

247 1681 315 1723 Sic
362 1679 408 1722 fit
453 1680 617 1732 Regula
664 1679 834 1729 clarior;
884 1679 1066 1732 demptis
1116 1678 1227 1720 enim
1272 1678 1385 1720 feriis
1436 1682 1479 1720 et
1526 1678 1741 1721 mensibus
1789 1677 1974 1733 aestivis,

248 1756 315 1798 vix
347 1755 462 1798 aliud
493 1755 670 1808 intelligi
703 1758 845 1808 potest
876 1767 951 1807 per
982 1754 1112 1796 verba
1145 1754 1298 1796 »tertio
1332 1759 1537 1807 quartove
1570 1766 1755 1796 mense«.

387 1842 436 1884 N.
462 1838 556 1885 179.
618 1842 692 1883 Ad
725 1853 826 1894 reg.
850 1843 887 1883 8.
950 1841 1131 1883 Mutatio
1164 1840 1276 1883 facta
1308 1843 1396 1895 est,
1429 1841 1529 1893 quia
1560 1841 1676 1883 tertii
1708 1840 1806 1882 anni
1838 1840 1976 1882 Philo-

249 1918 406 1972 sophus
439 1931 522 1960 non
555 1921 620 1960 est
650 1917 980 1971 Metaphysicus.

389 2005 438 2047 N.
464 2001 558 2049 180.
619 2004 693 2046 Ad
726 2017 826 2057 reg.
854 2004 918 2045 10.
982 2004 1228 2046 Immutatio
1261 2003 1372 2046 facta
1404 2006 1469 2045 est
1510 2006 1601 2044 tum
1633 2006 1807 2057 propter
1846 2002 1976 2056 scrip-

251 2081 386 2123 tiones
421 2080 730 2133 Theologorum
763 2081 805 2121 et
836 2078 1213 2133 Philosophorum,
1247 2082 1295 2120 ut
1326 2092 1374 2121 ex
1407 2079 1576 2120 illorum
1610 2078 1766 2132 regulis
1798 2079 1975 2133 patebit,

251 2158 342 2198 tum
385 2169 436 2198 ne
477 2156 567 2209 ipse
609 2154 865 2197 secretarius
908 2154 972 2196 vel
1013 2154 1103 2207 ejus
1150 2154 1289 2196 socius
1337 2154 1477 2196 omnia
1522 2154 1707 2197 scribere
1755 2156 1973 2207 cogantur.

252 2233 304 2273 29
343 2230 540 2273 Generali
571 2230 737 2272 nomine
760 2229 1109 2272 exercitationum
1134 2232 1385 2282 argumenta
1417 2229 1677 2285 scripsimus,
1710 2230 1822 2284 quia,
1856 2241 1976 2284 prae-

252 2310 318 2349 ter
350 2319 457 2360 quae
489 2306 530 2348 in
554 2306 701 2359 regula
725 2305 912 2347 indicata
933 2307 1047 2359 sunt,
1078 2304 1402 2346 exercitationes
1426 2304 1567 2346 variae
1590 2305 1762 2359 adjungi
1783 2308 1975 2359 possunt.

393 2382 442 2424 N.
467 2378 553 2426 181.
614 2381 688 2423 Ad
720 2393 823 2434 reg.
854 2383 915 2422 11.
978 2380 1224 2422 Immutatio
1256 2379 1350 2422 fluit
1381 2393 1430 2421 ex
1462 2379 1584 2422 dictis
1617 2379 1694 2436 [n]
1731 2382 1824 2423 178.

574 2680 851 2747 Regulae
893 2681 1217 2730 Praefecti
1258 2679 1656 2729 Academiae.

396 2818 444 2860 N.
478 2814 572 2861 182.
636 2819 707 2861 Ad
739 2833 837 2873 reg.
871 2823 909 2861 2.
972 2820 1262 2873 Expunximus
1297 2818 1624 2872 »quotidianis«,
1658 2818 1757 2870 quia
1789 2817 1978 2871 quotidie

259 2894 325 2936 vix
359 2893 580 2936 convenire
611 2898 789 2948 possunt
820 2895 1071 2938 Academici.

399 2980 446 3022 N,
479 2976 575 3024 183.
626 2980 698 3022 Ad
731 2993 828 3034 reg.
863 2984 900 3023 4.
968 2984 1016 3026 1<3
1060 2980 1327 3035 Addidimus,
1359 2983 1408 3021 ut
1438 2978 1624 3032 vestigiis
1656 2978 1851 3032 Magistri
1881 2977 1980 3021 insi-

263 3058 350 3097 stat
380 3055 640 3111 Moderator,
671 3068 724 3098 ne
756 3057 943 3099 confusio
977 3056 1152 3110 oriatur,
1184 3056 1219 3098 si
1259 3057 1438 3107 uterque
1470 3054 1637 3096 diversa
1670 3052 1867 3095 methodo
1900 3053 1980 3094 uti-

264 3134 345 3171 tur.
400 3132 450 3171 29
484 3130 654 3172 Additio
687 3131 726 3172 in
759 3130 840 3172 fine
874 3131 1099 3185 desumpta
1130 3135 1194 3172 est
1226 3143 1275 3172 ex
1307 3129 1463 3182 regulis
1496 3128 1703 3171 Praefecti
1726 3127 1977 3169 Academiae
