2164 3535
226 211 310 254 306
562 210 723 247 Aelteste
751 210 918 246 Statuten
944 208 1007 245 des
1035 208 1168 245 Wirzb.
1196 208 1480 246 Pr.-Seminars.
1522 213 1620 248 1608.

510 432 582 473 De
624 430 872 473 convivio
914 430 963 471 in
1006 430 1276 484 primitiis
1319 430 1664 473 alumnorum

766 511 825 554 ab
864 523 1132 553 oeconomo
1172 511 1408 553 curando.

363 617 424 659 Ut
453 615 588 658 omnis
620 615 818 668 crapulae
850 614 1071 657 auferatur
1102 615 1280 671 occasio,
1313 614 1461 657 diebus
1493 615 1589 670 illis,
1623 614 1777 669 quibus
1802 615 1949 669 pietati

224 692 277 734 ob
308 691 487 746 primam
517 690 699 733 hostiam
732 690 809 733 deo
841 691 1008 732 litatam
1040 690 1296 746 vacandum,
1329 690 1524 744 deinceps
1557 690 1834 733 celebraturis
1865 690 1949 744 pri-

223 780 338 809 mum
376 780 543 810 sacrum
583 766 634 808 de
672 765 832 819 pietate
870 765 1034 821 potius,
1078 777 1205 818 quam
1238 765 1290 807 de
1322 765 1506 807 convivis
1539 765 1661 819 epulo
1695 764 1949 818 excipiendis

224 842 494 895 cogitandum
527 842 619 884 erit.
681 841 827 894 itaque
860 844 908 882 ut
939 839 1159 882 moderata
1191 839 1276 882 sint
1307 839 1533 893 prandium
1565 842 1609 882 et
1649 852 1800 896 coena,
1843 840 1947 882 nulli

222 917 338 960 ultra
377 917 482 960 duos
522 920 598 959 aut
635 920 722 959 tres
760 915 941 958 invitare
974 914 1240 957 concedetur.
1306 915 1342 957 si
1373 915 1445 969 qui
1476 918 1618 957 tamen
1650 917 1948 970 praeceptores

222 1004 322 1035 suos
355 994 430 1034 aut
460 991 624 1046 collegii
655 991 917 1044 inspectores
950 989 1077 1032 etiam
1110 1002 1261 1032 vocare
1293 990 1453 1043 volent,
1496 990 1546 1032 iis
1578 990 1656 1032 hoc
1694 990 1948 1044 permissum

222 1068 288 1109 sit.
341 1067 502 1110 fercula
534 1067 645 1109 bona
676 1078 749 1107 sex
782 1068 857 1107 aut
889 1067 985 1107 octo
1018 1064 1300 1120 parabuntur,
1333 1077 1444 1117 quae
1467 1064 1521 1106 ad
1542 1064 1668 1106 istam
1689 1064 1948 1107 hilaritatem

221 1142 390 1185 abunde
422 1141 656 1194 sufficiunt,
699 1153 772 1183 uec
805 1140 948 1193 plura,
982 1142 1030 1180 ut
1062 1139 1196 1181 omnis
1228 1139 1270 1180 in
1304 1139 1394 1181 cibo
1426 1139 1550 1181 luxus
1583 1139 1787 1193 evitetur,
1820 1151 1949 1193 appo·

220 1206 386 1260 nentur.
448 1220 497 1259 ut
537 1216 609 1270 qui
650 1215 833 1269 primum
873 1213 1009 1256 fecere
1048 1226 1216 1256 sacrum
1246 1214 1299 1255 ad
1332 1226 1532 1268 vesperas
1564 1216 1731 1257 mature
1762 1215 1947 1271 veniant,

220 1304 302 1334 non
335 1291 478 1333 multis
510 1291 625 1333 horis
656 1290 697 1331 in
730 1302 876 1332 mensa
907 1288 1157 1330 haerebunt.
1213 1289 1377 1342 vesperi
1409 1301 1579 1343 quoque
1601 1302 1685 1343 quo
1707 1290 1945 1343 paratiores

220 1367 324 1423 sint,
365 1369 536 1421 postero
577 1365 644 1408 die
686 1365 739 1407 ad
778 1377 868 1406 rem
900 1375 1068 1406 sacram
1099 1363 1408 1420 peragendam,
1453 1377 1625 1407 coenam
1658 1365 1774 1407 ultra
1804 1366 1946 1419 sesqui

219 1443 367 1485 horam
411 1455 493 1484 non
546 1440 808 1495 protrahent.
878 1442 1106 1492 antequam
1153 1439 1422 1481 alumnorum
1470 1440 1682 1494 quispiam
1734 1440 1944 1495 primitias

219 1518 425 1571 celebret,
468 1530 517 1560 ea
559 1517 611 1560 de
643 1530 687 1559 re
719 1515 1099 1559 reverendissimus
1131 1518 1173 1557 et
1204 1514 1518 1557 illustrissimus
1549 1515 1744 1569 princeps
1777 1527 1946 1574 monen-

218 1593 296 1636 dus
328 1594 420 1636 erit.

796 1786 1078 1830 Officium
1121 1785 1369 1828 scribae.

357 1892 542 1936 Obsonia
572 1904 648 1946 pro
672 1891 812 1934 culina
834 1892 1158 1944 comparaturus
1181 1889 1320 1931 forum
1343 1888 1530 1943 accedet,
1563 1901 1788 1932 oeconomo
1812 1889 1942 1932 ratio-

216 1981 310 2011 nem
344 1968 395 2011 de
427 1967 621 2009 omnibus
653 1965 914 2019 redditurus,
949 1964 1131 2007 exhibito
1155 1964 1419 2018 computario
1441 1964 1582 2006 libello
1606 1965 1942 2018 quotiescunque

215 2047 397 2097 petetur.
460 2043 645 2085 rationes
679 2041 947 2083 alumnorum
979 2043 1022 2081 et
1053 2039 1340 2082 convictorum
1382 2039 1642 2093 conscribet,
1686 2051 1793 2092 quas
1835 2039 1940 2081 nulli

216 2118 378 2175 tradet,
426 2117 506 2160 nisi
551 2117 668 2171 prius
710 2116 763 2158 ab
803 2126 1051 2170 oeconomo,
1098 2117 1271 2167 regente
1311 2117 1386 2156 aut
1427 2114 1737 2168 inspectoribus
1777 2114 1941 2167 collegii

215 2192 442 2235 videantur
488 2196 530 2235 et
576 2191 878 2245 approbentur.
948 2189 1108 2231 clavem
1154 2188 1283 2230 cellae
1328 2188 1516 2231 vinariae
1561 2200 1644 2231 non
1699 2189 1812 2245 ipse,
1866 2188 1941 2231 sed

216 2280 467 2310 oeconomus
498 2267 686 2322 habebit,
718 2265 851 2308 multo
883 2264 1022 2306 minus
1054 2263 1199 2305 vinum
1231 2264 1307 2305 aut
1338 2263 1556 2305 esculenta
1586 2262 1821 2319 praebebit,
1859 2263 1939 2306 nisi

214 2354 413 2396 expressa
444 2342 589 2385 habita
621 2353 646 2383 a
676 2339 966 2394 superioribus
998 2338 1177 2380 licentia.
1233 2341 1275 2380 et
1306 2338 1340 2380 si
1373 2338 1543 2392 quidem
1575 2351 1650 2380 suo
1684 2337 1818 2380 officio
1852 2350 1936 2380 non

214 2418 344 2471 probe
374 2418 578 2471 fungatur
609 2419 652 2459 et
683 2419 830 2459 contra
861 2415 937 2457 has
968 2414 1083 2467 leges
1115 2415 1272 2467 peccet,
1305 2413 1449 2455 vinum
1480 2412 1661 2455 maxime
1691 2413 1872 2455 alumnis
1895 2416 1939 2456 et

215 2492 525 2535 convictoribus
565 2491 829 2546 praebendO,
873 2490 1056 2544 primum
1094 2487 1279 2530 fiorenus
1311 2488 1392 2542 ipsi
1424 2501 1446 2530 e
1477 2487 1634 2531 salario
1666 2500 1806 2531 annuo
1840 2487 1938 2531 sub-

213 2567 422 2619 trahetur,
454 2566 639 2610 secundo
673 2578 854 2622 carcere,
886 2565 1013 2609 tertio
1045 2563 1288 2606 dimissione
1320 2562 1611 2606 mulctabitur.

766 2806 1049 2853 Officium
1090 2805 1392 2851 ianitoris.

352 2911 551 2969 Hyberno
592 2915 782 2967 tempore
822 2912 962 2955 media
999 2912 1105 2954 hora
1145 2911 1287 2966 citius,
1332 2922 1461 2964 quam
1493 2907 1670 2965 caeteri,
1714 2911 1862 2962 surget
1892 2912 1935 2951 et

212 3001 386 3032 musaea
417 2989 625 3032 inferioris
658 2988 841 3030 ambitus
874 2987 1102 3041 calefaciet,
1136 2985 1286 3028 deinde
1317 2985 1454 3027 claves
1487 2984 1541 3027 ad
1572 2983 1756 3026 medium
1788 2986 1932 3026 sextae

213 3078 238 3107 a
269 3064 432 3117 collegii
464 3067 636 3118 regente
667 3066 850 3118 repetet,
890 3062 942 3104 ad
974 3065 1141 3116 portam
1173 3059 1444 3114 postmodum
1474 3062 1567 3102 tota
1598 3058 1665 3101 die
1705 3058 1931 3111 diligenter

213 3140 510 3182 excubaturus.
574 3151 719 3181 eorum
757 3137 950 3192 nomina,
992 3136 1064 3190 qui
1102 3148 1151 3179 ex
1182 3134 1356 3188 collegio
1388 3146 1464 3188 per
1496 3133 1605 3176 diem
1640 3132 1931 3187 egrediuntur,
