2164 3535
246 210 330 252 350
826 207 901 241 Das
929 206 1191 241 Theresianum
1216 206 1253 240 in
1283 205 1399 241 Wien.

384 348 637 402 Intestinae,
680 348 798 400 queis
831 348 965 389 Roma
1005 348 1167 400 agitata
1208 360 1374 401 semper
1405 348 1505 401 fuit,
1547 346 1723 401 turbae,
1766 345 1977 389 libertatis

245 424 357 465 illius
399 424 535 465 adhuc
579 423 758 475 vigentis
800 426 924 464 erant
963 423 1181 465 indicium:
1230 422 1502 476 Reipublicae
1541 435 1640 475 ergo
1685 425 1809 464 erant
1839 421 1979 471 utiles,

246 502 471 552 motusque
512 498 554 538 hi
603 498 742 539 civiles
794 498 907 538 illam
958 499 1290 542 conservabant:
1340 510 1415 540 nec
1462 498 1539 539 nisi
1589 510 1684 540 cum
1731 496 1980 549 magnitudo

247 574 416 627 Imperii
450 573 587 615 turbis
621 573 916 615 substituisset
948 573 1071 621 bella,
1105 586 1302 615 corruere
1335 574 1482 626 coepit.

385 661 490 702 Cum
523 660 779 713 Respublica
811 663 977 701 mutata
1010 662 1094 711 est,
1134 660 1291 701 mutari
1325 659 1627 701 inevitabiliter
1660 659 1825 709 debuit;
1868 658 1981 712 quod

246 737 360 789 leges
394 740 437 777 et
468 735 666 776 instituta
699 734 853 787 quibus
887 734 1091 776 hactenus
1122 738 1315 787 steterat,
1349 735 1620 787 Reipublicae
1644 747 1725 776 non
1748 735 1981 787 incongrua

246 814 436 859 tantum,
481 810 553 852 sed
597 813 639 851 et
678 810 801 851 noxia
834 810 946 851 facta
977 810 1175 853 fuissent:
1220 813 1350 863 atque
1383 811 1487 852 adeo
1521 813 1698 852 conatus
1731 822 1877 852 eorum
1910 810 1981 863 qui

246 882 487 927 libertatem
531 885 593 926 vel
635 898 906 935 conservare,
951 885 1014 926 vel
1047 885 1273 927 restituere
1306 886 1524 935 volebant,
1566 885 1840 939 quantumvis
1874 885 1981 927 bono

248 960 398 1003 fierent
430 961 601 1013 intuitu,
636 962 758 1002 erant
788 960 1093 1013 imprudentes.

387 1037 617 1090 Imperium
651 1037 888 1078 Romanum
921 1049 1088 1089 semper
1120 1037 1463 1078 Haereditarium
1494 1037 1594 1086 fuit,
1639 1036 1703 1077 vel
1736 1035 1886 1077 saltem
1929 1035 1983 1076 ad

248 1113 454 1166 Principis
489 1112 706 1165 regnantis
740 1112 905 1153 libitum
938 1125 1073 1165 usque
1107 1112 1159 1154 ad
1192 1113 1512 1154 exstinctionem
1535 1113 1647 1154 illius
1670 1112 1710 1153 in
1738 1111 1980 1153 Occidente.

388 1188 557 1230 Veritas
598 1191 640 1229 et
672 1188 882 1229 Divinitas
921 1188 1017 1229 fidei
1047 1187 1313 1230 Christianae
1355 1201 1402 1229 ex
1435 1188 1650 1230 Historica
1681 1188 1794 1229 illius
1829 1199 1982 1240 propa-

249 1263 419 1316 gatione
452 1263 785 1305 demonstratur.

538 1531 606 1571 Ex
645 1530 754 1571 iure
794 1534 1009 1571 naturae
1049 1535 1098 1571 et
1135 1530 1466 1583 philosophia
1504 1530 1699 1572 morali.

926 1614 1311 1664 Quaestiones.

389 1718 498 1768 Quid
526 1719 597 1770 jus
630 1722 808 1759 naturae
842 1717 1143 1759 affirmativum
1177 1720 1218 1759 et
1250 1718 1493 1769 negativum
1526 1719 1568 1758 et
1599 1716 1710 1769 quod
1744 1716 1853 1756 inter
1882 1714 1984 1755 haec

250 1793 389 1846 quoad
424 1793 635 1843 obligandi
669 1793 840 1834 modum
875 1793 1099 1835 discrimen
1115 1794 1133 1833 ‘2²

389 1868 506 1918 Quae
533 1869 641 1920 juris
676 1869 990 1921 proprietates?

390 1943 507 1993 Quae
539 1956 705 1985 morum
739 1944 1060 1996 honestatisque
1094 1944 1270 1996 regula?

390 2019 505 2069 Quae
539 2019 798 2060 conditiones
834 2019 887 2060 ad
921 2022 1040 2060 actus
1073 2018 1336 2060 honestatem
1371 2019 1626 2071 requisitae?

390 2094 506 2144 Quae
544 2094 783 2146 ignorantia
823 2106 914 2135 eam
957 2094 1130 2135 turbet‘?
1178 2097 1220 2135 et
1262 2106 1337 2135 cur
1374 2093 1415 2134 id
1454 2105 1536 2134 non
1569 2093 1697 2135 faciat
1731 2096 1806 2134 aut
1840 2096 1979 2134 metus

252 2174 326 2210 aut
359 2170 419 2211 vis
434 2172 452 2210 ’ἐ

390 2244 497 2294 Quid
541 2244 750 2286 dictamen
794 2244 1074 2285 conscientiae
1116 2248 1158 2285 et
1199 2256 1274 2285 cur
1313 2244 1389 2285 hoc
1432 2244 1559 2285 etiam
1601 2244 1635 2286 si
1670 2244 1724 2285 sit
1757 2256 1982 2285 erroneum

251 2320 513 2372 sequendum
548 2320 634 2361 sit'?

390 2395 609 2445 Quomodo
642 2394 682 2435 in
717 2394 854 2435 dubiis
887 2395 1095 2436 formetur
1118 2394 1343 2444 dictamen,
1377 2394 1476 2448 quid
1502 2395 1747 2448 requiratur
1770 2398 1817 2436 ut
1840 2394 1983 2448 opinio

253 2484 349 2512 vere
399 2470 453 2511 sit
500 2469 753 2523 probabilis.
808 2482 882 2510 cur
926 2473 1116 2522 praestet
1162 2471 1273 2512 inter
1318 2470 1559 2523 probabiles
1608 2470 1839 2512 adhaerere
1890 2482 1985 2523 pro-

253 2544 474 2586 babiliori‘?

395 2620 503 2670 Quid
537 2619 718 2661 officium
753 2621 986 2673 perfectum
1020 2624 1062 2662 et
1092 2620 1416 2673 imperfectum?

394 2695 514 2736 [sude
548 2695 684 2737 officia
715 2707 816 2747 erga
847 2696 984 2737 Deum
1018 2694 1316 2736 deducuntur?

394 2772 509 2819 Quae
543 2782 644 2822 erga
676 2783 719 2811 se
751 2770 890 2822 ipsum
923 2769 1059 2810 officia
1092 2774 1134 2810 et
1168 2770 1320 2822 quibus
1350 2770 1766 2823 eomprehenduntur
1796 2771 1951 2823 regulis
1965 2771 1984 2811 ἶ)

395 2845 511 2894 Quae
543 2845 607 2886 sui
640 2857 899 2897 suarumque
933 2857 1074 2885 rerum
1109 2845 1370 2897 praescripta
1404 2846 1535 2886 cura?

394 2920 510 2969 Quae
543 2932 643 2971 erga
676 2919 778 2960 alios
812 2919 961 2967 officia,
998 2919 1091 2971 quis
1124 2919 1164 2959 in
1198 2919 1260 2959 his
1294 2919 1397 2960 ordo
1413 2920 1432 2960 ἵ)

395 2994 505 3044 Quid
536 2994 816 3040 mendacium,
850 2998 888 3035 et
923 3006 998 3035 cur
1030 3006 1196 3046 semper
1228 2994 1419 3035 illicitum
1432 2998 1451 3034 ἱ)

395 3069 605 3119 Quamdiu
633 3070 925 3122 juramentum
956 3069 1277 3122 promissorium
1311 3069 1502 3121 obligat?

396 3144 503 3196 Quid
538 3145 773 3185 communio
808 3145 1000 3193 negativa
1036 3149 1077 3184 oti
1109 3144 1289 3196 positiva
1322 3144 1559 3186 bonorum?
