2164 3535
382 247 494 282 Catal.
521 252 659 291 perpet.
687 247 804 281 Germ.
832 246 917 290 Sup.
947 249 1114 282 1602—4.
1167 246 1377 281 Juridische
1404 246 1533 282 Hilfsb.
1763 249 1812 288 17

231 389 284 429 In
317 388 577 442 Plautum,
616 386 891 441 Catullum,
930 386 1220 434 Horatium,
1254 385 1510 427 Tibullum
1542 384 1815 439 Succidanae‚

94 462 380 504 Praecidanea
409 463 609 504 Dousae
640 474 722 502 non
755 461 1070 503 contemnenda.

232 537 460 589 Philologis
493 536 591 578 addi
622 539 801 588 possunt
832 535 974 576 omnia
1003 535 1263 590 Casauboni,
1304 547 1413 588 quae
1454 534 1586 576 edidit
1626 534 1668 575 in
1701 532 1817 574 Stra-

95 614 259 667 bonem,
292 612 523 661 Laertium,
555 610 836 663 Theophrasti
866 612 1004 664 notas,
1035 610 1299 652 Athenaeum
1324 610 1503 662 denique
1530 609 1573 650 in
1598 609 1817 661 Augustae

98 687 310 729 Historiae
343 686 594 740 Scriptores,
627 685 874 726 Suetonium
907 688 949 725 et
981 685 1261 727 Theocritum.

304 977 637 1030 Juridische
681 975 971 1031 Schriften
1016 996 1146 1030 zum
1177 975 1620 1030 Verst‘andnisse

136 1081 237 1135 des
280 1081 609 1135 romischen
653 1079 901 1134 Rechtes
951 1081 1011 1134 in
1057 1078 1290 1135 Ciceros
1334 1079 1548 1135 Reden.
1619 1080 1786 1133 1604.

678 1191 745 1235 (A.
771 1190 817 1227 e.
842 1191 960 1226 x111.
988 1190 1036 1226 U.
1065 1191 1102 1226 b.
1128 1200 1162 1227 s.
1188 1191 1248 1235 p.)

238 1308 433 1360 Adiungo
456 1307 798 1359 Iurisconsultos‚
831 1307 903 1360 qui
935 1306 1172 1348 necessario
1210 1305 1373 1358 legendi
1407 1310 1507 1348 sunt
1538 1306 1588 1361 ei,
1621 1307 1693 1360 qui
1727 1319 1823 1348 cum

100 1384 225 1436 vulgo
266 1383 553 1436 Interpretum
591 1383 633 1424 in
671 1382 916 1436 explicando
956 1382 1011 1422 M.
1053 1382 1187 1423 Tullio
1229 1393 1372 1422 errare
1412 1393 1495 1422 non
1538 1381 1643 1423 uult.
1717 1381 1826 1423 Sunt

102 1462 246 1500 autem
274 1458 338 1499 hi:

244 1533 480 1576 Budaeus
513 1534 553 1574 in
586 1533 834 1575 Pandectas.
897 1520 1222 1585 Tiraquellus
1255 1531 1306 1573 de
1337 1531 1557 1573 nobilitate
1588 1536 1631 1573 et
1661 1531 1825 1584 legibus

105 1609 437 1652 connubialibus.

242 1684 462 1726 Jacobus
496 1683 734 1725 Cuiacius
766 1683 1034 1736 potissimum
1066 1683 1106 1724 in
1139 1682 1209 1724 lib.
1244 1682 1603 1724 obseruationum.

241 1759 357 1801 Jani
390 1758 621 1812 Corhasij
656 1758 937 1800 Miscellanea.

241 1833 509 1875 Barnabae
549 1833 802 1886 Brissonij
845 1833 896 1874 de
940 1833 1163 1875 verborum
1204 1832 1528 1889 significatione,
1577 1833 1617 1874 in
1659 1833 1728 1875 fol.
1777 1857 1825 1863 —-

104 1909 305 1951 Eiusdem
337 1909 433 1950 libri
465 1913 650 1961 quatuor
681 1908 933 1950 selectarum
965 1921 1014 1949 ex
1044 1909 1142 1950 Iure
1174 1909 1490 1961 antiquitatum.
1518 1933 1567 1938 -
1593 1909 1700 1950 Item
1733 1908 1829 1949 libri

107 1985 189 2026 duo
223 1984 459 2037 singulares
492 1984 543 2025 de
575 1985 659 2025 ritu
691 1983 936 2036 nuptiarum
968 1987 1011 2025 et
1042 1984 1133 2025 iure
1165 1984 1483 2025 connubiorum.

245 2059 271 2101 J
281 2060 423 2101 acobi
455 2059 679 2100 Reuardi
712 2071 841 2111 opera
872 2059 1025 2112 omnia,
1057 2059 1097 2099 in
1130 2058 1283 2111 quibus
1309 2059 1375 2099 uix
1398 2059 1607 2112 pagellam
1630 2061 1694 2099 est
1716 2071 1833 2111 repe-

110 2134 212 2187 rire,
254 2134 294 2175 in
338 2147 422 2187 qua
458 2147 540 2176 non
583 2134 734 2187 aliquis
766 2134 882 2176 locus
915 2133 1126 2175 Ciceronis
1159 2138 1234 2175 aut
1264 2134 1405 2175 Plauti
1437 2137 1509 2175 aut
1543 2133 1727 2175 Senecae
1759 2136 1833 2174 aut

111 2209 217 2251 alius
252 2209 348 2250 boni
381 2210 600 2262 scriptoris
633 2210 865 2263 explicetur
896 2212 971 2250 aut
1002 2209 1251 2251 illustretur.

249 2285 357 2326 Ant.
390 2284 667 2337 Augustini
698 2284 816 2326 Libri
848 2284 1201 2326 emendationum.

250 2360 359 2401 Ant.
394 2359 567 2413 Conzij
602 2359 834 2402 subseciva.

253 2435 393 2476 Petri
425 2435 578 2477 Fabri
609 2435 705 2476 libri
738 2434 789 2476 de
821 2433 1001 2475 diuersis
1034 2434 1189 2486 regulis
1223 2434 1346 2476 Iuris.

253 2510 392 2551 Petri
424 2510 656 2563 Gregorij
693 2509 972 2563 Syntagmata
1002 2509 1119 2550 iuris.

254 2585 455 2627 Indices
487 2585 584 2626 duo
613 2585 792 2638 emendi,
824 2585 858 2626 si
881 2585 1061 2625 inueniri
1082 2585 1256 2637 possint.
1306 2584 1423 2626 Vnus
1446 2584 1598 2637 triplex
1621 2582 1840 2625 Benedicti

116 2660 313 2710 Planutii.
375 2661 495 2702 Alter
526 2662 695 2703 Israelis
728 2661 910 2715 Spachij,
943 2661 1095 2703 Medici
1126 2661 1458 2713 Argentinensis.

196 3240 383 3266 Monumenta
403 3240 577 3266 Germaniae
596 3241 800 3273 Paedagogica
818 3240 898 3266 XVI.
1574 3236 1595 3267 2
