2164 3535
255 246 337 287 514
462 243 693 287 Einfuhrung
718 242 781 277 der
807 253 923 277 neuen
945 243 986 277 R.
1014 248 1056 277 st.
1083 244 1119 277 in
1146 242 1209 277 der
1236 242 1521 279 oberdeutschen
1540 243 1643 279 Prov.
1675 248 1774 281 1834.

255 384 371 436 deat3
402 384 444 426 in
476 384 708 438 maJ'oribus
740 357 1074 439 prm-adjunctis,
1107 385 1299 427 consulto
1322 385 1516 442 Rectore,
1550 386 1656 428 ratio
1678 385 1874 429 habenda
1905 387 1979 429 de—

254 458 439 515 finiatur,
472 459 624 501 saltem
657 471 734 512 pro
766 458 919 501 scholis
943 459 1252 513 Philosophiae.
1308 461 1481 514 Aliquot
1512 461 1661 504 diebus
1693 465 1791 504 ante
1813 462 1980 516 singula

255 534 447 577 examina
479 537 700 588 repetatur
733 535 773 576 in
796 534 953 589 schola,
986 538 1033 577 ut
1055 535 1235 577 satisfiat
1268 536 1455 588 Regulae
1481 538 1531 578 13
1564 536 1673 579 Prof.
1701 537 1981 590 superiorum.

1073 803 1163 856 §a

531 893 770 949 Singulae
808 895 1006 937 classes
1045 895 1340 937 facultatum
1381 896 1708 950 superiorum.

398 1013 446 1053 19
481 1009 636 1052 Omnes
669 1010 931 1064 professores
965 1023 1065 1053 suas
1100 1011 1268 1064 regulas
1301 1011 1535 1064 generatim
1568 1012 1621 1054 ad
1653 1012 1840 1055 litteram
1863 1012 1984 1066 sequi

254 1087 435 1137 possunt
466 1087 509 1127 et
540 1089 794 1139 sequantur3
827 1086 1081 1128 adnotamus
1114 1090 1281 1128 tantum
1314 1086 1355 1128 in
1388 1087 1526 1140 specie
1557 1088 1800 1141 sequentia:

396 1173 447 1214 29
480 1172 702 1215 Lectiones
735 1173 993 1216 Professoris
1027 1162 1196 1227 linguae
1235 1173 1480 1225 hebraicae,
1521 1175 1613 1230 qui,
1652 1174 1724 1217 ubi
1768 1174 1986 1217 commode

256 1245 345 1289 fieri
387 1249 548 1300 potest,
590 1249 700 1291 idem
742 1250 798 1292 sit
839 1263 887 1292 ac
920 1250 1165 1304 Scripturae
1207 1249 1303 1306 See,
1345 1251 1490 1292 Nostri
1533 1251 1683 1293 saltem
1716 1263 1792 1304 per
1825 1262 1982 1292 annum

256 1321 434 1364 audiant
465 1323 585 1376 (Reg.
612 1325 636 1366 8
669 1324 834 1381 Prov.),
866 1325 945 1367 nisi
971 1325 1102 1379 inepti
1125 1330 1398 1373 censeantur;
1433 1326 1595 1367 externi
1617 1338 1701 1367 non
1724 1325 1982 1378 obligentur:

256 1398 330 1440 sed
361 1402 503 1440 tamen
535 1400 664 1441 semel
696 1400 887 1454 inscripti
919 1414 1193 1454 perseverare
1225 1404 1466 1454 teneantur,
1499 1401 1682 1454 binaque
1715 1400 1858 1442 subire
1889 1412 1983 1442 exa-

256 1474 387 1528 mina,
429 1486 611 1526 quorum
653 1487 873 1517 successus
907 1475 1110 1529 Catalogo
1152 1477 1380 1518 inseratur.
1444 1476 1561 1517 Idem
1604 1476 1717 1518 valet
1748 1475 1983 1529 generatim

257 1548 309 1591 de
340 1549 432 1592 aliis
464 1549 666 1605 materiis,
699 1561 808 1602 quae
841 1551 1021 1594 alumnis
1053 1551 1211 1594 liberae
1243 1555 1354 1593 sunt.

396 1637 448 1678 39
482 1636 594 1678 Loco
637 1635 796 1678 ordinis
829 1639 1092 1678 tractatuum
1123 1639 1286 1691 Regula
1309 1640 1361 1682 7⁸2¹
1394 1638 1506 1680 Prof.
1541 1638 1682 1680 Theol.
1716 1638 1982 1694 praescripti,

258 1712 331 1765 qui
371 1712 606 1754 executioni
647 1711 739 1753 dari
779 1724 861 1753 non
901 1724 1026 1766 posse
1057 1712 1122 1755 hic
1154 1716 1197 1755 et
1226 1726 1337 1755 nunc
1369 1714 1556 1768 videtur,
1598 1713 1848 1757 observetur
1879 1713 1981 1755 ordo

259 1787 498 1841 descriptus
520 1788 561 1829 in
586 1787 899 1840 Progammate.
940 1787 1092 1840 (Cours
1116 1788 1321 1841 d’etudes‚
1344 1789 1442 1831 edit.
1488 1789 1685 1843 Friburgi
1708 1802 1816 1831 anno
1842 1790 1984 1841 1834.)

397 1878 450 1917 49
484 1875 660 1918 Praeses
693 1873 976 1917 conferentiae
1009 1887 1183 1917 casuum
1217 1875 1414 1918 advertat
1446 1876 1499 1918 ad
1521 1877 1620 1928 Reg.
1646 1877 1670 1917 8
1703 1876 1814 1917 Prof.
1839 1875 1980 1918 Theol.

258 1962 386 2005 mon,
428 1963 514 2004 qua
549 1950 727 2004 jubetur
767 1950 904 2004 prima
952 1963 1126 1993 casuum
1169 1951 1392 1994 collatione
1433 1954 1530 1992 ante
1575 1951 1733 2006 omnia,
1774 1951 1987 2003 generalia

259 2026 468 2079 principia
499 2038 707 2080 exponere
738 2026 851 2068 illius
883 2026 1101 2075 materiae,
1135 2027 1247 2068 circa
1278 2039 1406 2079 quam
1439 2038 1563 2068 casus
1596 2026 1873 2078 sequentibus
1905 2026 1986 2068 col-

258 2101 489 2144 lationibus
521 2101 710 2144 solvendi
743 2102 1042 2144 versabuntur.

398 2192 451 2233 59
495 2189 545 2232 In
597 2190 891 2245 Philosophia,
943 2190 1015 2232 ubi
1068 2190 1258 2232 locorum
1311 2189 1512 2243 adjuncta
1565 2189 1852 2242 exceptionem
1902 2200 1984 2230 non

262 2266 501 2320 postulant,
538 2266 663 2320 juxta
693 2267 788 2308 Rat.
832 2266 943 2309 stud.
980 2267 1098 2319 (Reg.
1135 2267 1159 2307 3
1192 2266 1303 2307 Prof.
1337 2265 1464 2317 Phil.)
1503 2264 1606 2307 haec
1647 2264 1703 2307 sit
1742 2263 1984 2306 distributio

261 2342 553 2384 materiarum:
606 2344 654 2383 19
687 2354 796 2383 anno
829 2341 1026 2384 tradatur
1061 2341 1238 2395 Logica,
1278 2340 1463 2394 Metaph.
1498 2344 1539 2382 et
1572 2339 1775 2381 Mathesis
1807 2339 1985 2381 elemen-

261 2417 367 2459 taris
408 2420 511 2459 tota.
574 2417 669 2458 Vid.
703 2417 804 2470 Reg.
829 2419 880 2459 41
917 2417 1026 2459 Prof.
1060 2416 1167 2458 Phil.
1202 2442 1254 2446 —
1289 2416 1485 2466 Quotidie
1530 2415 1581 2457 de
1613 2414 1794 2457 Mathesi
1837 2414 1988 2456 saltem

261 2504 337 2544 per
377 2491 522 2534 horam
566 2492 862 2546 explicandum
895 2493 1015 2545 (Reg.
1039 2493 1095 2534 40
1125 2492 1265 2545 ibid.);
1308 2491 1477 2534 brevius
1520 2494 1661 2533 tamen
1694 2503 1764 2542 ea,
1806 2502 1914 2543 quae
1945 2489 1988 2531 in

260 2566 530 2609 inferioribus
563 2570 749 2609 tractata
781 2569 892 2609 sunt.
946 2568 1064 2620 (Reg.
1089 2568 1162 2621 41)
1196 2592 1244 2596 —
1280 2569 1331 2609 29
1366 2579 1474 2608 anno
1507 2565 1705 2608 tradatur
1736 2565 1914 2619 Physica
1945 2568 1988 2607 et

260 2641 534 2696 Philosophia
581 2642 752 2685 moralis
793 2643 912 2695 (Reg.
948 2644 972 2684 3
1015 2642 1168 2696 ejusd.)
1218 2655 1265 2684 ac
1311 2655 1388 2695 pro
1435 2640 1726 2695 capacioribus
1773 2640 1987 2693 libereque

262 2716 501 2759 volentibus
525 2717 729 2760 Mathesis
762 2717 984 2760 sublimior
1016 2718 1135 2772 (Reg.
1160 2718 1245 2768 42).
1271 2742 1322 2746 —
1357 2718 1408 2759 39
1442 2729 1566 2772 anno7
1599 2716 1699 2757 dum
1729 2715 1986 2765 conceditur,

266 2794 506 2834 tractentur
536 2792 632 2834 illae
665 2792 936 2845 quaestiones
967 2792 1173 2846 Physicae
1206 2795 1249 2834 et
1278 2791 1609 2845 Metaphysicae‚
1641 2802 1751 2844 quae
1782 2790 1847 2832 vel
1879 2793 1988 2832 trac-

263 2872 378 2910 tatae
409 2881 491 2910 non
525 2871 650 2921 sunt,
684 2869 748 2911 vel
780 2869 915 2911 fusius
948 2868 1126 2910 tractari
1158 2868 1400 2922 postulant,
1444 2869 1486 2908 et
1516 2865 1720 2908 Mathesis
1753 2864 1984 2907 sublimior.

401 2954 583 3008 Tempus
630 2958 774 2997 autem
816 2954 881 2997 his
928 2955 1117 2997 materiis
1158 2955 1300 2997 detur:
1353 2954 1534 3007 Logicae
1575 2953 1638 2995 vel
1682 2951 1901 3006 Metaphee
1939 2963 1987 2994 ac

264 3029 467 3084 Physicae
497 3029 620 3071 binae
658 3030 847 3083 quotidie
880 3029 1028 3081 horae3
1068 3030 1248 3072 Mathesi
1285 3033 1334 3071 19
1369 3042 1478 3071 anno
1512 3030 1535 3069 5
1569 3028 1718 3070 saltem
1750 3026 1880 3069 horae
1912 3039 1986 3081 per

265 3104 593 3155 hebdomadam3
627 3105 762 3147 altero
794 3118 902 3147 anno
935 3106 974 3157 3,
1006 3105 1145 3147 PhileG
1183 3117 1287 3146 mor.
1321 3106 1347 3145 4
1378 3116 1453 3156 per
1484 3101 1805 3145 hebdomadam.

403 3185 560 3228 Verum
594 3186 629 3227 si
662 3186 829 3238 alicubi,
863 3189 908 3227 ut
937 3186 1025 3239 jam
1058 3185 1278 3237 Friburgi,
1317 3184 1421 3226 Phil.
1456 3184 1627 3226 moralis
1659 3183 1804 3236 logicis
1836 3182 1985 3224 saltem
