2164 3535
186 228 271 270 390
551 223 737 259 Deutsche
763 222 1125 266 Reformvorschlage
1150 222 1209 257 fiir
1234 221 1292 257 die
1317 222 1360 257 R.
1388 226 1430 257 st
1460 225 1557 258 1829.

220 450 315 514 §Z
377 459 450 501 De
490 455 704 511 regulis
745 454 1093 510 professoris
1131 453 1516 497 scholasticae
1556 455 1888 508 theologiae.

324 562 395 605 Ad
427 561 652 604 titulum.
706 560 869 603 Nomen
909 558 1188 602 scholasticae
1229 558 1469 613 theologiae
1500 559 1625 602 hodie
1658 560 1802 603 multis
1836 573 1922 603 am·

185 640 361 693 biguum
393 637 575 680 videtur.
623 637 718 689 Alii,
752 639 795 680 et
825 648 936 678 1111116
969 637 1070 677 311111
1101 647 1229 689 (1116111
1263 635 1434 688 plurimi
1457 648 1481 677 a
1514 635 1789 678 novatoribus
1814 636 1923 678 male

187 714 344 769 edocti,
381 713 452 755 illo
484 712 654 754 nomine
684 712 929 765 intelligunt
959 711 1218 765 farraginem
1252 724 1388 765 aeque
1419 711 1633 754 inutilium
1665 724 1793 765 quam
1826 711 1924 754 sub-

187 790 375 832 tiliorum
409 788 726 843 quaestionum,
758 800 868 841 quae
901 787 1055 840 dogma
1087 787 1369 830 christianum
1400 787 1535 839 magis
1568 786 1924 829 contemtibile

189 877 317 919 quam
348 863 686 916 intelligibile
708 863 903 918 reddant,
935 863 1080 916 itaque
1102 863 1284 906 abusum
1317 862 1595 905 scholasticae
1625 875 1720 905 cum
1742 863 1925 916 ipsamet

189 939 445 983 scholastica
485 938 761 982 confundunt.
828 938 929 993 Alii,
955 937 1121 991 J'udices
1155 938 1398 994 aequiores,
1440 938 1686 991 intelligunt
1718 937 1832 991 quod
1864 937 1924 980 rei

190 1017 269 1072 est,
301 1015 598 1058 scholasticam
631 1013 890 1066 theologiam
923 1013 1192 1066 potissimum
1236 1013 1466 1056 consistere
1498 1014 1538 1054 in
1574 1013 1797 1069 methodo,
1841 1026 1926 1066 qua

191 1090 395 1132 materiae
426 1090 537 1131 inter
568 1102 613 1131 se
645 1088 992 1143 distribuuntur,
1034 1091 1076 1130 et
1101 1089 1228 1141 juxta
1260 1088 1442 1141 rigorem
1476 1088 1721 1130 dialecticae
1752 1088 1925 1142 inquisi-

191 1165 317 1208 tionis
349 1165 644 1219 explanantur.
699 1163 963 1206 Scholastica.
995 1164 1221 1217 posteriori
1253 1164 1332 1206 hoc
1361 1176 1504 1219 sensu,
1537 1177 1618 1206 non
1652 1163 1922 1207 obstantibus

189 1244 459 1295 novatorum,
491 1240 562 1293 qui
594 1240 636 1281 in
659 1238 798 1281 Gallia
829 1238 1108 1292 sapientiores
1141 1251 1186 1281 se
1218 1239 1378 1295 dicunt,
1410 1239 1804 1294 declamationibus,
1838 1252 1924 1281 om-

191 1317 290 1360 nino
328 1315 570 1370 retinenda,
613 1314 715 1368 quin
748 1314 830 1356 imo
863 1314 1019 1369 magiS,
1060 1327 1187 1367 quam
1221 1318 1367 1369 antea,
1409 1314 1698 1368 promovenda
1739 1315 1928 1373 videtur3

191 1392 289 1434 talis
321 1404 489 1445 semper
520 1390 602 1432 fuit
642 1390 854 1433 sententia
894 1390 1131 1443 societatis,
1174 1403 1302 1443 quam
1334 1390 1462 1432 etiam
1505 1390 1737 1432 declaravit
1776 1390 1928 1432 ultima

193 1479 335 1520 congr.
370 1479 461 1520 gen.
486 1466 600 1508 XXI.
635 1466 864 1508 Praeterea
895 1465 1011 1507 illam
1043 1465 1292 1507 methodum
1324 1477 1408 1507 non
1441 1465 1576 1508 solum
1601 1465 1654 1507 ab
1686 1465 1928 1507 illustriori-

192 1543 272 1585 bus
303 1542 541 1595 theologiae
575 1554 622 1583 ac
654 1540 945 1595 philosophiae
978 1540 1273 1595 scriptoribus,
1306 1541 1416 1583 inter
1449 1553 1555 1594 quos
1588 1541 1716 1583 etiam
1739 1541 1925 1583 Bossuet

193 1622 236 1661 et
257 1618 428 1661 Leibniz
461 1617 575 1658 haud
608 1616 762 1658 dubiae
793 1616 1062 1658 auctoritatis
1086 1620 1199 1671 311111,
1233 1615 1514 1670 adprobatam
1538 1616 1744 1668 videmus,
1778 1629 1923 1658 verum

194 1694 321 1736 etiam
344 1706 369 1735 a
400 1692 629 1747 modernis,
661 1691 873 1734 solidioris
906 1690 1122 1733 doctrinae
1154 1691 1268 1746 viris,
1302 1691 1402 1745 quin
1436 1691 1540 1734 adeo
1575 1704 1599 1734 a
1630 1695 1930 1745 protestan-

195 1768 353 1823 tibus,
406 1767 519 1821 (vide
568 1767 627 1809 sir
673 1767 819 1809 James
866 1766 1159 1822 Mackintosh,
1212 1767 1482 1809 miscellanea
1533 1766 1789 1820 philosoph.)
1839 1767 1930 1820 ejus

196 1843 574 1895 restaurationem,
627 1844 775 1895 utpote
821 1841 980 1883 nostris
1029 1840 1294 1894 temporibus
1341 1841 1647 1896 necessariam,
1700 1842 1929 1895 plurimum

196 1917 442 1973 desiderari,
474 1930 556 1959 non
580 1917 670 1959 sine
702 1916 982 1959 admiratione
1014 1917 1221 1959 novimus,
1274 1916 1444 1959 Interea
1476 1920 1617 1959 tamen
1643 1918 1733 1971 jam
1756 1918 1928 1971 plurimi

196 1996 418 2036 tentarunt
439 1993 518 2034 sub
542 2005 624 2034 uno
647 1992 814 2034 nomine
846 1992 1140 2045 theologiae
1163 1992 1511 2048 dogmaticae,
1543 1992 1782 2048 posivitam,
1815 1993 1929 2046 pole-

196 2069 347 2110 micam
380 2071 422 2110 et
460 2068 756 2111 scholasticam
798 2067 1053 2121 theologiam
1098 2068 1337 2121 complecti;
1381 2070 1423 2109 et
1454 2080 1564 2109 1111116
1596 2068 1637 2109 111
1681 2068 1931 2121 quaestione

199 2144 393 2200 ponitur,
434 2148 579 2185 utrum
613 2144 901 2187 Scholasticae
933 2144 1170 2197 theologiae
1203 2144 1327 2186 titulo
1360 2156 1510 2185 nomen
1551 2143 1789 2196 theologiae
1821 2143 1931 2197 Dog-

197 2220 377 2262 maticae
422 2220 684 2262 substituere
729 2220 963 2262 conveniat.
1039 2219 1160 2270 Quod
1208 2224 1256 2261 ut
1300 2218 1395 2275 fiat,
1441 2219 1624 2262 suadent
1671 2218 1842 2272 quidem
1889 2222 1932 2262 et

197 2295 393 2351 nominis,
425 2295 476 2337 de
499 2308 583 2348 qua
614 2294 811 2351 diximus,
844 2294 1098 2348 ambiguitas
1131 2298 1174 2337 et
1206 2307 1308 2337 usus
1340 2294 1589 2343 modernus;
1625 2307 1770 2336 verum
1803 2294 1929 2336 etiam

201 2371 450 2414 dissuadent
481 2370 670 2423 pericula
701 2370 963 2425 novitatum,
996 2382 1104 2423 qnae
1136 2369 1285 2411 nullibi
1317 2370 1450 2423 magis
1485 2382 1613 2423 quam
1644 2370 1685 2411 in
1719 2369 1931 2422 theologia

199 2445 412 2488 timendae
443 2448 561 2487 sunt:
594 2444 762 2487 sublato
796 2444 906 2486 enim
938 2445 1121 2499 nomine,
1155 2457 1221 2487 res
1250 2444 1344 2498 ipsa
1369 2445 1458 2497 J'am
1490 2444 1654 2487 facilius
1687 2444 1864 2486 tollitur.

338 2533 409 2574 Ad
448 2532 654 2585 regulas
685 2532 733 2574 in
766 2545 963 2585 genere.
1028 2532 1133 2574 Cum
1165 2532 1335 2585 plurimi
1367 2535 1580 2574 tractatus
1613 2531 1838 2584 theologici
1869 2531 1930 2573 in-

201 2608 426 2650 veniantur
456 2607 567 2661 typis
599 2607 804 2663 mandati,
836 2608 875 2649 in
910 2607 1065 2660 quibus
1099 2607 1364 2660 praescripta
1387 2606 1611 2649 Societatis
1642 2607 1753 2648 circa
1777 2606 1930 2648 doctri-

201 2695 299 2724 nam
333 2682 373 2724 S.
397 2683 581 2724 Thomae
612 2682 692 2724 rite
723 2685 963 2737 servantur,
997 2685 1040 2723 et
1072 2681 1174 2723 ordo
1206 2681 1483 2723 materiarum
1518 2682 1686 2723 omnino
1719 2680 1928 2723 consentit

202 2770 298 2800 cum
329 2757 400 2813 iis,
431 2770 541 2810 quae
571 2759 737 2799 statuta
767 2761 886 2808 sunt;
927 2756 1126 2798 videntur
1157 2769 1226 2811 ea,
1260 2768 1370 2809 quae
1400 2756 1559 2809 passim
1592 2755 1643 2797 de
1674 2756 1744 2797 illo
1779 2754 1945 2797 ordine·

202 2832 244 2874 in
287 2832 443 2885 regulis
487 2835 736 2888 occurrunt,
784 2834 878 2874 tuto
920 2831 1055 2873 omitti
1099 2843 1245 2886 posse,
1293 2844 1340 2873 eo
1380 2830 1539 2885 magis,
1585 2829 1699 2883 quod
1746 2829 1930 2883 plurima

205 2910 432 2949 occurrant
473 2919 565 2948 cum
609 2910 851 2949 nostrorum
891 2909 1133 2960 temporum
1165 2906 1330 2948 ratione
1361 2909 1403 2947 et
1436 2904 1742 2947 consuetudine
1773 2905 1929 2958 ubique

204 2982 376 3035 recepta
417 2985 459 3023 et
499 2981 735 3036 approbata
774 2981 944 3024 minime
985 2981 1312 3032 consentientia,
1351 2984 1394 3023 et
1425 2992 1535 3033 quae
1566 2980 1739 3033 insuper
1770 2979 1928 3021 abusus

205 3054 413 3109 quosdam
454 3056 578 3098 hodie
618 3068 700 3098 non
742 3056 922 3110 amplius
964 3055 1191 3098 existentes
1230 3067 1306 3097 nec
1344 3058 1431 3097 tam
1462 3055 1584 3097 facile
1615 3053 1927 3097 resuscitandos

206 3130 491 3183 redarguunt:
530 3131 611 3172 huc
642 3131 823 3173 maxime
855 3134 1050 3184 spectant
1081 3131 1253 3183 regulae
1286 3133 1308 3171 7
1341 3132 1442 3172 611).
1505 3129 1626 3180 Quod
1659 3129 1711 3171 ad
1744 3129 1927 3181 reliquas
