2164 3535
220 210 302 252 342
797 204 873 239 Das
899 203 1164 238 Theresianum
1192 202 1228 237 in
1256 201 1374 237 Wien.

969 460 1039 502 De
1077 460 1198 502 luce.

883 541 1288 583 Theoremata.

359 646 583 700 ObJ'ectum
627 649 724 699 post
764 645 983 699 speculum
1022 646 1195 699 planum
1228 644 1397 686 videtur
1429 646 1616 686 erectum
1652 643 1723 684 ubi
1757 642 1952 685 cathetus

223 723 476 765 incidentiae
511 722 725 764 concurrit
757 734 852 763 cum
887 721 1006 763 radio
1039 721 1193 763 reflexo
1228 720 1486 762 continuato.

360 798 495 839 Tanto
527 797 751 839 intervallo
785 796 918 838 distat
948 796 1087 849 imago
1120 798 1215 850 post
1255 796 1498 849 speculum,
1540 797 1700 848 quanto
1741 793 1952 847 objectum

221 887 246 915 a
277 873 448 926 speculo
481 876 691 914 remotum
725 875 801 914 est.

361 948 403 990 Si
447 948 658 1001 obJectum
700 947 838 989 radiet
878 948 919 988 in
961 947 1181 1000 speculum
1223 959 1451 988 convexum
1496 946 1634 998 imago
1671 944 1839 986 videtur
1869 944 1954 986 situ

222 1027 376 1079 erecto,
411 1023 483 1064 sed
515 1023 664 1066 minor.

361 1099 408 1140 In
443 1099 615 1152 speculo
649 1111 830 1140 concavo
863 1110 939 1151 pro
964 1098 1129 1140 diverso
1153 1098 1237 1139 situ
1261 1097 1369 1139 oculi
1388 1097 1476 1150 jam
1499 1097 1651 1149 majus,
1680 1096 1768 1149 jain
1793 1094 1952 1145 minus3

219 1175 305 1227 jam
338 1174 423 1217 situ
456 1176 609 1227 erecto,
637 1175 724 1227 Jam
759 1173 924 1215 inverso
957 1173 1182 1214 videbitur.

360 1249 521 1291 Radius
554 1249 916 1302 perpendicularis
948 1248 1135 1290 incidens
1168 1260 1249 1289 non
1284 1239 1542 1300 refringitur.

360 1324 521 1366 Radius
555 1325 724 1377 oblique
756 1324 943 1366 incidens
977 1336 1026 1365 ex
1058 1322 1194 1365 medio
1228 1321 1413 1364 densiori
1445 1322 1486 1362 in
1527 1322 1664 1363 rarius
1705 1321 1954 1374 refringitur

222 1414 246 1441 a
278 1400 594 1455 perpendiculo,
627 1413 677 1442 ex
709 1400 860 1441 rariori
894 1400 934 1440 in
970 1399 1140 1441 densius
1175 1398 1228 1440 ad
1261 1397 1621 1452 perpendiculum.

360 1475 403 1517 Si
428 1475 518 1517 Lux
550 1475 753 1528 parallele
783 1474 940 1516 incidat
974 1475 1014 1515 in
1046 1474 1201 1516 lentem
1234 1473 1622 1527 plano-convexam
1654 1473 1719 1514 vel
1751 1485 1953 1514 convexo—

225 1564 451 1593 convexam
484 1551 525 1592 in
557 1551 647 1592 foco
682 1550 906 1603 colligitur.

361 1626 404 1668 Si
446 1626 551 1668 radii
592 1626 794 1679 parallele
833 1625 1022 1667 incidant
1054 1625 1095 1666 in
1128 1625 1282 1667 lentem
1315 1625 1720 1678 plano-concavam,
1764 1623 1828 1665 vel
1860 1636 1954 1665 con-

223 1713 599 1756 cavo-concavam,
631 1702 672 1742 in
705 1714 878 1754 egressu
911 1701 1143 1753 divergent.

901 1965 1268 2008 Problemata.

361 2071 526 2113 Tubum
560 2071 916 2121 Astronornieum,
950 2072 1226 2123 Terrestrem,
1259 2071 1582 2113 Newtonianuni
1614 2083 1833 2124 exponere.

359 2147 466 2188 Item
499 2146 826 2199 Engyscopium.

362 2221 583 2273 Exponere
618 2221 696 2262 vim
731 2222 936 2263 vitrorum
969 2226 1011 2264 et
1042 2222 1310 2275 speculorum
1344 2223 1640 2264 causticorum.

363 2295 540 2338 Efficere
572 2301 617 2338 ut
651 2297 862 2349 obJ'ectum
895 2297 1036 2351 altius,
1069 2298 1220 2352 majus⁷
1252 2302 1293 2339 et
1325 2298 1542 2351 multiplex
1577 2302 1794 2352 appareat.

362 2371 556 2413 Invenire
587 2373 727 2414 focum
760 2372 972 2414 Lentium.

902 2637 1272 2679 Assertiones.

364 2739 455 2780 Lux
489 2753 570 2781 non
605 2742 799 2783 consistit
828 2742 867 2783 in
901 2743 1084 2795 quodam
1118 2742 1322 2795 profluvio
1357 2754 1404 2783 ex
1430 2740 1526 2783 Sole
1556 2746 1630 2783 aut
1653 2742 1744 2783 aliis
1769 2742 1951 2795 corpori-

226 2816 304 2857 bus
338 2815 488 2857 lucidis
521 2816 573 2856 ad
607 2817 773 2858 oculum
806 2817 1068 2869 transmisso,
1101 2818 1173 2859 sed

364 2902 408 2943 In
444 2902 635 2955 pulsibus
668 2903 785 2945 fluidi
818 2905 996 2958 alicujus
1026 2906 1303 2961 subtilissimi,
1335 2907 1553 2955 rarissimi,
1587 2907 1765 2949 maxime
1790 2907 1949 2948 elastici

227 2989 251 3018 a
282 2989 457 3030 corpore
490 2977 626 3018 lucido
661 2980 857 3031 acceptis.
893 2981 1005 3032 quod
1038 2980 1214 3022 fluidum
1247 2981 1459 3023 aetherem
1494 2995 1703 3024 vocamus.

363 3062 544 3105 Diversa
577 3063 773 3106 refractio
807 3065 987 3108 habetur
1019 3067 1071 3107 ab
1104 3067 1299 3108 universa
1331 3067 1402 3108 illa
1435 3068 1643 3118 gravitate
1668 3080 1751 3119 qua
1774 3080 1951 3121 corpora

227 3136 280 3177 ad
313 3149 358 3178 se
388 3137 564 3178 invicem
597 3138 814 3180 accedunt.
