2164 3535
191 206 271 246 168
766 196 1218 244 Gymnasial-Padagogik
1246 196 1344 232 1736.

327 343 443 386 VIII.
487 342 706 385 Neminem
736 340 824 383 suis
846 339 936 392 ipse
957 337 1153 379 manibus
1176 336 1382 389 Magister
1405 335 1569 388 caedat,
1601 336 1681 378 nisi
1704 337 1913 389 quatenus

190 418 314 462 Ratio
354 418 594 461 studiorum
632 419 876 458 nostrorum
915 412 1145 467 permittit:
1193 412 1233 453 in
1274 423 1360 465 qua
1398 424 1473 464 per
1508 423 1594 464 reg.
1619 412 1672 453 38
1704 411 1840 452 Praef.
1875 413 1917 452 et

193 507 278 547 reg.
303 495 358 536 40
391 493 504 536 Com.
549 491 758 534 sancitum
800 493 883 545 est,
926 490 974 530 ut
1006 487 1250 542 Corrector,
1296 487 1367 540 qui
1408 487 1460 529 de
1492 486 1702 528 Societate
1733 498 1815 527 non
1847 485 1916 537 sit,

193 569 459 623 adhibeatur,
491 567 657 621 quoties
690 569 876 607 extremo
908 564 979 605 illo
1012 563 1229 616 virgarum
1262 562 1468 615 supplicio
1500 562 1710 615 quispiam
1733 559 1913 603 afficien-

196 645 275 687 dus
307 647 386 700 est,
418 646 492 685 aut
523 643 571 683 ut
599 641 861 693 excogitetur
883 639 1134 681 conveniens
1158 639 1241 680 alia
1263 637 1499 691 castigandi
1522 637 1645 692 ratio,
1679 636 1750 678 ubi
1773 634 1917 678 haberi

195 720 304 763 forte
327 719 551 762 Corrector
572 729 652 758 non
676 716 845 769 poterit.
881 715 1005 758 Certe
1028 714 1068 757 S.
1084 715 1129 756 P.
1145 715 1195 756 N.
1219 714 1426 769 Ignatius,
1452 713 1643 767 quamvis
1666 711 1835 766 plurimi
1857 723 1920 752 re-

197 797 430 838 clamarent
452 796 493 835 et
515 795 731 845 comperta
752 804 833 833 usu
855 790 1167 844 impedimenta,
1202 793 1407 843 tanquam
1429 787 1745 843 insuperabilia,
1769 785 1917 839 objice-

199 874 305 922 rent,
338 882 474 922 usque
505 880 553 910 eo
586 870 728 909 tamen
760 866 929 919 institit,
962 868 1009 907 ut
1032 865 1256 908 Corrector
1288 869 1514 907 extraneus
1547 863 1704 916 ubique
1732 863 1921 904 locorum

201 945 547 997 constitueretur,
579 946 629 985 ut
661 955 825 985 omnem
857 942 1162 997 propemodum
1196 941 1320 983 fidem
1353 943 1537 994 superet.
1590 938 1699 980 Nam
1731 941 1774 979 et
1804 949 1924 991 prae-

200 1022 368 1074 ceptum
401 1018 664 1061 obedientiae
696 1018 935 1060 adhibebat.
1002 1017 1166 1069 (Sacch.
1200 1017 1226 1058 l.
1260 1018 1313 1068 c.)

337 1095 410 1137 IX.
459 1094 591 1136 Nemo
623 1093 835 1147 plectatur
866 1093 957 1134 loco
990 1092 1182 1134 solitario
1216 1093 1291 1133 aut
1322 1090 1495 1132 remotis
1528 1088 1723 1138 arbitris;
1764 1087 1858 1143 sed,
1890 1088 1926 1130 si

202 1170 391 1214 nocentis
423 1169 532 1211 forte
564 1168 786 1222 cujusdam
817 1167 883 1209 vel
915 1167 1101 1209 criminis
1133 1166 1329 1208 habenda
1361 1169 1426 1207 est
1457 1165 1565 1206 ratio
1598 1163 1822 1218 peculiaris
1856 1163 1926 1216 (de

203 1259 286 1300 quo
319 1249 508 1288 statuere
539 1244 785 1286 Praefectus
819 1242 1029 1294 debebit),
1064 1241 1291 1284 adhibendi
1323 1244 1448 1282 erunt
1479 1240 1698 1282 minimum
1730 1238 1927 1292 quaterni

202 1326 333 1364 testes
376 1324 451 1363 aut
488 1319 606 1373 quini
644 1332 694 1361 ex
725 1318 1044 1372 condiscipulis,
1088 1317 1151 1359 vel
1184 1317 1271 1359 bini
1303 1316 1372 1358 alii
1405 1329 1453 1358 ex
1486 1315 1641 1358 nostris
1675 1313 1926 1356 hominibus.

204 1396 326 1448 Quod
368 1395 539 1449 quidem
579 1407 627 1436 eo
672 1394 910 1447 religiosius
951 1392 1264 1435 observandum
1298 1395 1382 1443 est,
1425 1391 1538 1445 quod
1570 1390 1843 1432 interdictum
1875 1389 1931 1431 sit

204 1472 308 1515 alias
341 1482 510 1525 quoque
531 1468 885 1522 Praeceptoribus
919 1467 1130 1523 omnibus,
1162 1479 1215 1508 ne
1246 1478 1475 1520 puerorum
1508 1478 1749 1519 quenquam
1781 1477 1857 1507 seu
1887 1464 1930 1506 in

205 1547 349 1591 schola
388 1558 598 1600 unquam,
640 1557 714 1587 seu
754 1544 836 1586 alio
875 1544 966 1586 loco
1000 1543 1166 1597 privato
1202 1542 1339 1584 solum
1371 1542 1460 1583 sine
1492 1541 1663 1583 arbitris
1696 1540 1930 1589 detineant3

205 1622 375 1666 tametsi
417 1621 606 1663 literario
648 1620 773 1662 alicui
816 1620 881 1662 vel
914 1620 1090 1661 alterius
1124 1618 1289 1671 generis
1321 1617 1490 1670 negotio
1524 1616 1788 1658 adhibendus
1819 1615 1933 1669 quis—

205 1699 319 1754 piam
350 1697 588 1740 necessario
619 1695 740 1738 foret.
794 1694 971 1749 Semper
1003 1695 1159 1748 quippe
1191 1693 1364 1747 adjungi
1387 1693 1491 1735 alios
1514 1695 1694 1746 oportet.
1747 1690 1931 1745 (Adjum.

207 1773 319 1816 stud.
351 1773 465 1815 hum.
499 1785 537 1814 n.
564 1774 587 1813 7
621 1775 663 1813 et
693 1771 738 1813 P.
772 1771 873 1813 Bus.
906 1783 944 1812 n.
971 1772 993 1811 7
1028 1773 1070 1811 et
1102 1771 1161 1821 9.)

344 1848 396 1890 X.
446 1847 632 1900 Quisque
672 1846 841 1888 demum
882 1849 925 1887 et
968 1857 1138 1898 quoquo
1176 1844 1390 1898 plectatur
1430 1855 1591 1897 poenae
1629 1856 1805 1896 genere,
1847 1843 1934 1885 irae

208 1924 376 1979 penitus
399 1922 605 1974 Magister
636 1924 858 1974 temperet,
893 1933 988 1962 cum
1021 1933 1105 1973 qua
1137 1919 1430 1962 nihilomnino
1454 1923 1567 1961 recte
1590 1914 1762 1972 geritur.v
1813 1918 1936 1961 Absit

210 2000 310 2041 item
351 1997 596 2051 arrogantia
633 2000 676 2038 et
715 1995 927 2050 quaedam
973 1995 1095 2048 quasi
1136 1995 1356 2037 insultatio
1389 1995 1453 2036 vel
1486 1995 1734 2044 ostentatio3
1782 1994 1936 2047 quibus

210 2074 313 2116 nihil
343 2072 541 2115 odiosius.
606 2071 688 2113 Sed
721 2074 763 2112 et
795 2069 999 2124 quicquid
1032 2073 1097 2111 est
1127 2070 1308 2112 invidiae
1340 2069 1481 2124 potius
1515 2073 1681 2111 avertat
1717 2070 1758 2111 in
1796 2082 1935 2112 reum:

212 2149 284 2203 qui
316 2159 580 2191 communem
613 2146 798 2199 quietem
831 2148 874 2187 et
905 2145 1166 2187 hilaritatem
1198 2145 1421 2199 perturbet
1451 2145 1631 2190 scilicet:
1665 2145 1736 2198 qui
1762 2143 1937 2186 Scholae

212 2228 255 2267 et
296 2221 679 2275 condiscipulorum
720 2232 871 2262 nomen
914 2220 1129 2270 obscuret,
1173 2220 1245 2273 qui
1284 2220 1458 2262 lenitate
1502 2223 1629 2273 atque
1661 2219 1937 2273 indulgentia,

214 2312 298 2353 qua
324 2297 529 2351 Magister
560 2295 623 2338 uti
655 2296 801 2351 vellet,
843 2307 1056 2348 quamque
1088 2298 1353 2337 caeterorum
1385 2295 1576 2348 probitas
1608 2298 1842 2343 mereatur,
1876 2294 1938 2336 uti

215 2388 297 2417 non
330 2374 462 2428 sinat,
494 2376 537 2414 et
568 2371 650 2414 alia
682 2371 724 2412 id
757 2384 909 2424 genus:
951 2384 1060 2424 quae
1093 2384 1140 2413 eo
1174 2384 1300 2413 sensu
1332 2384 1514 2424 cumque
1545 2373 1723 2424 paterna
1755 2370 1938 2424 quadam

216 2449 516 2503 conquestione
555 2447 616 2488 ita
657 2450 886 2500 proponet,
928 2448 976 2488 ut
1014 2446 1133 2499 pueri
1173 2445 1577 2498 doleantMagistri
1621 2446 1752 2488 vicem
1784 2445 1939 2499 potius,

215 2538 342 2579 quam
375 2522 647 2576 condiscipuli
682 2534 818 2575 poena
849 2524 1093 2574 tangantur.
1157 2521 1321 2573 (Sacch.
1354 2521 1379 2562 l.
1417 2524 1468 2568 c.)

354 2599 579 2641 Caeterum
610 2610 839 2652 poenaram
871 2598 961 2639 loco
993 2610 1119 2651 saepe
1156 2596 1336 2639 sufficiet
1368 2597 1555 2651 prudens
1587 2596 1848 2651 objurgatio,
1887 2594 1942 2637 ad

217 2675 310 2717 illos
342 2675 468 2716 etiam
502 2673 767 2721 coercendos,
806 2674 877 2726 qui
909 2673 1132 2715 honestate
1165 2685 1212 2715 ac
1244 2672 1368 2714 laude
1399 2672 1537 2714 minus
1571 2672 1796 2713 ducuntur.
1859 2671 1941 2712 Ex-

218 2749 470 2803 plorandum
505 2752 644 2790 autem
679 2752 755 2803 est,
788 2751 884 2790 utro
918 2748 1097 2801 quisque
1126 2747 1325 2799 remedio,
1359 2746 1733 2789 commendationis
1757 2759 1808 2787 an
1832 2745 1939 2787 vitu-

220 2824 464 2878 perationis,
496 2823 631 2875 magis
663 2823 869 2876 indigeat,
903 2822 1114 2876 simulque
1147 2822 1436 2875 adnitendum,
1470 2826 1518 2863 ut
1549 2822 1686 2875 specie
1708 2821 1940 2863 honestatis

219 2900 361 2954 potius
394 2912 441 2941 ac
473 2898 785 2952 pulchritudine
818 2910 960 2940 omnes
989 2898 1242 2950 alliciantur,
1275 2898 1317 2939 id
1348 2898 1487 2951 ipsum
1512 2898 1654 2951 pueris
1678 2896 1940 2951 inculcando,

221 2974 478 3016 laudabilius
511 2986 602 3016 esse
635 2975 676 3015 et
697 2973 851 3025 ingenii
875 2974 1126 3015 liberalioris
1148 2973 1361 3023 indicium,
1396 2985 1538 3014 amore
1561 2972 1698 3015 laudis
1721 2975 1763 3014 et
1784 2972 1942 3025 gloriae

222 3049 339 3105 duci,
384 3061 511 3103 quam
552 3048 695 3103 probri
737 3052 811 3089 aut
852 3061 1010 3102 poenae
1051 3048 1274 3091 formidine
1306 3048 1569 3090 commoveri.
1634 3046 1796 3098 (Sacch.
1830 3047 1855 3089 l.
1889 3050 1940 3098 c.)

225 3125 279 3165 At
309 3124 380 3178 qui
412 3128 512 3166 sunt
543 3123 681 3165 indole
713 3123 853 3165 servili
886 3124 990 3165 adeo
1023 3124 1258 3179 ferreaque,
1293 3124 1339 3164 ut
1370 3123 1449 3164 nisi
1484 3123 1632 3164 timore
1666 3124 1740 3164 aut
1771 3122 1809 3163 vi
1840 3134 1941 3176 qua-
