2164 3535
233 205 312 246 188
765 202 1042 247 Heranbildung
1067 203 1130 238 der
1155 203 1295 238 Lehrer
1324 206 1421 239 1622.

230 342 475 385 inferiorum
517 342 757 385 scholarum
801 343 905 385 alias
954 343 1136 384 traditas
1182 343 1272 396 ipse
1316 343 1496 397 habeat,
1541 343 1655 396 legat
1701 347 1744 385 et
1789 344 1958 386 easdem

231 417 522 471 repetentibus
556 416 732 470 singulis
766 417 1064 459 describendas
1098 417 1254 473 tradat,
1288 431 1371 471 quo
1406 419 1593 460 exactius
1627 422 1669 460 et
1691 419 1955 461 constantius

231 492 284 534 ab
317 493 511 534 omnibus
544 496 587 534 et
619 492 795 545 singulis
828 505 1022 545 quaeque
1055 505 1132 534 suo
1166 496 1356 545 tempore
1388 492 1606 534 observari
1638 493 1814 546 possint,
1848 505 1958 545 quae

229 568 411 609 maxima
443 571 485 609 et
516 567 653 621 prima
685 567 918 609 Directoris
953 580 1054 609 cura
1093 579 1185 608 esse
1227 567 1410 609 debebit.
1474 567 1624 609 Libros
1666 579 1836 620 quoque
1876 567 1959 608 cui-

230 655 311 695 que
344 642 685 684 accommodatos
719 646 761 683 et
793 642 877 683 stili
911 642 1255 683 exercitationem
1289 643 1518 696 separatim
1551 642 1728 695 singulis
1754 641 1961 695 praescri-

232 717 320 771 bet,
364 730 438 759 nec
471 717 556 758 ullo
589 716 713 758 modo
746 716 986 769 permittet,
1033 720 1081 758 ut
1113 730 1137 758 a
1167 717 1432 771 praescripto
1465 717 1611 759 ordine
1644 717 1885 759 studiorum
1919 721 1962 759 et

233 791 581 834 exercitationum
615 791 848 847 discedant,
882 795 957 834 aut
989 791 1081 834 aliis
1115 792 1266 834 studiis
1300 797 1343 834 et
1374 792 1722 846 occupationibus
1755 805 1800 834 se
1832 793 1961 846 impe-

231 866 310 908 diri
342 867 495 908 sinant.

371 943 408 984 3.
463 942 585 993 Quod
633 955 730 984 vero
779 943 833 985 ad
880 944 1175 997 repetitionem
1223 943 1514 997 philosophiae
1566 944 1741 994 attinet,
1794 942 1961 985 curabit

230 1017 421 1066 Praeses,
456 1022 502 1058 ut
533 1017 867 1071 designationem
901 1019 1087 1060 omnium
1121 1018 1418 1071 quaestionum
1452 1022 1494 1060 et
1526 1019 1818 1075 materiarum,
1851 1031 1960 1072 quae

230 1092 409 1134 maxime
441 1094 573 1146 repeti
606 1093 762 1144 solent,
805 1093 894 1146 ipse
928 1093 1161 1146 prudenter
1194 1093 1484 1136 accommodet
1516 1093 1569 1135 ad
1609 1098 1775 1148 tempus
1808 1095 1960 1148 repeti-

230 1167 415 1209 tionibus
448 1168 528 1209 isto
561 1180 670 1209 anno
710 1181 976 1222 concessum,
1019 1169 1305 1211 contrahendo
1348 1169 1442 1211 illas
1475 1170 1540 1211 vel
1584 1169 1868 1214 extendendo.
1912 1173 1960 1211 ut

229 1255 324 1284 cum
368 1246 557 1296 tempore
608 1244 870 1295 repetitionis
914 1243 1041 1285 etiam
1089 1244 1291 1285 finiantur
1339 1244 1610 1297 quaestiones
1664 1248 1707 1286 et
1756 1245 1960 1287 materiae

229 1318 492 1370 singularum
525 1318 816 1372 philosophiae
849 1319 1056 1373 partium,
1090 1332 1183 1361 cum
1218 1323 1402 1375 constet,
1435 1319 1711 1362 scholasticos
1744 1332 1794 1361 ex
1828 1319 1958 1361 omni-

230 1392 308 1434 bus
342 1393 536 1446 partibus
569 1394 870 1436 examinandos
904 1407 1007 1437 esse.

367 1470 404 1509 4.
451 1468 711 1510 Academicis
745 1470 1020 1511 conventibus
1062 1471 1121 1511 ita
1164 1483 1330 1524 semper
1362 1483 1443 1512 non
1487 1471 1623 1512 solum
1664 1470 1851 1519 intersit,
1885 1469 1958 1512 sed

231 1542 289 1583 ita
321 1543 493 1595 praesit,
528 1548 575 1584 ut
607 1545 800 1587 omnibus
824 1546 1197 1587 exercitationibus
1221 1546 1407 1599 vigorem
1432 1546 1615 1599 aliquem
1638 1545 1787 1593 addat:
1823 1548 1959 1587 curet-

230 1631 324 1671 que,
360 1624 406 1659 ut
438 1620 642 1661 materiae
664 1620 979 1674 philosophicae
1012 1622 1072 1663 ita
1104 1621 1402 1671 discutiantur,
1436 1626 1496 1674 ut,
1530 1621 1670 1674 quoad
1695 1620 1781 1662 lieri
1804 1624 1958 1675 potest,

229 1693 482 1746 praecipuae
515 1693 785 1737 difficultates
819 1696 859 1737 111
893 1696 1070 1749 singulis
1104 1696 1406 1749 expediantur,
1442 1710 1516 1738 nec
1539 1696 1765 1750 quicquam
1789 1700 1960 1738 maneat

230 1768 457 1810 obscurum
500 1772 575 1811 aut
618 1770 914 1812 indiscussum.
981 1772 1139 1821 Quodsi
1180 1773 1435 1825 Repetentes
1475 1771 1747 1813 difficultates
1789 1784 1958 1813 movere

229 1843 503 1896 negligerent,
535 1844 625 1897 ipse
658 1859 728 1888 eas
760 1846 929 1899 indicet,
964 1851 1115 1900 urgeat
1149 1850 1191 1888 ct
1223 1848 1420 1901 explicari
1456 1851 1588 1902 curet,
1620 1860 1696 1890 nec
1725 1847 1956 1889 ullomodo

229 1918 449 1960 inutilibus
483 1920 732 1973 ambagilms
765 1924 807 1963 et
839 1922 1279 1974 argumentationibus
1313 1927 1480 1975 tempus
1513 1923 1592 1965 teri
1624 1923 1857 1976 permittat.

368 1997 391 2035 5
455 1995 600 2036 Sciant
632 2009 730 2037 vero
764 1997 890 2038 etiam
923 1997 1178 2050 Repetentes
1212 1997 1509 2039 humaniorum
1550 1998 1774 2041 literarum
1806 1997 1956 2051 majori

230 2068 419 2121 indigere
451 2083 552 2111 cura
584 2074 627 2112 et
659 2071 894 2113 attentione
925 2072 1138 2113 Praesidis
1172 2085 1241 2127 60,
1280 2072 1394 2125 quod
1426 2073 1562 2126 major
1601 2073 1656 2115 sit
1687 2073 1727 2114 in
1761 2073 1841 2114 illis
1874 2085 1956 2114 non

229 2144 365 2185 solum
409 2148 632 2187 auctorum
677 2150 718 2187 et
759 2146 1021 2198 studiorum,
1072 2147 1146 2189 sed
1189 2148 1314 2189 etiam
1358 2147 1443 2189 stili
1494 2147 1714 2190 exercendi
1757 2147 1956 2202 varietas,

232 2232 342 2271 quae
375 2220 463 2261 sine
496 2221 696 2262 continua
728 2222 1002 2275 inspectione,
1036 2222 1265 2264 directione
1297 2227 1337 2264 et
1371 2222 1631 2264 correctione
1664 2236 1709 2264 ac
1744 2222 1956 2264 Praesidis

230 2295 434 2337 instantia
464 2295 585 2338 facile
618 2296 891 2349 languescere
923 2298 1042 2339 solet.
1102 2298 1163 2339 Ne
1196 2298 1340 2350 itaque
1372 2298 1516 2350 pigeat
1548 2310 1673 2351 saepe
1705 2297 1852 2339 audire
1874 2297 1956 2339 sin-

231 2370 351 2422 gulos
384 2382 541 2423 eosque
572 2371 786 2422 animare,
827 2372 1144 2415 lucubrationes
1177 2386 1322 2414 eorum
1355 2372 1595 2414 examinare
1636 2375 1678 2413 et
1716 2372 1956 2425 emendare,

233 2444 365 2487 donec
397 2450 439 2487 61
470 2458 563 2487 eam
596 2447 989 2499 pronunciationem
1029 2450 1071 2490 et
1108 2448 1251 2490 stilum
1292 2448 1331 2489 in
1373 2452 1553 2500 utraque
1592 2448 1736 2500 lingua
1773 2447 1956 2489 assecuti

231 2520 333 2570 sint,
377 2524 423 2561 ut
456 2532 550 2561 cum
585 2520 792 2573 dignitate
825 2526 867 2564 et
905 2536 982 2575 pro
1024 2523 1182 2565 honore
1216 2522 1439 2564 Societatis
1479 2522 1571 2565 illas
1612 2526 1725 2564 artes
1767 2521 1957 2576 profiteri

231 2594 405 2647 possint.

370 2673 405 2710 6.
454 2670 694 2712 Μ611111161·11
726 2684 824 2713 ν61·0
858 2672 1006 2726 etiam,
1045 2673 1158 2726 quod
1192 2687 1227 2714 a.
1264 2675 1383 2714 len-3.
1419 2673 1458 2714 in
1493 2673 1830 2725 Congregatione
1861 2684 1956 2725 pro-

231 2743 396 2785 vinciali
429 2745 555 2786 etiam
589 2747 898 2800 praescriptum
932 2748 1006 2799 sit,
1050 2753 1096 2789 111
1132 2750 1255 2801 juxta
1287 2752 1408 2790 notas
1448 2749 1488 2790 111
1524 2748 1775 2800 Catalogum
1809 2760 1955 2800 perpe-

232 2821 395 2872 tuum¹)
427 2821 561 2862 factas
595 2824 790 2863 auctores
823 2823 990 2876 legendi
1023 2828 1065 2865 et
1109 2824 1299 2865 imitandi
1341 2828 1566 2865 sumantur
1607 2836 1655 2864 ex
1687 2822 1737 2863 iis
1779 2822 1850 2874 qui
1884 2822 1955 2863 ali-

232 2894 401 2947 quando
435 2895 474 2936 111
508 2896 660 2938 scholis
693 2898 849 2939 nostris
881 2898 1056 2940 docendi
1089 2902 1208 2951 sunt,
1246 2899 1401 2951 quique
1434 2899 1473 2939 in
1508 2897 1710 2949 Catalogo
1744 2897 1954 2950 Perpetuo

232 2982 279 3010 ex
313 2969 459 3010 ordine
492 2971 687 3013 classium
721 2976 763 3013 et
796 2985 1002 3014 annorum
1047 2977 1332 3015 recensentur.
1396 2972 1507 3014 Nihil
1550 2972 1660 3014 enim
1701 2971 1868 3023 utilius,
1907 2973 1956 3012 ut

232 3044 286 3085 ibi
323 3044 492 3095 dicitur,
524 3046 663 3098 legere
695 3051 897 3099 poterunt
929 3052 1004 3089 aut
1035 3048 1204 3090 imitari.

373 3160 395 3202 ¹)
421 3158 550 3193 Dieser
576 3160 772 3204 Catalogus
799 3166 997 3205 perpetuus
1023 3162 1112 3205 folgt
1138 3161 1257 3196 hinter
1283 3161 1347 3196 der
1373 3160 1626 3205 vorliegenden
1652 3159 1888 3195 Instruktion.
