2164 3535
528 210 761 255 Verwaltung
787 211 886 248 eines
912 211 1042 257 papstl.
1068 213 1270 249 Alumnats.
1320 213 1424 249 Nach
1452 217 1551 250 1650.
1818 220 1899 260 275

182 350 232 390 18
264 348 357 390 Ass.
402 366 451 382 =
496 350 604 391 1840
636 349 702 395 fi.;
762 353 804 391 et
852 351 1040 403 quolibet
1090 353 1294 395 trimestri
1337 356 1419 396 262
1452 354 1517 396 Sc.
1562 356 1586 397 8
1621 356 1699 397 Iul.
1752 358 1776 397 5
1811 357 1902 398 Bai.

182 425 232 464 15
255 423 347 466 Ass.
385 441 435 457 -τ
468 425 553 466 460
575 424 615 465 fl.

315 511 548 552 Residuum
571 515 714 552 manet
736 511 922 564 Collegio
946 525 1131 555 annuum
1157 515 1241 556 320
1260 514 1323 557 Sc.
1355 516 1475 558 51111.
1511 518 1533 557 7
1558 516 1647 557 Bai.
1682 517 1707 558 3
1731 517 1821 559 Ass.
1851 535 1901 551 =

178 587 260 627 575
283 584 321 626 fl.
376 584 559 638 Singulis
583 598 680 627 vero
704 586 990 629 triinestribus
1014 590 1067 629 82
1091 588 1155 630 Sc.
1194 592 1210 630 1
1238 590 1315 631 Iul.
1350 592 1376 631 4
1399 591 1487 633 Bai.
1524 592 1547 631 6
1572 592 1663 633 Ass.
1686 609 1737 626 =
1760 593 1839 634 143
1862 592 1901 633 fl.

176 662 230 701 45
260 672 316 702 cr.

316 744 475 794 Quodsi
507 758 532 786 a
562 745 743 787 residuis
776 746 869 787 istis
902 748 983 788 575
1007 746 1045 788 fl.
1080 748 1375 792 subducantur
1406 753 1489 793 484
1518 752 1555 793 fl.
1600 754 1650 794 13
1684 753 1758 808 [20
1771 752 1808 808 Ῥ]
1842 766 1899 796 01.

177 820 248 872 (1111
278 833 355 873 pro
388 821 674 871 P1·aesi(lib11S‚
707 824 747 862 et
781 821 949 863 famulis
983 822 1180 864 destinati
1218 830 1331 874 sunt,
1364 830 1515 879 totum,
1548 828 1661 880 quod
1693 833 1883 872 remanet

175 896 361 937 excurrit
392 895 446 936 ad
478 896 532 937 90
553 895 592 936 fl.
627 898 679 937 47
705 908 759 937 cr.

1888 863 1898 880 7

990 1165 1083 1217 §4

457 1254 602 1296 Circa
632 1254 929 1297 Pensionem
962 1268 1177 1298 annuam
1211 1270 1318 1300 cum
1351 1260 1612 1302 Auctario.

316 1372 349 1410 1.
394 1370 499 1411 Cum
532 1371 651 1411 iuxta
673 1373 837 1412 asserta
860 1371 971 1413 hisce
1002 1373 1264 1426 temporibus
1288 1375 1450 1430 maiori,
1483 1389 1608 1429 quain
1633 1377 1736 1420 alias
1759 1379 1895 1431 pretio

173 1455 319 1497 (unum
353 1458 408 1487 sc.
444 1448 495 1486 27
521 1458 577 1488 cr.
611 1458 742 1499 supra
779 1449 795 1487 1
822 1445 860 1487 fl.
896 1449 949 1488 45
974 1450 1049 1499 01.)
1091 1448 1132 1489 111
1166 1447 1397 1491 Germania
1430 1452 1618 1498 veniant,
1661 1453 1755 1495 hinc
1796 1454 1898 1495 assi—

173 1524 302 1572 gnata
333 1521 528 1574 superius
564 1521 673 1563 1380
697 1521 827 1563 Scuta
858 1522 1165 1575 propemodum
1197 1524 1384 1577 integros
1420 1526 1647 1569 conficiunt
1679 1529 1791 1571 3036
1823 1529 1897 1571 flo-

173 1608 318 1638 renos:
350 1597 577 1639 trimestris
611 1597 759 1638 exinde
792 1597 929 1650 portio
963 1599 1152 1641 ascendit
1184 1599 1238 1641 ad
1272 1602 1352 1642 759
1375 1601 1414 1643 fl.

311 1691 348 1730 2.
398 1690 474 1731 Hic
507 1690 596 1743 ipse
629 1703 824 1732 excessus
857 1691 968 1733 inter
998 1692 1226 1745 Alumnos,
1259 1699 1302 1736 et
1333 1695 1458 1745 alios,
1490 1697 1563 1750 qui
1595 1710 1645 1739 ex
1676 1698 1895 1740 Pontificia

172 1765 350 1818 pecunia
382 1765 576 1815 aluntur,
614 1778 665 1806 ex
697 1778 831 1819 aequo
865 1766 1026 1808 tamdiu
1059 1767 1349 1820 distribuitur,
1388 1771 1593 1823 quamdiu
1625 1772 1798 1815 durabit
1830 1773 1895 1816 hic

172 1840 305 1881 maior
342 1840 435 1881 auri
468 1840 605 1895 valor,
647 1841 897 1894 praesertim
929 1854 1023 1883 cum
1056 1842 1159 1884 alias
1192 1847 1366 1897 propter
1397 1858 1539 1887 rerum
1573 1848 1757 1889 omnium
1790 1849 1897 1890 cari-

170 1918 301 1956 tatem
341 1915 446 1956 nulli
487 1914 699 1957 sufficeret
742 1917 945 1969 pecunia,
988 1930 1062 1959 seu
1096 1919 1150 1959 80
1181 1917 1293 1967 flor.q
1335 1922 1553 1964 annuatim
1593 1923 1718 1976 pendi
1757 1924 1891 1966 solita.

171 1990 323 2042 Itaque
356 2002 551 2033 excessus
585 1992 662 2032 621
690 1990 728 2032 fl.
763 1991 835 2044 (ad
859 1991 1035 2034 totidem
1058 1993 1166 2034 enim
1189 1992 1370 2037 florenos
1394 1997 1595 2049 excurrit)
1621 1998 1738 2040 iuxta
1759 1999 1897 2041 cuius-

170 2078 252 2118 que
283 2066 520 2119 portionem
552 2065 838 2119 dispensatur.

308 2153 345 2193 3.
392 2152 624 2205 Propterea
654 2152 825 2194 cuilibet
856 2152 1037 2195 Alumno
1068 2158 1241 2208 praeter
1275 2156 1508 2200 ordinarios
1542 2159 1597 2201 80
1629 2159 1668 2201 fl.
1712 2173 1788 2214 per
1820 2174 1892 2203 an-

168 2240 269 2269 num
300 2228 473 2280 insuper
504 2227 733 2268 obveniunt
769 2229 819 2268 19
843 2226 881 2268 fi.
916 2228 969 2269 32
995 2240 1049 2270 cr.
1116 2228 1299 2283 Singulis
1332 2244 1430 2274 vero
1473 2233 1759 2277 trimestribus
1792 2238 1819 2277 4
1851 2236 1890 2278 fl.

170 2303 223 2344 53
247 2315 301 2344 cr.
340 2328 388 2332 —
422 2302 529 2344 Hinc
561 2300 609 2342 fit.
640 2304 731 2343 tota
765 2302 892 2343 annui
925 2303 1105 2344 auctarii
1137 2316 1303 2347 summa
1334 2318 1410 2358 pro
1444 2308 1496 2349 23
1522 2308 1713 2352 Alumnis
1745 2312 1827 2352 449
1853 2311 1892 2353 fl.

173 2379 223 2419 16
246 2390 318 2432 cr„
351 2381 394 2419 et
426 2376 651 2419 cuiuslibet
683 2376 908 2418 trimestris
944 2379 1022 2418 112
1045 2376 1084 2418 fl.
1123 2380 1174 2420 19
1205 2392 1259 2421 cr.
1314 2381 1516 2435 Adeoque
1549 2396 1642 2425 cum
1674 2388 1763 2426 toto
1796 2398 1892 2428 auc-

170 2452 278 2494 tario
311 2452 487 2506 singulis
521 2452 728 2504 assignari
767 2451 921 2493 debent
961 2464 1035 2505 pro
1078 2453 1190 2494 victu
1233 2456 1452 2498 annuatim
1495 2459 1547 2499 99
1581 2457 1618 2499 fl.
1665 2460 1718 2501 32
1752 2472 1807 2502 01.
1851 2466 1895 2503 01

172 2527 366 2580 quolibet
397 2527 603 2569 trimestri
635 2529 688 2568 24
710 2526 750 2568 fl.
784 2527 837 2568 53
862 2540 916 2568 cr.
965 2526 1028 2568 Ex
1060 2540 1142 2580 quo
1174 2533 1306 2582 patet,
1339 2531 1453 2583 quod
1483 2544 1532 2574 ex
1554 2538 1781 2586 augmento
1812 2535 1894 2578 isto

171 2604 250 2644 621
282 2602 321 2646 fl.
363 2602 463 2644 solis
495 2602 685 2643 Alumnis
726 2601 949 2643 obveniant
992 2603 1074 2642 449
1106 2601 1146 2643 fl.
1194 2604 1244 2644 16
1279 2616 1334 2645 01.
1399 2604 1519 2655 Quod
1563 2607 1771 2661 reliquum
1814 2612 1891 2661 est,

170 2690 319 2731 nempe
354 2680 430 2719 171
465 2677 502 2718 fl.
535 2678 614 2732 44,
656 2676 801 2718 eadem
834 2676 1106 2729 proportione
1139 2677 1266 2719 dividi
1297 2683 1439 2732 potest
1478 2694 1553 2734 pro
1586 2682 1698 2724 victu
1730 2684 1894 2727 Praesi-

171 2752 285 2807 dum,
317 2752 627 2794 sustentatione
659 2756 701 2793 et
733 2751 886 2793 salario
920 2750 1190 2808 famulorum⁷
1222 2758 1394 2796 servata
1426 2756 1553 2797 etiam
1586 2757 1730 2800 debita
1761 2771 1892 2812 quan—

170 2827 294 2869 titate
324 2839 401 2881 pro
434 2827 616 2869 residuo.

308 2915 347 2954 4.
391 2913 710 2956 Advertendum
743 2927 891 2967 porro,
924 2918 964 2955 et
998 2913 1062 2955 vel
1095 2915 1295 2966 maxime,
1334 2918 1448 2970 quod
1480 2918 1521 2960 in
1553 2921 1788 2963 rationibus
1821 2935 1893 2964 an-

171 2990 264 3031 nuis
296 2990 472 3031 Romam
504 2990 721 3032 mit-tendis
754 3003 836 3032 non
869 2990 1118 3032 attendatur
1150 2992 1203 3033 ad
1235 2993 1481 3035 Auctarium
1516 2995 1777 3047 modernum,
1812 2997 1885 3038 sed

171 3064 427 3117 procedatur
458 3065 630 3117 antiquo
662 3078 814 3118 passu,
854 3064 1029 3107 Scutum
1060 3065 1297 3109 Romanum
1336 3069 1618 3121 computando
1660 3071 1891 3113 secundum

171 3139 356 3181 valorem
388 3139 649 3181 ordinarium
681 3152 737 3182 sc.
772 3152 847 3193 pro
883 3143 899 3181 1
927 3139 969 3180 fl.
1002 3141 1055 3181 45
1079 3152 1135 3182 cr.

1621 3215 1683 3247 181
