2164 3535
291 235 344 276 60
563 231 849 276 Tagesordnung
873 231 932 267 fur
957 232 1014 267 die
1041 233 1327 268 oberdeutschen
1355 234 1591 279 Gymnasien.
1644 237 1741 272 1737.

288 374 329 415 in
372 373 499 416 variis
543 374 777 416 carminum
819 374 1065 429 generibus,
1117 373 1398 418 admiscendis
1439 376 1640 420 brevibus
1681 377 1891 433 Dialogis,
1941 378 2022 421 De-

289 448 604 505 scriptionibus,
638 449 920 503 exprimendis
954 448 1172 491 affectibus
1203 453 1280 492 cet.

427 537 672 579 Tertium
715 537 796 579 erit
838 536 1087 591 Symbolum
1128 549 1222 578 cum
1266 537 1467 592 adjimcta
1511 538 1790 593 explicatione
1831 539 2018 582 metrica.

287 611 484 653 Picturae
516 611 816 655 substituenda
848 612 929 654 erit
960 612 1203 667 descriptio,
1237 625 1334 668 qua,
1368 614 1584 667 quodnam
1617 627 1770 668 corpus
1796 626 1844 656 ac
1865 614 2020 657 lemma

288 687 485 741 Symbolo
527 690 763 737 statuatur,
808 688 960 741 exponi
999 701 1047 730 ac
1090 689 1206 731 velut
1247 688 1421 742 figurari
1464 691 1632 743 poterit.
1696 690 1855 742 Quodsi
1889 704 2021 734 unum

288 762 533 816 Symbolum
576 775 658 804 non
698 763 902 819 sufficiat,
955 768 1136 818 possunt
1178 765 1347 807 recitari
1388 766 1514 819 plura
1565 766 1761 809 breviora
1805 765 2019 822 Symbola,

286 837 439 889 quibus
470 838 582 880 idem
614 851 767 892 corpus
801 839 1035 893 aptandum
1068 840 1159 882 erit.
1225 840 1382 882 Locum
1416 841 1573 884 habere
1612 842 1678 884 hic
1718 845 1860 896 potest
1891 842 2021 884 Exer-

287 912 432 953 citium
463 913 561 966 styli
593 914 796 968 lapidaris
830 914 883 956 ad
916 914 1152 967 exemplum
1188 915 1414 971 Labbei¹),
1455 916 1694 970 Jouglaris,
1729 917 2020 960 Emmanuelis

286 987 474 1030 thesauri
516 991 592 1030 cet.
655 990 718 1031 De
756 989 906 1031 talium
938 990 1266 1043 Inscriptionum
1307 991 1432 1033 modo
1475 1003 1523 1033 ac
1565 993 1674 1046 stylo
1714 992 1895 1046 lapidari
1928 992 2020 1035 bre-

285 1063 393 1104 viter
425 1063 514 1117 agit
544 1064 585 1105 P.
622 1065 838 1118 Neumayr
869 1064 909 1105 in
943 1064 1045 1106 Idea
1078 1065 1258 1107 Poeseos
1290 1068 1332 1107 et
1364 1066 1588 1109 Heinecius
1622 1081 1660 1121 p.
1687 1069 1710 1109 2
1744 1081 1775 1110 c.
1802 1070 1848 1113 5:
1882 1067 2019 1122 copio-

285 1138 450 1180 sissime
494 1141 637 1181 autem
668 1139 713 1180 Ρ.
750 1139 1064 1191 Weitenauer2)
1104 1140 1306 1193 peculiari
1340 1140 1416 1183 hac
1449 1141 1500 1184 de
1534 1155 1578 1184 re
1612 1143 1936 1193 commentari03
1977 1143 2019 1185 in

284 1213 417 1266 ipsius
450 1215 647 1257 miscellis
679 1215 899 1268 praeclara
930 1215 1056 1269 hujus
1089 1216 1186 1270 styli
1220 1217 1411 1270 exempla
1443 1220 1485 1258 et
1517 1217 1667 1271 Elogia
1698 1220 1809 1261 sunt.

285 1596 750 1676 Tagesordnung
786 1603 877 1657 fiir
908 1604 998 1657 die
1025 1602 1386 1676 Gymnasien
1419 1604 1519 1657 der
1555 1603 2016 1658 oberdeutschen

920 1709 1166 1763 Provinz
1219 1710 1387 1762 1737.

739 1809 940 1854 (Kropf,
978 1808 1095 1844 Ratio
1131 1808 1171 1843 et
1204 1808 1266 1843 via
1300 1818 1338 1852 p.
1365 1807 1562 1851 46—53.)

839 1994 975 2043 Ordo
1013 1993 1169 2042 feriae
1210 1994 1255 2041 ΙΙ
1292 2002 1340 2041 et
1374 1993 1458 2041 IV.

422 2108 560 2151 Mane.
627 2110 790 2160 Quarta
842 2110 971 2152 horae
1024 2113 1144 2163 parte
1199 2109 1434 2157 (nonnullis
1482 2109 1583 2150 locis
1630 2109 1868 2162 semihora)
1916 2111 2014 2152 ante

284 2183 431 2225 horam
466 2185 558 2226 VII.
593 2186 759 2238 signum
794 2186 973 2238 primum
1009 2198 1211 2238 campano
1246 2185 1372 2226 (latur
1401 2198 1520 2228 aere:
1554 2198 1690 2238 neque
1713 2185 1836 2227 citius
1859 2185 2013 2238 aperiri

284 2258 562 2311 Gymnasium
596 2263 671 2303 aut
701 2261 846 2303 schola
877 2262 964 2303 ulla
997 2261 1133 2303 debet.
1189 2261 1455 2303 Conveniunt
1486 2260 1641 2302 sensim
1665 2260 1872 2313 discipuli.
1928 2259 2012 2302 Ad-

285 2339 385 2376 sunt
416 2336 622 2379 Praefecti
666 2338 785 2393 atrii,
827 2338 897 2391 qui
937 2337 1158 2379 concilient
1199 2337 1385 2389 quietem
1418 2348 1465 2377 ac
1499 2336 1745 2389 disciplinae
1777 2335 2008 2388 invigilent.

283 2410 363 2463 (Ex
397 2423 480 2463 reg.
517 2414 568 2453 ⁵22
601 2413 717 2455 Rect.
761 2416 803 2454 et
844 2426 928 2465 reg.
964 2414 1018 2455 43
1052 2417 1094 2454 et
1125 2415 1179 2454 44
1213 2412 1347 2454 Praef.
1390 2412 1500 2454 stud.
1541 2412 1631 2462 inf.)
1694 2412 1868 2453 Praesto
1911 2413 2012 2454 sunt

282 2489 324 2526 et
364 2487 518 2527 caeteri
562 2487 776 2539 Magistri,
817 2489 887 2542 qui
931 2501 1102 2539 causas,
1145 2492 1355 2541 quotquot
1399 2490 1598 2540 possunt,
1641 2486 1934 2529 excusantium
1966 2499 2011 2529 se

421 2647 447 2688 ¹)
466 2646 747 2691 PhilippLabbe
764 2648 839 2681 s.J.
855 2647 1031 2691 (Bourges
1050 2650 1148 2692 1607,
1167 2651 1263 2691 1623,
1282 2649 1381 2690 16157)
1398 2647 1606 2681 Thesaurus
1617 2647 1898 2691 Epitaphiorum
1914 2652 2008 2682 vete-

283 2715 362 2738 rum
390 2715 431 2738 ac
458 2705 656 2739 recentium
685 2705 898 2740 selectorum
927 2717 970 2740 ex
996 2706 1155 2749 antiquis
1183 2697 1479 2750 inscriptionibus
1512 2705 1679 2748 omnique
1707 2705 1922 2749 scriptorum
1949 2716 2008 2749 ge-

282 2771 378 2795 nere.
430 2761 579 2796 Parisiis
617 2765 712 2797 1666.
770 2763 893 2797 Labbe
927 2764 973 2798 ist
1005 2764 1171 2798 bernhmt
1204 2764 1317 2798 durch
1351 2764 1449 2798 scine
1484 2764 1693 2807 Sammlung
1725 2763 1788 2798 der
1821 2764 2006 2799 Concilien

281 2817 353 2853 und
386 2819 443 2853 die
478 2819 713 2864 Her-ausgabe
748 2821 810 2855 des
844 2822 982 2865 Corpus
1011 2822 1140 2866 Script.
1168 2823 1353 2867 Byzantin.
1414 2822 1558 2856 »Durch
1590 2821 1647 2855 die
1680 2820 1917 2865 Mitwirkung
1943 2821 2008 2857 der

283 2876 633 2920 hervorragendsten
660 2879 873 2924 Philologen
908 2881 970 2914 des
1000 2884 1050 2915 17.
1069 2881 1338 2915 Jahrhunderts
1374 2880 1492 2914 wurde
1526 2880 1624 2914 (liese
1653 2879 1861 2922 Sammlung
1886 2880 2004 2925 (Corp.

283 2933 412 2978 Script.
439 2934 538 2979 Byz.)
571 2948 614 2970 zu
649 2937 764 2972 einem
799 2938 855 2971 fur
888 2938 985 2973 scine
1012 2939 1091 2972 Zeit
1124 2943 1431 2973 staunenswerten
1466 2938 1537 2972 und
1571 2938 1679 2972 heuto
1707 2937 1798 2971 noch
1825 2938 1926 2972 nicht
1952 2949 2006 2973 91·-

284 2997 422 3026 setzten
450 2994 615 3028 Werke«
666 2995 928 3040 Krumbacher,
963 2996 1179 3031 (ieschichte
1213 2996 1275 3029 ‹ler
1307 2996 1602 3039 byzantinischen
1636 2995 1848 3030 Litteratur.
1899 2996 2004 3030 Mun-

281 3049 371 3083 1-11911
402 3053 496 3085 1891.
539 3051 571 3085 S.
591 3055 644 3086 35.

421 3121 450 3155 2)
484 3120 592 3160 Innaz
619 3121 855 3157 Weitenauer
888 3124 922 3157 S.
940 3123 973 3157 J.
1015 3123 1199 3166 Symbola,
1232 3122 1522 3166 Epigrammata,
1554 3121 1763 3166 Lapidaria.
1811 3122 1913 3157 Libri
1938 3122 2002 3157 III.

281 3178 467 3221 Augustae
496 3179 635 3213 Vindel.
693 3182 790 3216 1757.
840 3184 896 3215 8⁰.
948 3192 1005 3225 pp.
1025 3185 1103 3215 411.
1154 3181 1273 3223 Vergl.
1301 3182 1393 3216 856
1419 3181 1523 3215 Anm.
1545 3184 1572 3214 1.
