2164 3535
633 204 848 240 Pensionats
857 226 870 231 —
879 205 1090 249 Padagogik
1117 216 1176 240 um
1205 208 1395 242 1820—30.
1792 212 1844 253 37
1850 213 1874 254 5

152 345 298 388 sertim
349 346 551 400 alumnis,
608 345 679 399 qui
728 345 923 401 consilio,
971 345 1267 388 adhortatione.
1310 346 1499 400 indigere
1546 347 1766 404 videntur,
1814 351 1875 392 ita

151 425 311 476 tamen,
353 424 401 463 ut
432 420 534 463 ordo
568 420 796 474 unicuique
827 420 1116 474 praescriptus
1149 434 1197 463 ac
1227 422 1478 475 praesertim
1511 423 1654 465 studia
1685 436 1766 466 non
1799 425 1872 467 im-

152 496 390 550 pediantur.

289 578 326 617 2.
373 576 438 617 Ad
477 576 743 618 Praefectum
787 576 961 630 spiritus
1000 578 1185 630 pertinet
1224 581 1447 631 praeterea
1494 578 1668 622 directio
1711 579 1872 622 Sodali-

147 653 283 693 tatum
321 655 381 705 et,
424 650 580 692 sciente
612 650 829 705 Ministro,
876 651 1050 694 directio
1091 651 1241 694 Sacelli
1284 652 1522 709 domestici,
1564 655 1606 696 in
1644 667 1727 708 quo
1768 655 1872 698 Con-

147 726 326 768 victores
348 725 522 767 Missam
554 724 744 777 audiant,
777 725 1142 768 exhortationibus
1176 727 1446 781 (plerumque
1478 728 1545 771 die
1573 730 1765 782 Veneris)
1799 731 1872 772 ad-

145 801 248 856 sint,
289 800 343 843 ad
376 801 650 843 Sacramenta
683 799 905 852 accedant,
944 801 1137 857 litanias,
1171 802 1357 844 officium
1389 807 1431 845 et
1461 817 1605 858 preces
1638 806 1869 849 matutinas

145 880 188 919 et
226 876 488 930 vespertinas
533 875 685 917 dicant.
752 901 800 905 —
865 875 978 917 Nihil
1020 879 1161 917 tamen
1203 877 1401 932 impedit,
1443 879 1668 931 quominus
1710 881 1868 923 alumni

145 951 466 994 solemnioribus
497 952 785 994 functionibus
809 951 874 994 vel
898 952 1167 994 concionibus
1190 953 1230 993 in
1254 953 1411 1007 templo
1435 954 1561 996 etiam
1583 955 1791 999 intersint.
1817 983 1866 987 —

143 1027 234 1069 Imo
265 1027 343 1069 hoc
375 1028 530 1070 serviet
562 1031 605 1069 et
635 1028 824 1081 ipsorum
858 1027 1069 1069 devotioni
1102 1031 1145 1069 et
1175 1028 1320 1081 populi
1352 1028 1645 1072 aedificationi.

280 1114 317 1155 3.
366 1114 433 1156 Ita
464 1114 685 1156 amabilem
718 1114 896 1156 alumnis
929 1127 973 1156 se
1006 1114 1201 1156 exhibeat
1230 1114 1475 1157 Praefectus
1508 1116 1696 1173 spiritus,
1730 1122 1777 1160 ut
1809 1119 1864 1161 ad

142 1202 238 1231 eum
279 1202 422 1232 omnes
464 1189 709 1243 confugiant
751 1188 1093 1243 confidenterque
1133 1202 1211 1232 sua
1255 1191 1394 1233 omnia
1427 1191 1629 1245 detegant
1659 1196 1701 1235 et
1734 1193 1786 1235 ab
1818 1206 1866 1236 eo

143 1264 475 1307 consolationem
507 1269 689 1319 sperent.

278 1354 315 1394 4.
365 1351 496 1395 Curet
528 1352 695 1395 afficere
726 1353 918 1396 alumnos
952 1365 1053 1406 erga
1085 1365 1184 1396 suos
1219 1353 1491 1407 Superiores3
1531 1358 1652 1397 curet
1689 1355 1867 1398 evellere

139 1441 188 1470 ex
220 1440 364 1470 eorum
395 1428 608 1470 mentibus
640 1428 834 1469 sinistras
858 1427 908 1469 de
933 1427 1231 1481 Superioribus
1258 1429 1489 1485 opiniones,
1521 1429 1745 1484 disponere
1772 1431 1865 1474 illos

139 1502 192 1544 ad
223 1502 505 1556 poenitentias
538 1502 838 1558 acceptandas,
877 1502 929 1545 ad
963 1503 1127 1545 veniam
1158 1504 1406 1560 petendam,
1440 1504 1493 1546 ad
1525 1505 1864 1549 submittendum

138 1590 182 1620 se
214 1577 510 1632 Superioribus
543 1581 644 1634 cet,
687 1591 853 1632 semper
894 1581 1036 1621 tamen
1076 1592 1152 1632 pro
1185 1579 1274 1621 solo
1306 1580 1397 1622 foro
1429 1580 1608 1623 interno.
1670 1582 1778 1624 Hinc
1810 1582 1863 1624 ad

138 1653 254 1695 nulla
284 1654 454 1707 negotia
486 1656 661 1695 externa
692 1666 737 1696 se
768 1654 954 1707 ingerat,
995 1667 1132 1707 neque
1164 1654 1215 1697 de
1246 1655 1427 1708 negotiis
1460 1657 1676 1699 convictus
1708 1661 1864 1701 tractet

139 1741 233 1770 cum
264 1729 442 1772 Rectore
474 1729 539 1771 vel
570 1729 788 1771 Praefecto
821 1729 1007 1782 generali
1041 1731 1319 1786 (executore),
1363 1744 1415 1773 ne
1448 1732 1562 1785 apud
1594 1732 1787 1776 alumnos
1819 1733 1859 1775 in

139 1804 418 1858 suspicionem
451 1805 600 1847 veniat.

275 1879 605 1923 Intercessorem
638 1879 808 1933 quidem
841 1892 967 1933 agere
997 1892 1124 1934 penes
1156 1881 1380 1923 Rectorem
1418 1886 1566 1924 contra
1597 1886 1804 1925 statutam
1837 1897 1861 1925 a

134 1954 331 1997 Ministro
372 1968 551 2009 poenam
593 1968 674 1998 non
715 1955 857 2005 debet3
899 1958 1040 2008 potest
1081 1958 1224 1998 tamen
1263 1969 1388 2009 agere
1430 1957 1705 2000 mediatorem
1747 1959 1861 2012 apud

135 2034 387 2086 utrumque,
420 2034 468 2072 ut
500 2030 695 2072 alumnus
728 2030 892 2073 facilius
924 2043 969 2073 se
1000 2030 1251 2083 submittat3
1283 2036 1325 2074 et
1356 2032 1389 2074 si
1423 2032 1524 2086 quid
1556 2034 1743 2076 severius
1776 2036 1860 2076 sta-

134 2108 276 2148 tutum
311 2110 388 2161 est,
420 2107 468 2148 ut
498 2105 718 2148 humiliato
752 2106 921 2148 alumno
954 2106 1288 2150 moderationem
1320 2108 1503 2161 aliquam
1535 2109 1744 2162 impetret.

273 2195 310 2235 5.
358 2193 506 2235 Potest
533 2194 659 2235 etiam
691 2194 729 2236 ei
762 2194 853 2236 dari
886 2207 1038 2237 munus
1070 2194 1278 2237 Praefecti
1311 2195 1525 2251 sanitatis,
1565 2197 1677 2250 quod
1716 2201 1857 2240 tamen

132 2269 174 2310 in
217 2268 451 2311 minoribus
490 2269 741 2322 praesertim
785 2269 980 2322 Collegiis
1021 2269 1170 2312 melius
1211 2283 1236 2312 a
1274 2270 1468 2313 Ministro
1508 2272 1691 2314 exerceri
1732 2285 1856 2326 posse

133 2342 312 2386 videtur,

418 2642 631 2697 Regulae
672 2642 923 2686 Praefecti
962 2645 1074 2686 atrii
1114 2657 1199 2686 seu
1238 2644 1575 2688 subministri.

272 2748 307 2787 l.
356 2745 421 2787 Ad
452 2746 621 2798 regulas
645 2745 930 2801 Subministri,
963 2746 1109 2800 quales
1141 2746 1182 2788 in
1212 2747 1413 2790 Instituto
1446 2753 1590 2791 nostro
1623 2750 1850 2807 habentur,

132 2820 198 2861 vix
230 2820 345 2862 aliud
376 2820 474 2863 addi
506 2833 630 2874 posse
662 2821 850 2876 videtur,
893 2834 1020 2874 quam
1053 2822 1165 2875 quod
1199 2822 1305 2864 scire
1336 2823 1488 2866 debeat
1529 2826 1696 2878 regulas
1727 2826 1851 2868 Prae-

131 2896 230 2938 fecti
271 2896 480 2949 generalis
514 2900 556 2938 et
597 2897 869 2939 conformiter
902 2897 954 2938 ad
996 2898 1185 2950 regulam
1224 2902 1422 2951 quartam
1465 2899 1587 2943 officii
1629 2902 1694 2943 sui
1733 2906 1851 2944 extra

133 2970 408 3012 contubernia
438 2970 643 3024 imprimis
676 2972 765 3025 ejus
798 2971 1014 3024 vigilantia
1046 2973 1298 3025 requiratur.

271 3058 309 3098 2.
358 3057 404 3098 In
449 3058 642 3099 omnibus
674 3059 893 3100 Praefecto
935 3060 1119 3111 generali
1160 3060 1200 3101 in
1242 3065 1441 3114 promptu
1474 3062 1528 3104 sit
1568 3075 1749 3115 eumque
1780 3063 1851 3105 ad-

128 3132 251 3185 juvet
281 3132 322 3173 in
355 3132 659 3192 praevidendo,
701 3134 959 3175 moderando
991 3139 1032 3176 et
1073 3136 1315 3188 exequendo
1348 3137 1511 3188 ordine,
1555 3140 1597 3179 et
1628 3138 1739 3179 omni
1771 3150 1849 3192 ope
