2164 3535
243 187 325 228 222
777 184 1054 228 Heranbildung
1079 183 1142 218 der
1167 183 1306 218 Lehrer
1334 186 1434 219 1622.

383 323 615 366 Secunda
652 323 866 374 maehina,
909 335 1035 376 quam
1078 322 1251 365 adhibet
1291 323 1456 373 Cicero,
1498 327 1564 366 est
1604 324 1739 365 oratio
1780 328 1967 366 morata:

243 412 293 441 ea
324 399 518 441 consistit
550 399 590 440 in
630 399 818 453 duobus,
869 401 940 441 10.
982 402 1030 439 ut
1062 402 1208 440 orator
1246 410 1291 439 se
1331 399 1469 452 ipsum
1510 398 1661 451 probet
1701 397 1968 440 auditoribus

243 478 286 515 et
317 474 539 515 amabilem
573 473 722 528 faciat,
761 473 1023 515 ostendendo
1066 473 1201 526 primo
1233 473 1502 526 prudentiam
1535 471 1775 514 adferendis
1808 473 1972 526 sapien·

243 549 357 590 tibus
390 549 612 591 sententiis
646 561 693 589 ac
725 548 1040 601 pronunciatis,
1073 547 1308 601 prudenter
1340 546 1597 589 consulendo
1630 547 1897 589 auditoribus
1929 547 1969 589 in

243 627 461 677 posterum
493 626 536 664 et
578 626 692 664 reete
729 623 1022 664 ratiocinando
1066 623 1117 665 de
1157 623 1419 676 praeteritis,
1465 622 1580 676 quod
1623 622 1801 664 maxime
1842 621 1890 664 fit
1929 622 1970 663 in

244 698 537 747 deliberativo3
570 698 755 740 secundo
786 699 1003 753 virtutem,
1035 702 1080 739 ut
1114 698 1450 751 magnitudinem
1481 697 1622 748 animi,
1656 709 1749 738 cum
1783 696 1971 738 ostendit

244 787 288 816 se
328 786 410 815 non
453 774 604 815 terreri
647 777 762 815 metu
805 774 1113 827 periculorum,
1161 773 1459 815 liberalitatem
1503 776 1577 814 aut
1624 772 1727 814 alias
1770 772 1971 824 virtutes3

244 849 369 890 tertio
401 848 751 900 benevolentiam,
785 848 1168 901 commemorando,
1197 848 1299 901 quid
1331 860 1406 900 pro
1431 846 1697 888 auditoribus
1730 846 1794 888 vel
1827 846 1972 888 fecerit

244 923 309 965 vel
347 924 487 965 facere
526 923 578 964 sit
618 926 818 977 paratus,
867 927 909 964 et
950 923 1041 965 aliis
1080 922 1289 964 similibus
1332 922 1490 977 modis,
1539 934 1645 974 quos
1688 921 1817 963 habes
1859 921 1972 974 apud

243 998 419 1039 Aristot.
454 997 518 1047 II,
556 1001 588 1039 1.
653 1000 705 1039 29
744 997 912 1040 Mol-ata
953 998 1088 1039 oratio
1135 998 1329 1039 consistit
1366 997 1406 1038 in
1451 1010 1520 1051 eo,
1560 1000 1608 1038 ut
1650 996 1806 1038 Orator
1845 1010 1890 1039 se
1930 997 1971 1038 in

245 1073 419 1115 dicendo
453 1072 741 1114 accommodet
773 1073 825 1113 ad
858 1085 997 1115 mores
1030 1076 1072 1114 et
1111 1072 1286 1114 aflectus
1326 1072 1590 1125 auditorum,
1632 1074 1680 1112 ut
1722 1084 1815 1113 cum
1858 1071 1972 1125 apud

244 1148 434 1189 homines
467 1148 699 1189 liberaliter
730 1147 954 1201 educatos,
993 1148 1153 1190 nobiles
1186 1151 1228 1189 et
1261 1148 1487 1203 optimates
1527 1150 1738 1200 proponat
1778 1147 1972 1200 honores,

244 1223 428 1273 laudem,
461 1223 660 1275 gloriam:
694 1222 805 1276 apud
830 1222 1024 1264 sordidos
1048 1226 1190 1264 autem
1214 1226 1256 1264 et
1279 1222 1465 1275 objectos
1496 1222 1676 1275 lucrum,
1710 1222 1971 1274 voluptatem

246 1301 288 1340 et
319 1298 483 1339 similia.
548 1298 595 1339 V.
631 1310 663 1338 c.
692 1299 742 1339 12
775 1298 800 1339 1.
826 1300 850 1338 2
882 1298 1056 1339 Aristot.

385 1374 525 1425 Atque
556 1372 659 1414 haec
693 1373 848 1421 oratio,
891 1373 971 1414 etsi
1013 1373 1054 1414 in
1087 1373 1280 1414 omnibus
1322 1372 1451 1414 finitis
1494 1371 1816 1425 quaestionibus
1859 1384 1975 1425 repe-

247 1447 369 1503 ritur,
401 1447 581 1489 maxime
613 1451 755 1490 tamen
788 1447 828 1489 in
862 1460 1013 1501 genere
1047 1448 1335 1489 deliberativo.

385 1528 561 1570 Tertia
593 1528 786 1570 maehina
818 1532 882 1571 est
914 1541 1022 1581 quae
1046 1531 1185 1570 movet
1219 1528 1408 1583 affectus,
1439 1528 1479 1569 in
1504 1528 1777 1570 deliberativo
1802 1527 1972 1582 quidem

247 1603 458 1655 fiduciam,
490 1606 670 1655 metum,
702 1604 929 1657 pudorem,
963 1604 1203 1655 audaciam3
1238 1616 1347 1656 quae
1380 1603 1532 1656 quibus
1566 1603 1690 1645 rebus
1724 1604 1974 1658 excitentur,

249 1678 372 1720 docet
404 1678 578 1720 Aristot.
611 1679 666 1729 II,
697 1681 734 1720 5.
797 1680 843 1720 In
877 1679 1210 1721 demonstrativo
1244 1678 1467 1731 quaeritur
1498 1678 1708 1733 voluptas,
1740 1691 1848 1731 quae
1881 1691 1975 1720 con-

249 1753 419 1794 ciliatur
449 1753 631 1795 maxime
663 1757 831 1795 morata
863 1754 1068 1805 oratione,
1101 1756 1142 1795 et
1176 1766 1270 1795 cum
1303 1754 1363 1795 ita
1395 1753 1543 1795 laudat
1575 1766 1684 1806 eum,
1718 1754 1768 1795 de
1800 1766 1883 1807 quo
1916 1754 1976 1795 in-

249 1828 391 1869 stituit
438 1828 692 1878 orationem,
741 1832 788 1870 ut
833 1829 961 1870 etiam
1008 1828 1225 1870 auditores
1272 1827 1448 1869 laudare
1490 1828 1698 1871 videatur:
1753 1832 1974 1882 praeterea

250 1903 443 1945 omnibus
476 1904 736 1945 ornamentis
769 1903 1011 1957 rhetoricis,
1054 1916 1162 1955 quae
1194 1903 1373 1944 maxime
1406 1903 1660 1944 conveniunt
1691 1904 1787 1945 huie
1819 1904 1976 1957 generi,

250 1981 298 2019 ut
330 1978 389 2019 ait
420 1978 531 2019 idem
564 1991 595 2019 c.
636 1980 686 2020 12
727 1978 752 2019 1.
788 1979 825 2020 3.
888 1978 1050 2019 Deinde
1090 1978 1130 2018 in
1170 1977 1248 2019 hoc
1281 1990 1434 2030 genere
1473 1979 1695 2031 quaeritur
1726 1979 1884 2031 gratia,
1926 1979 1976 2021 de

250 2066 335 2106 qua
366 2054 420 2105 II,
457 2056 491 2094 1.
558 2054 602 2094 In
630 2053 821 2107 judiciali
854 2054 1065 2095 excitatur
1097 2053 1180 2103 ira,
1214 2052 1264 2093 de
1298 2066 1383 2105 qua
1414 2065 1446 2095 c.
1478 2055 1502 2095 2
1535 2054 1559 2094 l.
1586 2055 1632 2109 2,
1670 2054 1770 2096 item
1802 2054 1977 2096 sedatur

251 2130 356 2181 (cap.
383 2129 441 2180 3),
485 2131 679 2170 movetur
710 2141 829 2170 amor
861 2131 914 2182 (c.
943 2130 1008 2184 4),
1051 2128 1364 2183 misericordia,
1395 2128 1648 2181 indignatio,
1687 2129 1843 2170 invidia
1875 2132 1926 2182 (c.
1951 2131 1975 2171 5

253 2204 396 2256 —-10),
428 2203 656 2245 aemulatio
689 2206 800 2256 (11);
834 2216 943 2256 quae
974 2203 1116 2244 omnia
1147 2203 1387 2245 Aristotelis
1420 2204 1512 2245 loca
1544 2203 1768 2257 diligenter
1798 2204 1977 2257 legenda

252 2282 365 2331 sunt,
397 2282 526 2331 atque
558 2280 612 2321 ad
644 2280 734 2332 ejus
767 2282 1008 2333 praecepta,
1041 2279 1082 2319 in
1117 2280 1257 2320 certos
1290 2278 1438 2320 titulos
1463 2278 1706 2334 distributa,
1740 2280 1977 2322 revocanda

251 2357 353 2396 sunt
383 2367 445 2409 ea,
476 2367 586 2407 quae
617 2355 658 2396 in
691 2354 902 2397 Ciceronis
935 2353 1198 2396 orationibus
1231 2353 1437 2405 legentur.
1492 2353 1582 2404 Quo
1616 2353 1699 2406 fiet,
1732 2357 1782 2395 ut
1811 2354 1976 2396 nullum

253 2429 456 2471 orationis
499 2442 630 2482 genus
663 2433 881 2483 occurrat,
922 2430 964 2470 in
997 2441 1079 2482 quo
1104 2428 1223 2469 nobis
1255 2428 1424 2481 proprie
1456 2429 1583 2470 etiam
1617 2430 1796 2471 materia
1830 2430 1976 2472 deesse

252 2504 397 2557 possit.
451 2504 583 2546 Porro
617 2505 720 2546 utile
753 2505 834 2546 erit
865 2503 1065 2546 adhibere
1098 2506 1473 2545 commentatorem
1505 2504 1560 2544 M.
1586 2504 1816 2546 Antonium
1848 2504 1978 2546 Maio-

254 2579 439 2632 ragimn,
471 2580 543 2633 qui
575 2579 766 2632 epistolis
800 2579 903 2621 haec
935 2580 1075 2621 omnia
1106 2578 1356 2629 illustravit,
1388 2591 1424 2619 v.
1455 2579 1683 2620 Antonium
1716 2579 1978 2621 Ricobonum

254 2654 295 2694 in
327 2654 352 2694 l.
388 2653 438 2695 de
472 2667 550 2696 usu
583 2654 688 2696 artis
722 2654 957 2696 rhetoricae
988 2654 1164 2695 Aristot.

394 2729 454 2769 De
486 2729 662 2781 singulis
694 2730 887 2783 partibus
912 2729 1114 2771 orationis
1139 2728 1239 2769 nihil
1262 2728 1395 2770 habeo
1419 2728 1557 2770 dicere
1579 2732 1748 2782 praeter
1769 2743 1830 2780 ea,
1868 2742 1978 2783 quae

255 2802 306 2844 de
337 2803 513 2855 singulis
547 2817 572 2845 a
603 2804 813 2857 Cypriane
849 2804 1191 2857 praecipiuntur,
1235 2803 1313 2844 nisi
1346 2803 1460 2855 quod
1499 2803 1600 2845 haec
1639 2805 1826 2856 singula,
1869 2818 1978 2858 quae

256 2877 379 2919 modo
412 2878 664 2931 memoravi,
708 2892 783 2919 suo
817 2878 939 2920 modo
972 2879 1013 2919 in
1047 2878 1224 2931 singulis
1258 2878 1449 2931 partibus
1483 2879 1771 2935 reperiantur,
1814 2884 1979 2922 morata

257 2952 392 2993 oratio
434 2964 559 3005 saepe
591 2953 819 3005 plurimum
852 2953 892 2994 in
926 2953 1118 3006 exordio,
1162 2952 1378 3005 pathetica
1410 2953 1587 2994 maxime
1619 2954 1658 2995 in
1692 2954 1974 3006 peroratione.

395 3027 441 3067 In
475 3026 665 3068 formulis
698 3030 798 3068 sunt
829 3027 940 3068 modi
974 3028 1236 3077 exordiendi,
1270 3029 1491 3079 narrandi,
1525 3029 1759 3081 refutandi,
1803 3028 1976 3070 affectus

258 3104 300 3142 et
341 3113 478 3142 mores
520 3115 620 3143 suos
660 3102 938 3154 exprimendi,
982 3103 1215 3143 declinandi
1250 3103 1390 3143 odium
1425 3106 1463 3144 ot
1496 3104 1693 3144 invidiam
1729 3105 1976 3157 animorum,
