2164 3535
401 230 631 274 Einfiihrung
656 229 720 264 der
745 240 859 264 neuen
878 229 919 264 R.
947 232 988 263 st.
1016 228 1051 262 in
1078 228 1141 263 der
1167 227 1452 262 oberdeutscheu
1473 227 1574 261 Prov.
1606 231 1701 264 1834.
1827 232 1908 272 5⁴23

909 541 1063 597 Caput
1093 541 1187 585 III.

319 656 737 704 Communia
792 655 1331 722 Superioribus
1388 655 1773 704 Classibus

725 757 792 797 et
848 747 1385 798 Inferioribus.

1001 889 1093 942 §r

193 984 392 1024 initium
426 985 473 1024 et
509 983 620 1024 finis
653 983 760 1024 anni
800 983 1099 1024 scholastici
1133 994 1188 1022 ac
1228 983 1559 1035 praemiorum
1599 982 1906 1024 distributio.

334 1101 368 1139 1.
418 1099 531 1140 Finis
555 1099 741 1140 omnium
773 1097 1011 1139 scholarum
1046 1100 1111 1138 est
1142 1096 1279 1149 prima
1301 1096 1442 1149 aliqua
1475 1096 1562 1137 dies
1593 1109 1674 1138 non
1708 1097 1910 1150 impedita

191 1175 291 1226 post
329 1174 481 1215 festum
525 1172 824 1226 assumptionis
862 1172 909 1213 B.
936 1172 983 1213 V.
1009 1172 1063 1212 M.
1128 1171 1302 1213 Initium
1343 1175 1483 1212 autem
1525 1184 1601 1224 pro
1641 1171 1909 1214 inferioribus

190 1247 409 1290 Classibus
442 1248 634 1290 omnibus
670 1249 734 1289 10.
759 1247 968 1299 Octobris,
1001 1258 1076 1299 pro
1109 1246 1398 1299 superioribus
1424 1248 1486 1288 18.
1522 1246 1710 1299 ejusdem
1742 1247 1908 1289 mensis.

328 1335 375 1375 In
417 1334 648 1376 minoribus
682 1334 896 1386 Collegiis,
938 1334 1007 1375 ubi
1039 1334 1163 1376 unica
1195 1337 1259 1376 est
1301 1334 1447 1376 classis
1489 1334 1700 1389 superior,
1744 1334 1908 1375 initium

189 1420 357 1462 quoque
390 1409 656 1462 superiorum
689 1412 754 1451 est
790 1410 852 1450 10.
878 1409 1085 1451 octobris.

331 1496 368 1535 2.
418 1495 569 1537 Studia
611 1495 743 1537 altero
787 1508 881 1536 mox
925 1495 991 1537 die
1024 1508 1046 1537 a
1087 1509 1218 1549 supra
1256 1509 1331 1549 pro
1374 1495 1489 1537 initio
1532 1495 1773 1538 scholarum
1815 1509 1909 1539 con-

187 1570 339 1611 stituto
363 1570 421 1612 ita
453 1570 765 1617 instaurentur:
803 1574 850 1612 19
883 1571 917 1612 si
950 1571 1167 1613 inferiores
1191 1575 1233 1612 et
1264 1583 1403 1624 super.
1437 1571 1667 1623 separatim
1690 1572 1908 1626 incipiunt,

188 1645 405 1697 catalogus
437 1645 823 1687 Promovemlorum
857 1646 896 1686 in
930 1646 1199 1688 inferioribus
1232 1658 1324 1687 mox
1358 1646 1630 1698 praelegatur
1659 1646 1699 1688 in
1733 1647 1907 1699 singulis

187 1719 406 1773 classibus,
439 1723 534 1772 post
566 1720 792 1761 adventum
827 1733 922 1761 vero
968 1721 1342 1773 superioristarum
1375 1722 1613 1763 celebretur
1644 1734 1811 1763 sacrum
1843 1735 1909 1764 so-

186 1795 321 1836 lemne
354 1794 405 1836 de
436 1794 492 1848 Sp
532 1794 587 1846 S,
621 1795 734 1847 quod
767 1795 1055 1848 subsequatur
1087 1796 1221 1837 oratio
1254 1796 1384 1838 latina
1418 1809 1558 1837 coram
1592 1796 1907 1839 Professoribus

190 1872 233 1911 et
264 1869 479 1923 discipulis
510 1870 550 1911 in
586 1871 697 1921 aula,
731 1873 859 1923 atque
892 1870 997 1912 hanc
1030 1871 1199 1923 publica
1228 1873 1270 1913 et
1292 1871 1488 1913 solemnis
1511 1871 1665 1913 ibidem
1688 1872 1906 1925 inscriptio

187 1945 563 1997 superioristarum
587 1957 729 1986 coram
752 1945 970 1987 Praefecto
994 1951 1177 1999 utroque
1201 1959 1248 1988 ac
1264 1945 1579 1988 professoribus
1603 1947 1904 1999 superioribus.

185 2021 238 2060 29
272 2019 320 2060 In
353 2019 564 2073 Collegiis,
596 2020 638 2061 in
671 2020 825 2073 quibus
857 2021 1124 2074 superiorum
1157 2026 1198 2063 et
1228 2022 1475 2064 inferiorum
1509 2021 1706 2063 classium
1740 2022 1906 2063 initium

186 2106 405 2136 commune
437 2098 522 2145 est,
565 2095 698 2136 altero
739 2095 791 2137 ab
824 2095 1008 2137 adventu
1042 2096 1345 2149 discipulorum
1379 2097 1444 2138 die
1478 2096 1715 2138 celebretur
1747 2096 1907 2150 pariter

185 2181 353 2210 sacrum
387 2169 437 2210 de
468 2169 537 2222 Sp.
563 2169 618 2221 S,
651 2169 860 2211 habeatur
892 2170 985 2211 dein
1020 2171 1153 2212 oratio
1187 2171 1317 2212 latina
1348 2171 1388 2212 in
1423 2171 1538 2219 aula:
1574 2184 1622 2213 ac
1655 2172 1907 2213 Promoven-

189 2243 339 2285 dorum
383 2243 612 2296 Cat-alogus
654 2245 820 2297 publice
867 2245 1161 2298 promulgetur
1199 2259 1223 2288 a
1262 2247 1479 2288 Praefecto
1522 2259 1663 2288 coram
1713 2245 1904 2287 omnibus

184 2318 501 2360 Professoribus
534 2322 576 2360 et
608 2318 834 2372 discipulis.

324 2393 405 2443 Qui
438 2396 601 2435 statuto
635 2394 701 2435 die
732 2394 820 2435 sine
853 2394 1038 2446 legitima
1071 2407 1198 2436 causa
1230 2408 1310 2436 11011
1345 2395 1541 2442 adfuerit,
1574 2396 1614 2437 in
1644 2408 1736 2437 eum
1770 2408 1904 2449 poena

189 2467 611 2510 animadvertendum
644 2472 720 2510 est.

322 2556 358 2595 3.
409 2555 517 2596 Anni
560 2555 797 2598 scholastici
839 2556 931 2598 linis
973 2557 1019 2598 fit
1056 2558 1338 2610 praemiorum
1371 2558 1682 2599 distributione.
1747 2558 1904 2599 Verum

188 2641 281 2671 cum
314 2629 456 2683 plures
488 2642 564 2684 per
597 2643 751 2672 annum
785 2632 922 2672 minus
946 2631 1152 2674 solemnes
1174 2633 1458 2685 praemiorum
1484 2633 1802 2675 distributiones
1825 2632 1902 2674 sibi

182 2703 431 2760 succedant,
475 2704 526 2747 de
564 2705 628 2747 his
662 2718 830 2759 quoque
862 2705 929 2748 hic
961 2706 1182 2758 agendum.
1247 2708 1325 2749 Est
1356 2708 1500 2761 itaque
1531 2707 1814 2761 praemiorum
1846 2707 1904 2748 di-

185 2778 383 2821 stributio
416 2779 587 2834 triplex:

320 2857 362 2907 a)
410 2855 665 2898 Distributio
698 2856 1016 2912 numismatum,
1048 2870 1157 2910 quae
1185 2861 1251 2899 ter
1272 2857 1313 2898 in
1336 2870 1444 2899 anno
1468 2857 1554 2909 fiat,
1587 2858 1784 2900 nimirum
1806 2862 1904 2912 post

181 2932 268 2972 tres
300 2930 457 2983 primos
491 2931 588 2972 anni
621 2931 892 2984 quadrantes.

321 3005 364 3054 b)
414 3004 619 3048 Solemnis
653 3006 937 3059 promulgatio
970 3019 1220 3060 progressus
1243 3009 1512 3060 superiorum
1537 3009 1733 3051 classium
1767 3009 1901 3062 primo

188 3079 382 3121 semestri
413 3079 533 3135 facti,
577 3094 623 3123 ac
657 3081 899 3123 distributio
931 3082 1279 3137 praemiolorum,
1322 3083 1355 3124 si
1388 3083 1426 3124 id
1470 3084 1614 3136 liceat,
1657 3084 1902 3137 velsaltem

184 3154 485 3196 numismatum
529 3155 570 3197 in
612 3157 881 3200 inferioribus
923 3171 1006 3200 una
1048 3171 1139 3201 cum
1184 3160 1522 3212 promulgatione
1564 3171 1814 3213 progressus
1853 3172 1902 3202 ex
