2164 3535
221 199 301 239 192
758 196 1034 241 Heranbildung
1059 197 1123 233 der
1147 198 1286 234 Lehrer
1315 201 1414 235 1622.

220 345 426 389 traditum
469 357 516 386 eo
556 347 746 395 tempore
787 343 934 393 poetas
977 342 1019 380 et
1060 339 1269 392 poeticum
1310 340 1453 382 stilum
1486 341 1698 383 ordinarie
1730 347 1949 398 seponent,

220 424 262 464 et
292 422 333 463 in
366 432 511 463 eorum
543 419 680 459 locum
714 414 904 457 oratoria
935 414 1174 456 succedent.
1227 414 1351 456 Initio
1380 415 1549 468 quidem
1573 422 1947 470 progymnasmata

221 497 408 539 oratoria
439 492 681 536 mandanda
718 494 863 532 erunt:
905 489 1190 539 narrationes,
1233 489 1557 546 descriptiones,
1597 492 1950 548 confirmationes,

221 583 418 624 gnomae,
452 567 762 610 confutationes
796 569 838 606 et
869 564 1040 614 similia3
1072 568 1221 617 postea
1254 565 1465 606 orationes
1500 566 1764 608 conscribere
1797 567 1949 609 licebit.

221 646 323 687 Post
354 645 472 700 haec,
505 644 538 685 si
574 642 711 684 adhuc
742 645 908 693 tempus
942 639 1213 693 concedatur,
1247 639 1448 681 redibunt
1480 640 1532 681 ad
1555 642 1714 697 poesin,
1747 643 1800 684 ad
1823 642 1951 684 fabri-

221 720 355 762 canda
387 719 709 772 epigrammata,
743 715 859 769 odas,
893 718 1079 769 satyras3
1112 715 1446 758 subministratis
1479 718 1724 759 auctoribus
1748 718 1949 769 classiciS,

221 796 332 837 unde
365 793 589 836 artificium
622 796 664 834 et
694 791 870 845 phrases
904 790 967 831 his
1000 791 1206 844 poematis
1239 791 1411 833 idoneas
1444 792 1664 834 hauriant:
1698 796 1805 846 puta
1838 793 1950 834 Mar-

220 871 386 922 tialem,
428 868 671 911 Iuvenalem
713 869 973 916 correctum3
1016 865 1185 907 traditis
1224 866 1350 908 etiam
1384 867 1424 907 iu
1458 867 1615 920 scripto
1649 879 1758 920 quae
1793 867 1846 909 ad
1878 880 1950 909 na-

220 950 377 999 turam,
410 944 713 998 proprietatem
746 946 788 984 et
819 940 1043 983 artificium
1077 941 1342 993 singulorum
1375 945 1619 995 poematum
1652 942 1877 995 pertinent.

360 1025 522 1079 Singuli
565 1026 843 1078 Repetentes,
895 1023 995 1065 dum
1044 1023 1379 1075 grammaticalia
1421 1026 1463 1064 et
1505 1024 1705 1077 epistolas
1749 1027 1951 1074 tractant,

222 1102 350 1144 semel
382 1102 421 1142 in
456 1100 638 1142 triclinio
671 1099 909 1151 germanice
942 1098 1266 1144 concionentur:
1300 1098 1399 1139 dum
1434 1111 1531 1139 vero
1565 1099 1676 1140 circa
1709 1099 1948 1152 prosodiam

221 1182 264 1219 et
302 1180 450 1231 poetas
492 1179 775 1229 occupantur,
815 1173 970 1226 singuli
1014 1185 1143 1213 unam
1185 1173 1362 1225 elegiam
1408 1173 1471 1214 vel
1516 1174 1629 1214 aliud
1670 1178 1820 1226 poema
1853 1187 1876 1215 a
1908 1187 1952 1215 se

221 1254 379 1294 factum
421 1251 616 1292 similiter
657 1263 785 1304 super
822 1260 1009 1290 inensam
1043 1247 1291 1289 recitabunt
1323 1261 1344 1289 e
1376 1249 1591 1290 memoria.
1658 1249 1771 1291 Idem
1811 1262 1952 1291 serva-

221 1328 329 1369 bunt
370 1327 409 1367 iu
454 1326 838 1379 progymnasmatis
879 1328 921 1365 et
960 1323 1063 1377 ipsis
1107 1323 1395 1375 orationibus,
1437 1323 1607 1376 quaudo
1650 1324 1847 1378 privatim
1880 1324 1951 1366 illa

222 1404 408 1443 tractare
434 1400 653 1454 jubentur.

360 1477 419 1518 Ut
450 1488 549 1518 vero
582 1475 660 1517 hoc
692 1474 845 1527 singuli
880 1474 1120 1515 accuratius
1155 1478 1386 1526 praestent,
1424 1475 1700 1529 permittitur,
1734 1478 1782 1515 ut
1802 1478 1951 1528 postea

222 1553 442 1595 Directore
484 1555 706 1606 praesente
749 1551 903 1603 singuli
939 1551 1145 1604 judicium
1189 1563 1310 1591 suuni
1356 1550 1406 1591 de
1445 1550 1644 1591 concione
1678 1550 1813 1602 deque
1847 1550 1950 1600 aliis,

222 1640 331 1681 quae
363 1628 529 1681 publice
562 1628 808 1675 recitantur,
842 1626 1031 1667 modeste
1064 1630 1205 1666 tamen
1238 1628 1281 1667 et
1314 1626 1506 1678 religiose
1538 1626 1768 1679 proferant.
1828 1627 1952 1667 Deni-

223 1716 303 1756 que
344 1703 403 1744 ita
443 1715 609 1755 semper
647 1702 791 1743 stilum
835 1714 929 1743 cum
973 1701 1163 1741 oratione
1212 1702 1490 1753 conjungent,
1540 1704 1586 1742 ut
1634 1714 1848 1754 nunquam
1899 1701 1951 1743 ad

224 1778 481 1820 academiam
515 1778 778 1826 conveniant,
812 1777 911 1829 quin
946 1775 1105 1828 aliquid
1139 1788 1163 1816 a
1191 1788 1235 1816 se
1268 1788 1413 1817 recens
1448 1777 1726 1829 compositum
1758 1776 1953 1818 adferant

223 1859 265 1895 et
298 1854 506 1895 Directori
539 1853 776 1894 exhibeant.

744 2225 798 2273 C.
874 2225 1142 2273 [instructio
1181 2243 1270 2291 pro
1310 2225 1427 2287 illis,

300 2319 386 2383 qui
426 2317 487 2365 ad
526 2318 804 2383 repetenda
841 2319 1009 2366 studia
1049 2319 1346 2366 humaniora
1384 2318 1664 2365 mittuntur.
1728 2319 1868 2364 1622.

367 2459 401 2498 1.
452 2456 700 2509 Quicunque
732 2470 779 2497 ex
814 2457 969 2498 nostris
1002 2456 1055 2497 ad
1088 2456 1230 2498 studia
1269 2455 1545 2497 humanitatis
1588 2454 1817 2507 repetenda
1857 2453 1951 2495 init-

225 2534 394 2582 tuntur,
436 2531 590 2582 sciant,
634 2531 744 2572 hunc
783 2531 862 2572 sibi
901 2544 1074 2584 scopum
1114 2531 1378 2584 propositum
1417 2543 1509 2572 esse
1549 2534 1764 2583 oportere,
1808 2532 1855 2570 ut
1887 2542 1951 2570 co·-

226 2608 448 2657 gnoscaut,
491 2605 849 2658 quemadmodum
889 2606 966 2659 ipsi
1006 2606 1196 2659 inprimis
1239 2606 1469 2658 puritatem
1510 2605 1678 2657 linguae
1717 2605 1874 2646 latinae
1909 2607 1951 2645 et

226 2692 369 2721 veram
402 2680 685 2732 eloquentiam
718 2680 887 2733 assequi
920 2681 1096 2733 possint,
1131 2684 1173 2721 et
1205 2680 1308 2722 alios
1342 2680 1380 2721 in
1416 2693 1536 2721 suam
1570 2680 1831 2733 disciplinam
1865 2683 1950 2721 tra-

227 2754 336 2796 ditos
369 2754 421 2795 ad
455 2755 630 2796 eandem
663 2754 884 2796 deducere.

367 2831 404 2871 2.
448 2830 512 2870 Ad
544 2829 655 2871 hunc
688 2842 861 2882 scopum
894 2842 975 2871 non
1019 2830 1102 2871 alia
1134 2830 1200 2871 via
1233 2829 1480 2883 pervenient
1520 2828 1705 2879 facilius,
1745 2842 1872 2882 quam
1915 2829 1949 2871 si

228 2905 395 2957 regulas
428 2907 515 2946 tam
548 2917 790 2946 communes
824 2905 1064 2947 scholarum
1096 2918 1225 2958 quam
1256 2905 1451 2958 proprias
1493 2905 1697 2957 cujusque
1730 2905 1875 2946 classis
1908 2908 1950 2946 et

227 2980 366 3032 legere
397 2983 559 3021 attente
592 2983 634 3022 et
665 2981 933 3023 considerare
966 2994 1013 3023 ac
1047 2982 1271 3023 observare
1304 2980 1516 3022 studeant.

366 3056 404 3096 3.
452 3055 543 3096 Hae
577 3056 749 3108 regulae
782 3055 864 3097 duo
897 3056 1016 3097 nobis
1048 3060 1284 3109 suggerunt
1311 3056 1544 3109 praesidia:
1584 3059 1626 3097 et
1657 3055 1858 3108 puritatis
1891 3054 1947 3095 la-

228 3130 341 3172 tinae
372 3131 541 3183 linguae
574 3136 616 3172 et
647 3132 913 3184 eloquentiae
946 3132 1255 3185 comparandae
1288 3134 1514 3184 praecepta
1546 3136 1588 3172 et
1620 3131 1907 3172 imitationem.
