2164 3535
792 217 869 253 Ziel
895 218 958 253 der
982 216 1169 253 Rhetorik.
1767 223 1846 264 103

127 373 278 414 magno
312 359 595 402 emolumento
627 371 754 413 saepe
784 359 885 412 fuit,
917 360 965 401 ut
1004 360 1252 401 assuescant
1286 359 1406 412 pueri
1439 360 1633 402 distincte
1664 361 1777 414 loqui
1810 367 1852 404 et

127 435 385 477 articulatim
418 448 499 476 non
534 447 829 488 praepropere,
860 438 909 476 ut
936 435 1022 477 fere
1044 433 1103 486 fit,
1137 435 1305 489 raptim,
1337 435 1525 481 turbide:
1559 439 1690 489 utque
1722 437 1850 479 inter-

127 510 281 553 sistant
312 522 630 562 sermonemque
662 510 980 565 interpungant,
1013 510 1084 552 ubi
1117 523 1221 564 opus
1254 515 1328 552 est.
1388 510 1437 552 Id
1469 510 1595 552 etiam
1628 524 1676 552 ex
1699 511 1850 562 Quinc-

125 585 271 627 tiliano
303 588 445 627 monet
475 585 696 627 Iuvencius
731 585 781 627 de
812 586 907 627 Rat.
943 585 1031 627 doc.
1066 587 1148 627 (1.2
1180 597 1215 626 a.
1240 586 1264 627 3
1297 587 1320 639 ξ
1346 588 1363 627 1
1398 585 1440 627 111
1474 584 1563 628 fine.

119 941 247 990 Ziel
286 941 388 990 der
424 942 700 990 obersten
741 941 1321 1009 Gymnasialclasse:
1372 941 1843 990 Beredtsamkeit

471 1035 586 1082 und
637 1033 892 1100 ssildung
936 1036 1034 1083 des
1082 1033 1496 1085 Geschmacks.

724 1138 914 1183 (Wagner
938 1148 978 1183 p.
997 1137 1235 1182 232-234.)

234 1254 402 1296 Gradus
424 1254 548 1308 hujus
572 1253 748 1296 Scholae
764 1254 1013 1296 Rhetoricae
1036 1257 1112 1304 est,
1137 1257 1233 1306 post
1255 1256 1556 1307 praeparatum
1580 1253 1622 1293 in
1640 1252 1843 1293 Humani-

120 1329 218 1370 tatis
252 1329 395 1371 Classe
427 1329 576 1384 solum,
609 1330 640 1370 Τ
644 1342 794 1383 yrones
827 1329 880 1370 ad
901 1329 1131 1382 perfectam
1154 1329 1437 1381 eloquentiam
1458 1329 1699 1383 informare,
1733 1341 1841 1380 quae

121 1405 324 1447 maximas
358 1404 462 1446 duas
484 1405 727 1446 facultates:
762 1404 999 1446 Oratoriam
1036 1417 1082 1446 ac
1106 1404 1317 1446 Poeticam
1351 1403 1680 1457 comprehendit,
1713 1416 1844 1456 quan-

119 1493 244 1533 quam
278 1480 338 1521 illi
370 1480 529 1533 primae
562 1484 704 1532 partes
736 1480 796 1521 ita
835 1480 1083 1521 tribuendae
1124 1482 1243 1527 sunt,
1286 1481 1334 1520 ut
1372 1479 1544 1519 Poetica
1584 1478 1634 1519 iis
1675 1478 1842 1520 demum

117 1555 403 1608 permittatur,
436 1568 540 1608 quos
573 1555 729 1608 ingenii
759 1556 903 1597 nativa
934 1556 1124 1609 felicitas,
1165 1555 1229 1597 vel
1260 1555 1348 1597 sine.
1381 1554 1572 1607 plurimis
1606 1554 1841 1607 praeceptis

117 1630 197 1671 huc
231 1629 463 1671 deduxerit.
514 1629 720 1682 Equidem
754 1630 857 1672 adeo
881 1630 1046 1680 diffusa,
1078 1630 1272 1683 tantique
1296 1643 1395 1671 usus
1419 1629 1607 1682 scientia,
1640 1629 1707 1670 vix
1729 1630 1841 1671 intra

119 1703 364 1746 Scholastici
398 1705 493 1745 anni
526 1705 727 1746 terminos
761 1710 963 1758 angustos
1006 1705 1117 1747 tradi
1159 1706 1262 1747 satis
1305 1709 1345 1747 et
1387 1705 1545 1757 percipi
1586 1708 1746 1757 potest,
1789 1705 1841 1746 ab

117 1779 453 1821 adolescentibus
466 1780 660 1832 quintum
678 1779 884 1821 decimum
904 1781 1055 1822 aetatis
1075 1794 1231 1822 annum
1244 1781 1424 1822 fortasse
1442 1780 1627 1821 nondum
1646 1780 1841 1834 egressis,

117 1854 248 1896 latina
278 1854 424 1907 lingua
456 1867 605 1907 parum
638 1855 892 1908 exercitatis,
926 1869 1000 1908 per
1039 1856 1255 1908 sanguinis
1287 1856 1493 1896 fervorem
1527 1855 1696 1896 minime
1728 1855 1841 1897 labo-

115 1930 259 1979 riosis,
292 1929 374 1971 erit
413 1933 554 1970 tamen
597 1929 674 1971 hoc
715 1929 969 1972 Professoris
1013 1930 1216 1984 officium,
1259 1943 1382 1972 verae
1424 1943 1517 1972 011111
1561 1943 1706 1972 sacrae
1748 1932 1839 1972 tum

113 2006 314 2059 profanae
345 2005 610 2058 eloquentiae
632 2006 857 2059 imaginem
879 2006 920 2047 in
945 2006 1092 2048 animis
1116 2018 1290 2048 suorum
1314 2005 1512 2058 defigere:
1546 2017 1593 2046 ac
1625 2005 1838 2057 generalia

112 2080 383 2134 inventionis,
416 2080 720 2134 dispositionis,
755 2082 1002 2123 elocutionis
1040 2085 1289 2135 praecepta,
1322 2080 1437 2122 velut
1478 2080 1636 2134 optima
1678 2080 1838 2122 semina

114 2155 374 2211 dispergere,
416 2168 525 2209 quae
567 2169 642 2210 per
683 2156 889 2209 reliquam
939 2159 1122 2199 aetatem
1172 2156 1416 2198 adolescant
1458 2155 1658 2211 denique,
1702 2159 1744 2197 et
1786 2155 1838 2197 ad

113 2231 402 2272 maturitatem
434 2230 743 2284 perducantur;
777 2231 1032 2274 Parentibus
1054 2244 1153 2274 vero
1177 2230 1455 2286 suadendum,
1490 2234 1537 2272 ut
1559 2230 1693 2272 altero
1726 2243 1835 2272 anno

113 2318 211 2348 suos
242 2306 283 2347 in
315 2306 541 2348 Rhetorica
572 2306 793 2361 retineant,
827 2319 909 2359 quo
932 2306 1081 2348 melius
1105 2306 1297 2348 excolant
1319 2308 1468 2355 artem,
1501 2305 1596 2347 filiis
1619 2305 1659 2346 in
1686 2306 1834 2358 quavis

113 2380 224 2422 vitae
255 2381 493 2423 conditione
524 2384 643 2423 tanto
677 2382 773 2423 usui
804 2381 1006 2423 futuram.

251 2467 347 2508 Dixi
378 2480 501 2510 verae
533 2468 797 2522 eloquentiae
828 2469 1050 2522 imaginem
1083 2469 1403 2523 imprimendam
1426 2468 1676 2522 Tyronibus,
1709 2468 1836 2522 idque

114 2555 163 2583 ea
187 2555 327 2598 causa,
346 2546 395 2584 ut
410 2556 462 2585 ne
480 2544 690 2586 orationes
714 2544 901 2587 scribant
916 2544 1087 2587 Poetica
1104 2547 1213 2597 (arte
1223 2545 1260 2597 Ῥ)
1278 2544 1412 2597 magis
1431 2543 1484 2585 ad
1506 2543 1690 2597 delicias,
1709 2556 1835 2597 quam

114 2618 301 2659 oratoria
333 2618 387 2659 ad
418 2619 655 2675 victoriam,
690 2624 738 2661 ut
769 2632 819 2661 ne
852 2620 1061 2671 allegoriis
1093 2622 1135 2661 et
1165 2619 1338 2661 floribus
1371 2622 1651 2672 perspergant
1683 2619 1834 2673 omnia,

113 2693 353 2746 nitidosque
385 2706 432 2736 ac
463 2695 703 2747 praeclaros
735 2708 779 2737 se
812 2695 1071 2749 existiment,
1110 2695 1144 2737 si
1177 2695 1294 2736 nulla
1324 2707 1455 2748 prope
1487 2694 1685 2747 periodus
1718 2694 1835 2736 adul-

111 2768 249 2809 terina
286 2769 489 2822 eJ'usmodi
534 2769 743 2822 elegantia
784 2774 916 2812 vacet..
981 2769 1119 2820 Quare
1162 2769 1329 2823 saepius
1372 2769 1482 2810 inter
1524 2769 1834 2822 explanandum

113 2843 350 2899 erudiendi,
393 2844 768 2897 commonendique
801 2848 943 2887 essent
975 2844 1189 2900 discipuli,
1222 2845 1323 2897 quid
1364 2845 1404 2886 in
1438 2857 1538 2886 vera
1579 2844 1835 2897 Eloquentia

111 2918 290 2971 probum
311 2919 367 2960 sit
389 2932 436 2961 ac
459 2919 682 2971 sincerum,
705 2920 769 2962 vel
791 2920 983 2973 spurium
1006 2932 1054 2961 ac
1076 2920 1285 2962 vitiosum.
1340 2920 1435 2961 Itali
1460 2919 1655 2972 Gallique
1678 2919 1833 2961 bonum

112 2997 282 3045 gustum
315 2993 541 3049 appellant,
574 2995 687 3047 quod
719 3007 884 3050 nomen,
923 2995 1002 3036 etsi
1033 2995 1135 3048 quid
1167 2995 1246 3037 sibi
1278 2995 1391 3043 velit,
1425 2994 1634 3047 explicare
1665 2993 1833 3035 difficile

113 3067 187 3121 sit,
218 3069 399 3110 fortasse
430 3081 452 3109 e
485 3068 743 3118 Quintiliano
776 3082 1012 3122 sumpsere,
1045 3070 1117 3123 qui
1159 3069 1210 3111 de
1241 3069 1373 3123 probo
1407 3081 1454 3110 ac
1486 3069 1635 3111 vitioso
1668 3068 1832 3110 dicendi

113 3155 266 3195 genere
307 3155 436 3195 agens
479 3143 561 3185 ait:
612 3144 725 3197 quod
758 3145 940 3187 sentitur
976 3145 1136 3187 latente
1170 3145 1329 3199 judicio
1371 3144 1486 3185 velut
1526 3144 1681 3198 palato.
1754 3142 1832 3185 Hic
