2164 3535
288 265 341 305 64
563 262 849 306 Tagesordnung
874 261 933 296 fur
958 261 1015 296 die
1043 260 1330 297 oberdeutschen
1358 261 1587 306 Gymnasien.
1639 262 1735 298 1737.

286 401 509 456 pendenda
547 402 616 459 sit,
658 402 708 445 de
748 415 831 456 quo
872 402 1017 445 statim
1057 401 1334 444 monebimus.
1410 402 1589 443 Demum
1621 402 1662 443 in
1695 402 2012 454 occupationem

286 477 574 532 domesticam,
613 477 822 531 siquidem
856 490 881 519 a
911 477 1085 519 meridie
1128 476 1362 525 vacabitur,
1401 476 1647 518 dictandum
1679 479 1744 518 est
1774 477 2015 530 scriptionis

287 556 597 606 argumentum.

422 627 541 669 Hora
572 627 643 669 IX.
678 627 836 681 scripta
876 626 1044 680 publice
1087 627 1374 683 corriguntur,
1416 627 1475 669 sic
1517 630 1673 683 tamen,
1713 631 1761 669 ut
1802 630 2018 681 postrema

287 702 453 745 circiter
484 702 695 744 semihora
727 702 1030 743 concertationi
1063 706 1321 758 reservetur,
1360 714 1470 756 quae
1502 702 1736 744 omittenda
1769 706 1917 745 contra
1949 703 2016 744 die

286 778 516 820 vacationis
557 778 656 829 erit,
705 777 876 830 quando
918 777 971 818 ad
1016 777 1141 819 horas
1187 777 1307 820 binas
1350 777 1596 820 universum
1639 778 1808 821 scholae
1848 781 2016 832 tempus

286 852 565 896 contrahitur.

424 927 562 980 Atque
601 928 661 968 ita
706 927 771 969 die
803 927 872 969 1110
907 928 1137 970 vacationis
1172 929 1313 970 omnia
1344 928 1446 970 fient
1478 929 1625 971 ordine
1660 929 1783 971 modo
1816 928 2016 983 indicato,

284 1005 586 1055 praeterquam
631 1002 744 1056 quod
794 1003 1051 1045 concertatio
1099 1004 1313 1046 miscenda
1352 1007 1417 1046 est
1460 1004 1601 1058 potius
1643 1004 2016 1047 exercitationibus

285 1078 476 1133 caeteris,
510 1089 637 1131 quam
670 1076 723 1119 ad
754 1076 879 1119 finem
912 1078 1151 1131 rejicienda.
1203 1079 1283 1132 (Ex
1317 1080 1417 1132 Reg.
1448 1082 1497 1121 17
1533 1079 1667 1132 Com.)
1717 1080 1766 1121 In
1788 1079 2016 1122 Rhetorica

284 1156 425 1195 tamen
468 1156 511 1195 et
541 1153 818 1194 Humanitate
861 1152 1007 1195 eodem
1051 1153 1117 1195 die
1158 1155 1413 1208 proponitur
1454 1154 1613 1208 aliquid
1646 1155 1931 1208 recoliturque
1963 1154 2016 1195 ad

285 1228 567 1270 eruditionem
600 1229 837 1285 pertinens,
876 1229 966 1271 loco
1001 1229 1214 1285 authoris,
1256 1230 1327 1283 qni
1361 1231 1499 1272 omitti
1532 1235 1632 1273 tunc
1664 1231 1841 1287 poterit,
1873 1243 2017 1284 quem-

284 1305 512 1346 admodum
552 1305 726 1347 inferius
759 1305 979 1357 (Articulo
1013 1306 1079 1359 ΙΙ)
1119 1306 1159 1347 111
1203 1305 1361 1348 Ordine
1401 1306 1574 1360 proprio
1618 1319 1764 1348 earum
1807 1306 2017 1348 Classium

284 1379 582 1422 declarabitur.
647 1380 728 1435 (Ex
760 1380 862 1433 Reg.
888 1382 912 1422 2
945 1381 1065 1423 Rhet
1103 1384 1145 1423 et
1177 1381 1301 1422 Η11111.
1337 1380 1410 1422 ubi
1442 1380 1493 1423 de
1526 1380 1592 1423 die
1626 1383 1779 1433 vacat)

423 1457 458 1498 A
490 1456 677 1498 meridie.
740 1456 830 1499 Nisi
863 1460 1051 1511 vacetur,
1084 1456 1196 1499 idem
1229 1456 1373 1512 ferme,
1407 1457 1480 1510 qui
1512 1458 1535 1511 ξ
1562 1459 1579 1498 1
1612 1469 1688 1510 pro
1713 1456 1856 1499 schola
1876 1468 2017 1510 pome-

285 1531 449 1573 ridiana
465 1531 705 1585 descriptus
723 1535 800 1585 est,
825 1533 927 1574 ordo
946 1533 1205 1585 servabitur,
1233 1545 1479 1586 quanquam
1498 1532 1577 1574 sub
1594 1532 1741 1574 horam
1759 1532 1836 1574 ΙΙΙ.
1856 1532 2016 1585 scripta

283 1607 424 1659 potius
459 1607 703 1662 domestica,
737 1621 863 1661 quam
897 1620 1005 1661 qnae
1037 1609 1078 1649 in
1110 1608 1255 1650 schola
1287 1608 1507 1650 elaborata
1538 1607 1709 1661 fuerint,
1752 1607 2016 1650 emendanda

284 1686 420 1724 erunt.
492 1684 684 1736 Amplius
727 1696 896 1736 quoque
938 1683 1244 1736 indulgendum
1287 1695 1381 1724 cuin
1422 1683 1710 1724 exercitationi
1752 1683 1894 1724 variae
1935 1681 2017 1723 dis-

284 1758 521 1812 cipulorum
558 1758 668 1800 inter
706 1759 866 1811 scripta
907 1759 999 1811 ipsa
1042 1758 1292 1811 corrigenda
1323 1759 1715 1811 praelectionesque
1747 1757 2015 1811 repetendaS,

281 1837 372 1875 111111
404 1846 502 1875 vero
525 1833 652 1875 etiam
675 1833 987 1875 concertationi.
1028 1833 1256 1887 Nunquam
1280 1836 1422 1875 autem
1446 1833 1508 1875 his
1531 1833 1646 1875 feriis
1670 1832 2008 1886 componendum

283 1909 426 1951 thema
464 1909 504 1950 in
547 1908 691 1950 schola
730 1911 815 1963 est,
859 1908 946 1950 sive
992 1909 1211 1950 matutinis
1244 1908 1359 1950 horis
1392 1909 1479 1950 sive
1510 1908 1811 1961 pomeridianis
1842 1907 2013 1950 tametsi

284 1985 316 2025 F
320 1984 406 2026 eria
439 1984 480 2026 ΙΙ
512 1984 575 2025 vel
608 1984 667 2025 IV
699 1984 848 2025 fnisset
879 1985 1051 2037 scriptio
1086 1984 1310 2038 impedita3
1352 1984 1431 2025 nisi
1464 1983 1573 2026 forte
1607 1984 1738 2037 (quod
1772 1984 2015 2037 contingere

283 2059 429 2101 crebro
461 2059 575 2100 haud
597 2062 755 2112 potest)
779 2059 1092 2113 impedimenta,
1125 2063 1244 2102 tanta
1266 2060 1514 2115 inciderent,
1547 2063 1595 2101 ut
1616 2060 1684 2101 iix
1708 2060 1877 2102 demum
1899 2059 2013 2100 1111113

283 2135 555 2187 caeteroquin
600 2135 687 2177 dies
731 2135 783 2177 ad
823 2135 1092 2177 scribendum
1133 2136 1174 2176 in
1217 2135 1360 2178 schola
1402 2148 1562 2178 vacuus
1594 2149 1669 2189 per
1700 2135 2013 2178 hebdomadam

284 2210 607 2263 relinqueretur,
638 2210 818 2264 ideoque
850 2211 1067 2253 videretur
1098 2211 1227 2253 semel
1259 2212 1334 2253 tali
1357 2212 1463 2254 feria
1485 2211 1765 2253 scribendum.
1821 2211 2014 2253 Summo-

283 2298 383 2338 pere
424 2298 607 2339 namque
649 2286 881 2328 cavendum
923 2290 1007 2342 est,
1052 2299 1103 2328 ne
1134 2287 1229 2340 plus
1263 2300 1397 2340 aequo
1431 2287 1751 2342 scriptionibus,
1794 2287 1932 2329 minus
1964 2300 2013 2329 ex

284 2360 462 2403 adverso
497 2362 673 2403 caeteris
706 2362 923 2404 tribuatur
954 2362 1324 2404 exercitationibus
1357 2362 1398 2404 in
1431 2362 1588 2415 schola,
1620 2376 1724 2405 neve
1755 2362 1860 2405 adeo
1892 2374 2012 2405 accu-

286 2436 500 2479 mulentur
533 2437 705 2490 scripta,
738 2440 786 2478 ut
816 2437 899 2490 legi
922 2437 1139 2479 commode
1161 2437 1409 2491 utiliterque
1432 2437 1585 2491 corrigi
1608 2440 1831 2492 nequeant.
1881 2437 2011 2480 Secus

283 2511 568 2554 barbarismos
608 2513 782 2566 quidum
825 2513 980 2555 multos
1014 2526 1062 2555 ac
1094 2514 1362 2555 soloecismos
1394 2513 1532 2556 facere
1564 2514 1654 2567 ipso
1688 2513 1898 2556 scribendi
1930 2525 2011 2555 usu

283 2591 565 2629 consuescunt
603 2588 722 2641 pueri
764 2592 979 2630 caeterum
1019 2601 1176 2642 paucos
1216 2589 1462 2631 emendare:
1516 2602 1624 2642 quae
1664 2589 2012 2643 praesentissima

283 2662 523 2705 scholarum
556 2664 687 2717 pestis
721 2669 797 2706 est.
1200 2648 1206 2656 ’

921 2929 1056 2979 Ordo
1094 2930 1250 2980 feriae
1291 2930 1376 2979 VI.

420 3043 556 3085 Mane.
618 3044 784 3086 Primae
816 3046 1050 3088 semihorae
1082 3047 1251 3099 negotia
1282 3046 1430 3088 eadem
1464 3048 1602 3096 erunt,
1635 3058 1744 3098 quae
1776 3045 1881 3088 feria
1902 3045 1944 3087 II
1966 3048 2008 3088 et

282 3117 353 3169 IV,
397 3119 476 3160 nisi
523 3119 637 3172 quod
678 3120 766 3162 vice
816 3120 1006 3163 authoris
1050 3121 1329 3163 catechismus
1372 3120 1423 3162 de
1466 3121 1669 3163 memoria
1707 3121 1747 3161 in
1789 3119 2005 3162 Classibus

282 3192 594 3236 Grannnaticae
628 3195 843 3237 recitatur.
907 3196 1025 3248 (Reg.
1051 3198 1075 3236 4
1110 3195 1245 3249 Com.)
