2164 3535
500 239 648 274 Bericht
673 239 736 274 der
762 239 959 274 deutschen
984 239 1137 273 Provinz
1164 238 1252 273 iiber
1277 238 1335 272 die
1361 238 1402 272 R.
1431 242 1472 273 st.
1515 240 1614 273 1821.
1835 241 1917 281 365

193 380 399 422 Graecam
433 394 517 422 una
548 393 643 422 cum
675 380 855 421 Mathesi
890 379 1111 421 traderent
1143 379 1309 420 duobus
1342 378 1511 427 diebus,
1544 391 1653 431 quae
1684 391 1709 419 a
1740 378 1917 431 prandio

192 460 406 505 vacarent,
438 469 474 497 v.
508 467 568 507 gr.
602 455 708 496 feria
740 456 764 496 3
787 459 830 496 et
853 457 896 505 ἧς
929 455 1002 496 sed
1033 455 1262 496 Doctrinae
1286 453 1553 495 Christianae
1582 466 1682 506 pars
1714 453 1916 506 pomerid.

193 531 256 572 vel
290 531 521 572 matutinae
553 530 626 571 fer.
654 532 677 569 (5
709 530 982 571 tribueretur.

330 622 661 664 Exercitatio.
716 621 898 662 Maxime
930 621 1119 673 urgenda
1142 625 1244 674 puto
1278 634 1387 674 quae
1416 622 1455 662 in
1490 621 1653 662 ratione
1676 620 1915 661 studiorum

191 697 540 750 praescribuntur
582 697 692 738 circa
732 696 1001 749 quotidianas
1044 696 1336 749 repetitiones,
1379 696 1687 749 disputationes
1728 697 1771 736 et
1811 695 1915 736 Aca-

191 772 349 813 demias
382 772 493 813 inter
524 772 750 813 Auditores
783 771 1020 822 habenlas,
1053 771 1153 812 item
1187 771 1555 819 hebdomadarias,
1587 774 1843 825 menstruas,
1876 773 1917 811 et

190 847 293 888 alias
326 846 598 889 solemniores
631 847 987 901 concertationes,
1030 859 1138 899 quae
1170 846 1257 887 fere
1290 846 1491 887 videntur
1523 846 1678 898 negligi
1711 848 1786 887 aut
1818 857 1918 886 non—

188 922 267 963 nisi
316 922 452 963 rarius
500 921 669 975 haberi,
717 922 788 962 ubi
831 925 971 963 tamen
1018 921 1152 973 magis
1199 934 1325 974 saepe
1372 924 1573 974 prosunt,
1621 933 1747 973 quam
1795 921 1912 973 ipsae

188 997 366 1039 scholae.
431 997 524 1038 Erit
569 999 710 1038 autem
752 996 963 1038 sufficiens
1003 999 1170 1050 tempus
1203 996 1267 1037 liis
1311 995 1568 1048 quotidianis
1611 995 1838 1046 exercitiis,
1880 995 1913 1035 si

187 1072 427 1114 scholarum
470 1085 670 1113 numerus
713 1071 766 1112 ad
806 1071 911 1112 duas
955 1071 1005 1113 de
1047 1071 1112 1113 die
1153 1071 1445 1123 restringitur,
1486 1071 1572 1112 fere
1612 1070 1672 1111 uti
1705 1082 1837 1123 supra
1868 1070 1910 1110 in

187 1147 457 1200 Philosophia
487 1150 527 1189 et
559 1146 787 1199 Theologia
819 1146 997 1188 ostendi.

325 1240 463 1281 Libri
499 1239 713 1281 classici.
762 1239 810 1280 In
829 1238 1105 1280 inferioribus
1128 1251 1294 1279 summa
1317 1242 1382 1279 est
1403 1250 1549 1279 eorum
1574 1237 1749 1290 penuria
1774 1236 1915 1289 quoad

186 1315 430 1363 Historiam,
464 1313 775 1367 Geographiam
799 1326 846 1355 ac
868 1313 1115 1355 Doctrinam
1138 1312 1421 1354 Christianam
1451 1312 1547 1353 huic
1570 1311 1750 1365 tempori
1774 1324 1822 1352 ac
1844 1324 1914 1352 ne-

185 1391 453 1433 cessitatibus
473 1389 947 1445 accominodatas,idem
964 1390 1051 1431 fere
1070 1389 1120 1430 de
1139 1389 1465 1431 elementaribus
1480 1389 1721 1440 linguarum
1740 1389 1782 1428 et
1794 1387 1913 1428 libris

184 1467 509 1519 quibuscunque
532 1465 815 1508 Scholasticis.
870 1466 978 1507 Huic
1010 1466 1120 1507 malo
1155 1465 1408 1507 medendum
1441 1464 1581 1517 aliqua
1607 1463 1784 1517 ratione,
1819 1465 1910 1503 tum

184 1545 359 1595 propter
400 1542 458 1583 rei
497 1542 744 1597 utilitatem,
786 1544 876 1582 tum
916 1544 1091 1595 propter
1129 1541 1345 1594 querelas,
1388 1552 1496 1592 quae
1536 1539 1662 1580 hacce
1695 1538 1746 1579 de
1780 1550 1910 1579 causa

184 1619 332 1659 contra
363 1630 439 1659 nos
470 1617 706 1670 insurgunt.

323 1709 469 1759 Quoad
503 1710 741 1762 superiores
775 1705 1017 1762 disciplinas
1050 1709 1158 1750 sitne
1191 1712 1340 1750 auctor
1370 1707 1633 1749 adhibendus
1663 1706 1907 1761 praelegen-

184 1783 337 1835 dusve,
378 1797 430 1825 an
471 1797 569 1826 vero
613 1785 880 1839 dictandum,
924 1797 1074 1837 graves
1115 1784 1315 1837 utrinque
1354 1786 1454 1825 sunt
1485 1783 1684 1824 rationes.
1748 1782 1908 1823 Auctor

186 1872 287 1900 sane
318 1859 459 1901 nullus
492 1859 556 1902 liis
590 1860 850 1913 temporibus
884 1859 1226 1902 accommodatus
1259 1858 1471 1911 reperitur
1501 1870 1576 1899 ne:
1598 1858 1639 1899 in
1663 1857 1905 1911 Tlieologia,

183 1947 258 1976 nec
304 1935 345 1976 in
392 1935 674 1988 Philosophia.
752 1936 832 1977 Pro
881 1936 1109 1988 scriptione
1154 1935 1340 1976 militant
1385 1934 1520 1987 major
1571 1933 1613 1973 in
1663 1931 1907 1974 Professore

183 2009 447 2061 exercitatio,
489 2023 630 2052 rerum
672 2011 725 2052 ad
765 2015 1010 2065 praesentes
1054 2011 1326 2053 necessitates
1366 2009 1528 2051 facilior
1561 2007 1905 2050 accommodatio.

183 2084 341 2126 Contra
380 2084 468 2127 fere
507 2089 608 2128 sunt
648 2087 882 2139 periculum
922 2086 1202 2139 negligentiae
1243 2089 1317 2127 aut
1357 2085 1483 2126 etiam
1523 2082 1711 2126 defectus
1745 2083 1907 2136 capaci-

181 2159 304 2214 tatis,
348 2172 456 2213 quae
497 2173 649 2214 magna
692 2161 732 2202 in
771 2162 1015 2203 Prol'essore
1056 2161 1109 2202 ad
1150 2160 1484 2213 componendum
1525 2158 1779 2213 requiritur,
1822 2170 1907 2199 1110-

182 2235 313 2277 lestus
355 2235 476 2277 labor
514 2248 561 2277 ac
600 2237 802 2288 temporis
852 2236 1041 2289 amissio,
1089 2236 1330 2288 frequentes
1378 2234 1642 2287 exceptiones
1689 2233 1905 2275 faciendae

182 2310 344 2351 ratione
385 2310 569 2363 plurium
612 2310 880 2366 debiliorum,
928 2310 999 2363 qui
1041 2310 1251 2352 scribendi
1291 2310 1425 2351 labori
1468 2309 1651 2362 impares
1691 2312 1801 2350 sunt.
1852 2332 1901 2337 ——

182 2385 322 2426 Media
363 2386 483 2438 quasi
526 2386 592 2427 via
631 2386 763 2427 teneri
803 2389 969 2440 posset,
1012 2386 1235 2438 utriusque
1279 2384 1456 2426 extremi
1487 2383 1608 2424 malis
1642 2383 1828 2437 occurri,
1871 2382 1906 2423 si

186 2463 235 2502 19
267 2464 490 2502 accuratus
516 2461 725 2503 Elenchus
758 2461 1092 2514 propositionum
1116 2460 1490 2513 praescriberetur,
1524 2470 1629 2511 quas
1651 2458 1692 2498 in
1716 2456 1906 2510 qualibet

184 2536 362 2577 materia
394 2537 505 2578 intra
538 2539 748 2578 statutum
782 2540 950 2589 tempus
982 2535 1197 2589 professor
1227 2546 1435 2588 exponere
1480 2533 1671 2584 deberet,
1715 2543 1906 2585 quasque

183 2613 489 2663 consequenter
528 2612 793 2665 explicando,
835 2611 1075 2666 probando,
1116 2610 1369 2652 illustrando
1410 2608 1653 2661 tuendoque
1685 2607 1904 2649 elaborare

182 2689 416 2734 teneretur:
461 2692 511 2729 2‘3
549 2700 631 2739 quo
664 2688 831 2729 brevior
863 2687 1073 2729 scribendi
1105 2687 1226 2728 labor
1257 2685 1429 2738 evadat,
1472 2684 1525 2726 ad
1556 2683 1903 2736 Theologicarum

183 2761 498 2814 disciplinarum
540 2775 663 2803 usum
705 2761 981 2803 conficeretur
1021 2761 1252 2814 praeloque
1303 2760 1478 2802 daretur
1526 2759 1740 2809 volumen,
1787 2757 1899 2810 quod

183 2836 310 2878 veluti
350 2840 582 2890 apparatus
625 2849 672 2878 ac
715 2836 879 2878 officina
920 2836 1169 2878 eruditionis
1211 2835 1447 2877 contineret
1472 2835 1597 2887 juxta
1628 2833 1903 2874 materiarum

182 2911 386 2966 ordinem,
419 2924 466 2953 ac
498 2911 538 2952 in
562 2911 727 2964 singula
744 2912 868 2964 juxta
889 2912 1155 2953 saeculorum
1178 2912 1343 2966 seriem,
1376 2910 1710 2963 uniuscujusque
1733 2908 1904 2959 dogma-

181 2986 257 3035 tis,
296 2986 421 3041 legis,
461 2987 548 3028 sive
588 2987 759 3028 moralis
801 2987 887 3028 sive
928 2987 1228 3041 disciplinaris,
1272 2989 1545 3027 monumenta
1586 2983 1814 3037 praecipua
1856 2995 1903 3023 ac

180 3061 350 3102 minime
383 3061 510 3102 dubia
542 3074 590 3102 ex
623 3061 873 3114 Scripturis,
906 3061 984 3102 SS.
1018 3062 1126 3116 PP.,
1161 3060 1357 3103 Conciliis
1391 3063 1456 3101 cet
1506 3059 1741 3111 desumpta,
1775 3069 1901 3109 quae-

180 3148 262 3188 que
286 3135 505 3176 Professor
536 3136 575 3176 in
609 3136 696 3177 suis
728 3136 895 3189 scriptis
929 3136 1063 3177 solum
1098 3135 1314 3176 indicaret.
1371 3135 1438 3175 Ita
1470 3133 1683 3174 auditores
1707 3145 1730 3173 a
1753 3131 1902 3184 majori
