2164 3535
209 200 292 241 344
790 196 864 230 Das
891 196 1153 231 Theresianum
1180 196 1217 231 in
1243 197 1361 233 Wien.

884 440 1262 484 Assertiones.

350 535 545 589 Systema
568 534 904 588 Copernicanum
927 535 1226 589 phaenomenis
1254 535 1512 589 explicandis
1540 535 1681 589 aptius
1705 540 1783 589 est,
1814 549 1942 589 quam

211 610 506 666 Tychonicum.

351 685 550 728 Cometae
582 687 683 728 sunt
713 686 874 740 species
906 686 1192 728 planetarum.

353 761 525 803 Caudae
565 765 826 803 cometarum
870 765 971 804 sunt
1012 774 1191 815 vapores
1225 764 1498 814 assurgentes
1531 774 1556 802 a
1587 761 1724 815 capite
1757 764 1944 803 cometae

219 838 259 879 in
292 838 436 891 partes
469 836 546 878 soli
580 837 808 891 oppositas.

353 924 547 966 Maculae
579 925 738 967 solares
772 928 872 967 sunt
902 925 1089 978 fuliginis
1123 938 1276 980 genus,
1309 924 1422 978 quod
1456 925 1706 980 concrescit,
1740 928 1782 967 et
1812 926 1948 968 instar

215 1000 390 1043 nubium
423 999 666 1054 dissipatur.

730 1245 801 1287 De
843 1258 989 1299 aere,
1031 1257 1171 1298 aqua
1212 1248 1264 1287 et
1304 1244 1436 1298 igne.

910 1325 1260 1376 Quaestiones.

361 1430 471 1480 Quid
504 1429 554 1472 de
587 1430 695 1471 aeris
728 1429 951 1481 fluiditate,
984 1430 1206 1485 gravitate,
1240 1430 1494 1471 elasticitate
1526 1429 1790 1470 notandum?

362 1505 472 1556 Quid
503 1505 830 1558 atmosphaeraT)
873 1518 925 1547 an
959 1518 1032 1548 aer
1064 1505 1448 1559 atmosphaericus,
1484 1508 1526 1547 et
1558 1504 1711 1558 quibus
1745 1504 1824 1545 sub
1857 1516 1952 1545 con-

223 1581 451 1623 ditionibus
484 1581 777 1623 necessarius?

364 1655 472 1706 Quid
515 1655 844 1698 Barometrum‘?
898 1656 1000 1710 quid
1042 1657 1412 1710 Hygroscopium?
1459 1656 1561 1709 quid
1602 1654 1953 1708 Manoscopium‘?

224 1734 267 1774 et
298 1744 408 1785 quae
438 1731 547 1773 ratio
579 1731 731 1773 horum
762 1732 1175 1774 instrumentorum?

365 1806 481 1857 Quae
514 1819 650 1859 aquae
680 1807 996 1860 proprietates?

367 1882 480 1932 Quas
512 1882 764 1936 praecipuas
797 1882 1054 1924 mutationes
1087 1882 1202 1925 subit
1234 1883 1374 1935 aqua?

367 1957 475 2008 Quid
506 1957 644 2011 ignis?
705 1957 816 2008 Quid
847 1957 1044 2000 flamma?
1075 1958 1249 1999 fumus?

368 2033 490 2084 Quod
523 2033 768 2075 alimentum
801 2033 938 2085 ignis?
1000 2033 1085 2074 Cur
1115 2032 1285 2074 flamma
1318 2032 1534 2074 ascendit?

369 2109 478 2159 Quid
510 2109 836 2162 Pyrometrum?
899 2108 1006 2159 Quid
1039 2107 1303 2162 Phosphori‘.>

371 2183 463 2234 Qua
498 2184 662 2225 ratione
693 2183 801 2237 ignis
834 2184 1070 2225 excitaturi>

915 2447 1283 2489 Assertiones.

375 2542 456 2583 Aer
488 2544 553 2582 est
584 2540 724 2593 gravis
756 2543 799 2581 et
830 2539 1042 2581 clasticus.

374 2618 585 2659 Ascensus
619 2615 858 2657 Barometri
891 2628 915 2656 a
947 2614 1038 2656 sola
1070 2614 1179 2656 aeris
1213 2614 1424 2666 gravitate
1456 2617 1521 2656 est
1553 2613 1819 2667 repetendus.

375 2691 540 2734 Glacies
581 2691 766 2732 habetur
807 2702 831 2731 a
869 2689 1037 2732 sublato
1081 2689 1329 2742 aequilibrio
1371 2689 1478 2743 ignis
1516 2689 1671 2731 interni
1715 2692 1757 2730 et
1788 2688 1961 2731 externi.

238 2768 377 2819 Quare

378 2843 471 2884 Non
504 2842 738 2894 requiritur
771 2842 890 2895 copia
922 2842 1227 2895 particularum
1262 2841 1491 2883 salinarum
1525 2843 1568 2881 et
1599 2840 1871 2881 nitrosarum.

382 2918 537 2959 Fontes
570 2930 775 2970 perennes
808 2931 888 2959 non
924 2917 1119 2958 oriuntur
1152 2930 1175 2958 a
1206 2916 1359 2970 pluviis
1393 2917 1434 2957 et
1465 2915 1648 2958 nivibus:
1684 2914 1756 2956 sed

382 2992 596 3045 Originem
628 2992 783 3033 habent
817 3005 866 3033 ex
897 2992 1003 3033 mari
1037 3004 1115 3045 ope
1150 2992 1310 3043 ignium
1343 2990 1715 3033 subterraneorum
1749 2992 1792 3031 et
1824 2988 1966 3030 destil-

239 3067 420 3109 lationis.

381 3142 495 3193 Ignis
529 3141 721 3182 consistit
752 3141 792 3181 in
827 3141 1011 3195 aethere,
1045 3142 1134 3193 ejus
1167 3141 1275 3182 actio
1307 3140 1347 3180 in
1380 3144 1508 3180 motu.
