2164 3535
388 223 677 259 Ausserordentl.
696 223 895 267 Uebungen
917 234 947 257 a.
967 222 999 257 d.
1019 222 1144 267 Gymn.
1164 221 1196 256 d.
1215 225 1340 257 osterr.
1360 222 1522 257 Provinz.
1564 223 1661 258 1735.
1807 226 1885 267 135

302 365 350 406 In
383 364 458 407 der
494 363 802 405 vorstchenden
835 363 950 405 Liste
991 362 1084 404 sind
1126 362 1192 404 die
1232 361 1511 404 historischen
1547 363 1699 405 Werke
1740 375 1888 415 ausge-

163 439 316 493 lassen,
350 439 503 481 welche
537 439 603 480 dic
633 438 942 480 Marianischen
967 437 1332 491 Congregationen
1364 437 1563 479 zuweilen
1597 450 1649 479 an
1681 437 1771 479 ihre
1791 437 1889 479 Mit-

166 513 324 566 glieder
356 513 618 556 vertheilten.
682 513 769 554 Fur
807 513 983 554 letztcre
1016 511 1252 554 Thatsache
1283 525 1365 553 nur
1400 513 1443 565 J'e
1486 512 1551 553 ein
1584 511 1767 564 Bcispiel
1811 524 1886 553 aus

165 588 408 640 Wi'irzburg
440 588 526 629 und
559 587 693 629 Wien.
747 588 794 628 In
826 586 1070 639 Wiirzburg
1101 586 1243 628 wurde
1276 587 1330 628 iin
1364 586 1495 628 Jahre
1530 588 1638 628 1698
1671 585 1886 628 vertheilt:

165 662 325 704 Catena
369 666 606 715 temporum
649 661 804 702 veteris
846 663 887 701 et
928 660 1023 701 novi
1056 661 1315 703 Testamenti
1359 661 1623 713 omnigenam
1664 660 1885 702 historiam

165 750 327 779 sacram
370 739 413 778 et
453 736 674 790 profanam
715 739 965 777 connectens
1007 735 1060 777 ab
1101 735 1203 777 orbe
1251 735 1369 777 cond.
1419 748 1510 788 usq.
1561 735 1614 777 ad
1661 748 1725 777 an.
1762 735 1885 776 1698.

162 812 342 854 Xenium
382 811 658 853 Academicae
708 809 933 852 Sodalitati
980 808 1257 850 Dominorum
1302 810 1350 850 B.
1399 810 1454 851 M.
1498 810 1546 851 V.
1595 809 1887 851 Annunciatae

162 886 380 939 Herpiboli
423 885 612 927 oblatum
655 897 704 926 ao
745 885 848 926 1698
882 883 1112 936 Herbipoli.
1182 884 1273 924 12⁰.
1336 886 1480 936 4741).
1545 884 1740 936 (Enthalt
1779 883 1887 925 auch

160 960 251 1002 eine
283 958 811 1010 Gelehrten-Geschichte).
874 959 922 999 In
956 958 1077 999 Wien
1110 957 1253 999 wurde
1289 960 1397 1000 1748
1437 958 1523 999 und
1559 960 1666 1000 1749
1710 959 1752 1000 111
1784 959 1886 1000 zwei

161 1035 332 1077 Theilen
376 1035 645 1077 verschenkt:
699 1033 837 1076 Caroli
872 1032 1025 1075 Carafa
1057 1032 1370 1074 Commentaria
1414 1033 1465 1074 de
1497 1032 1725 1075 Germania
1756 1033 1886 1075 Sacra

160 1114 413 1152 restaurata.
483 1110 546 1151 Ab
585 1109 743 1151 Illustr.
780 1108 1014 1150 Sodalitate
1055 1107 1332 1148 Dominoruin
1478 1108 1664 1149 Viennae
1703 1121 1738 1149 a.
1776 1109 1884 1150 1748

159 1184 201 1225 111
233 1184 414 1226 Henium
447 1184 599 1226 oblata.
658 1184 747 1225 12⁰.
802 1182 949 1224 ParsI
982 1183 1065 1223 344
1086 1195 1125 1235 p.
1183 1181 1287 1224 Pars
1311 1183 1352 1224 II
1385 1184 1469 1224 414
1489 1196 1527 1236 p.
1578 1183 1656 1224 Mit
1677 1183 1883 1236 Register.

310 1543 879 1597 Ausserordentliche
924 1543 1248 1616 Uebungen
1294 1539 1740 1614 (Akademieen)

159 1668 229 1702 an
296 1649 404 1701 den
461 1645 821 1719 Gymnasien
883 1650 983 1701 der
1045 1647 1565 1702 osterreichischen
1620 1644 1881 1700 Provinz.

924 1748 1117 1814 (1735)

777 1884 856 1932 De
900 1884 1253 1934 Academiis.

567 1977 770 2021 (Wagner,
802 1977 1022 2013 Instructio
1047 1978 1204 2022 privata
1229 1988 1270 2022 p.
1288 1976 1465 2021 18—24.)

300 2093 547 2135 Studiorum
579 2094 686 2135 ratio
719 2094 801 2135 vim
833 2105 1028 2145 magnam
1062 2093 1179 2146 ponit
1216 2093 1257 2134 in
1289 2091 1526 2134 Academiis
1559 2091 1881 2145 Theologorum,

155 2167 528 2223 Philosophorum,
561 2168 814 2223 Rhetorum,
847 2171 890 2209 et
922 2167 1327 2218 Grammaticorum,
1366 2169 1409 2208 et
1441 2166 1491 2207 de
1523 2165 1699 2217 singulis
1733 2164 1882 2207 diffuse

157 2255 204 2284 ac
238 2242 415 2284 sollicite
447 2243 669 2296 praecipit3
713 2246 762 2284 ut
804 2242 1047 2284 exercitatio
1087 2241 1191 2283 haec
1231 2242 1382 2283 merito
1425 2241 1539 2282 velut
1576 2240 1686 2281 inter
1724 2239 1880 2293 primas

157 2317 402 2359 stimulandi
434 2318 610 2360 fervoris
643 2318 882 2360 scholastici
911 2317 1143 2359 industrias
1174 2317 1381 2370 habenda,
1414 2329 1439 2358 a
1459 2315 1746 2368 superioribus
1769 2315 1880 2356 omni

157 2393 298 2435 studio
331 2393 536 2449 urgenda,
569 2393 828 2446 colendaque
861 2394 915 2434 sit
947 2406 970 2434 a
1002 2391 1332 2434 Professoribus.
1396 2390 1694 2445 Pauculorum,
1727 2389 1879 2442 quibus

155 2468 208 2510 ad
240 2481 327 2510 rem
361 2469 547 2520 aggressi
579 2481 745 2519 sumus,
789 2480 996 2509 annorum
1028 2467 1312 2520 experimento
1346 2468 1529 2507 constat:
1581 2467 1616 2506 1.
1650 2464 1776 2506 Ν11110
1808 2464 1880 2506 sti-

158 2543 260 2584 muli
292 2555 443 2596 genere
471 2555 626 2596 pueros
653 2543 787 2595 magis
812 2542 997 2595 excitari,
1030 2555 1157 2595 quam
1180 2541 1349 2595 publica
1371 2539 1577 2594 ejusmodi
1598 2540 1879 2595 solemnitate,

157 2630 204 2660 ac
236 2621 478 2673 praesente,
519 2630 594 2659 nec
626 2630 673 2659 ac
706 2618 803 2660 anni
845 2616 969 2659 finem
1009 2617 1137 2659 dilato
1179 2617 1360 2665 honore,
1401 2619 1444 2658 et
1487 2615 1690 2671 quodam,
1733 2628 1816 2668 quo
1858 2628 1880 2656 e

155 2706 385 2746 puerorum
416 2693 540 2745 vulgo
574 2693 824 2743 eximantur,
859 2692 1115 2734 charactere.
1180 2693 1216 2733 2.
1268 2691 1484 2744 Magistris
1514 2692 1616 2733 item
1642 2689 1879 2744 jucundum

154 2771 196 2809 et
227 2768 425 2823 optabile,
457 2768 511 2809 ad
543 2780 649 2820 quos
681 2767 890 2822 proxime,
929 2765 1137 2819 quidquid
1170 2765 1365 2819 discipuli
1397 2765 1534 2807 laudis
1566 2766 1777 2818 referunt,
1817 2777 1879 2806 re-

154 2843 328 2884 dundat.
403 2844 440 2885 3.
494 2843 676 2885 Ρ111011015
720 2841 1038 2897 speciminibus,
1086 2841 1211 2883 rebus
1252 2841 1353 2894 ipsis
1397 2840 1605 2883 confutari
1646 2839 1877 2881 calumnias

154 2917 402 2972 sciolorum,
450 2917 614 2959 scholas
661 2919 828 2959 nostras
874 2916 1186 2958 insectantium,
1255 2916 1407 2969 Itaque
1447 2915 1512 2957 hic
1552 2914 1876 2956 Academiarum

153 3004 255 3034 usus
290 2992 343 3034 ad
365 2994 561 3047 mentem,
594 3005 838 3045 moremque
870 2992 1060 3044 reliquae
1084 2991 1306 3034 Societatis
1338 2991 1379 3033 in
1412 2990 1606 3032 omnibus
1629 2989 1877 3031 Provinciae

157 3067 415 3122 Gymnasiis,
453 3080 536 3108 non
568 3067 692 3108 modo
725 3079 914 3109 summae
946 3066 1005 3108 rei
1038 3066 1315 3109 scholasticae
1347 3066 1462 3107 nullo
1497 3065 1770 3115 detrimentO,
1803 3064 1877 3105 sed

155 3145 402 3185 ornamento
434 3142 602 3198 insigni,
634 3146 677 3184 et
707 3141 947 3184 scholarum
968 3145 1212 3184 nostrarum
1236 3140 1598 3185 commendatione
1630 3140 1875 3191 inducetur;
