2164 3535
507 224 670 259 Aelteste
697 224 862 259 statuten
889 224 951 259 des
976 224 1112 259 Wirzb.
1138 224 1422 260 Pr.-Semiuars.
1463 228 1561 262 1608.
1811 229 1892 269 305

175 371 283 419 cipis
325 381 528 408 consensu
561 371 898 418 procuraturum
936 368 1000 407 vel
1027 371 1170 417 sponte
1206 367 1390 407 oblatam
1429 367 1743 415 admissurum,
1790 381 1895 418 quae

175 444 341 493 quidem
363 444 557 494 obliyatio
579 456 629 482 ac
651 443 831 482 conditio
853 444 1070 493 impediat,
1096 446 1319 493 quominus
1343 446 1388 481 in
1404 444 1642 492 praedictis
1662 446 1894 493 functioni-

174 520 249 557 bus·
288 519 582 556 ecclesiasticis
620 518 970 557 reverendissimo
1007 530 1096 557 meo
1127 518 1426 568 Herbipolensi
1467 521 1675 557 inservire
1717 519 1892 557 ‘ualeam

172 593 393 632 Postremo
425 595 573 639 testor,
615 594 656 630 si
687 594 954 641 continyeret,
998 593 1108 641 quod
1138 594 1240 631 deus
1272 596 1453 640 avertat,
1493 595 1778 632 immemorem
1810 594 1894 632 ali-

174 667 340 716 quando
376 669 473 717 fore
501 668 742 715 sponsionis
774 666 900 715 hujus
939 679 1053 705 meae
1090 680 1260 717 eumque
1301 670 1559 719 infringere,
1590 669 1895 707 reverendissi-

172 755 288 780 mam
321 741 610 780 celsitudinem
641 753 765 779 suam
806 744 903 779 tunc
934 743 1195 792 refusionem
1225 745 1412 781 omnium
1451 756 1544 782 mea
1585 756 1717 782 eausa
1753 745 1895 794 faeto-

171 829 270 855 rum
301 819 545 865 sumptuum
577 818 669 854 iure
699 818 852 864 optimo
884 818 1051 865 eoeiyere
1082 816 1146 854 vel
1166 828 1193 854 a
1214 828 1290 864 me,
1324 818 1386 855 vel
1406 819 1456 855 ab
1480 818 1593 866 aliie,
1628 820 1700 867 qui
1729 818 1896 867 aliquid

173 903 315 930 eorum
344 893 536 938 retinent,
570 902 676 940 quae
706 890 764 928 ad
793 902 858 928 me
888 891 952 928 vel
979 891 1236 930 haereditate
1268 891 1332 929 vel
1361 892 1504 941 aliquo
1536 893 1620 931 alio
1632 895 1751 942 justo
1777 893 1895 931 titulo

172 968 362 1016 spectant
391 968 467 1004 aut
495 968 686 1015 spectare
710 960 933 1014 possuntf‘

311 1070 590 1112 Alumnorum
623 1070 818 1122 deinceps
850 1069 990 1111 nullus
1022 1069 1063 1111 in
1093 1070 1384 1124 philosophiae
1407 1071 1659 1124 magistrum
1682 1084 1756 1114 seu
1780 1072 1896 1113 theo-

172 1145 308 1198 logiae
354 1145 568 1187 doctorem
615 1144 934 1198 promovebitur
984 1145 1145 1198 absque
1197 1145 1306 1187 scitu
1358 1149 1400 1187 et
1452 1150 1558 1187 nutu
1612 1147 1893 1200 superiorum.

172 1221 235 1264 bis
276 1221 318 1263 in
360 1234 468 1263 anno
509 1221 710 1263 vestitum
751 1221 978 1274 accipient,
1021 1221 1256 1275 hyemalem
1298 1234 1440 1263 mense
1479 1221 1729 1275 Novembri,
1773 1221 1897 1263 aesti-

171 1296 305 1339 valem
337 1296 483 1350 Aprili.

389 1583 457 1624 De
488 1583 742 1625 ministris
775 1583 1000 1636 collegii,
1033 1587 1081 1626 et
1112 1585 1271 1637 primo
1305 1584 1362 1627 de
1394 1596 1676 1626 oeconomo.

310 1697 528 1739 Neminem
561 1711 610 1739 ex
642 1698 845 1740 ministris
877 1699 1064 1753 recipiet,
1098 1699 1198 1752 quin
1232 1699 1394 1752 regenti
1429 1699 1786 1754 praesentaverit,
1819 1711 1894 1741 nec

174 1784 414 1825 quenquam
455 1772 615 1825 absque
654 1773 785 1826 ipsius
828 1773 937 1815 scitu
975 1778 1017 1815 et
1048 1774 1266 1816 voluntate
1298 1775 1520 1817 amovebit.
1575 1775 1686 1816 idem
1717 1775 1757 1816 in
1791 1775 1893 1817 reci-

173 1847 336 1900 piendis
369 1847 678 1888 convictoribus
713 1847 966 1889 observabit.
1021 1861 1072 1889 ne
1105 1848 1244 1890 omnia
1276 1849 1440 1891 scribae
1463 1849 1612 1891 domus
1636 1850 1895 1905 incumbant,

173 1921 359 1975 prodibit
390 1925 433 1963 et
462 1921 552 1974 ipse
585 1921 637 1963 ad
669 1922 807 1963 forum
840 1926 1075 1976 empturus,
1108 1935 1217 1976 quae
1249 1923 1301 1965 ad
1325 1924 1504 1966 culinam
1528 1924 1780 1966 iudicaverit
1802 1938 1894 1967 esse

172 1997 421 2040 necessaria.
474 1996 587 2049 ligna
619 1997 786 2039 curabit
818 1997 871 2038 ad
904 1998 1102 2039 Moenum
1135 1999 1392 2051 mensurari,
1426 2003 1654 2052 antequam
1689 1999 1897 2042 vehantur

173 2072 226 2114 ad
266 2072 497 2125 collegium.
561 2072 787 2126 prandebit
827 2076 870 2114 et
909 2073 1102 2115 coenabit
1148 2074 1191 2115 in
1233 2074 1418 2116 secunda
1464 2087 1632 2131 mensa,
1680 2087 1762 2128 quo
1810 2087 1897 2116 mo-

173 2147 379 2190 destiores
420 2148 504 2189 sint
544 2147 705 2200 collegii
747 2147 893 2189 famuli
930 2148 971 2189 in
1013 2148 1158 2190 eadem
1200 2161 1346 2192 mensa
1386 2149 1591 2192 sedentes.
1654 2149 1820 2203 prandii
1854 2153 1896 2192 et

174 2234 328 2264 coenae
368 2226 557 2276 tempore
597 2222 639 2263 in
672 2222 812 2264 culina
843 2223 925 2265 erit
956 2236 1212 2277 operamque
1245 2223 1382 2279 dabit,
1426 2228 1474 2265 ut
1506 2224 1704 2277 aequales
1737 2224 1823 2265 sint
1854 2225 1895 2265 in

173 2296 349 2350 singulis
388 2297 542 2350 patinis
585 2297 684 2349 cibi,
725 2309 776 2338 ne
818 2298 1016 2350 querelae
1055 2298 1159 2340 alias
1201 2311 1283 2340 non
1323 2299 1610 2352 infrequentes
1651 2299 1728 2341 hac
1771 2299 1812 2340 in
1846 2312 1892 2341 re

175 2371 461 2414 suboriantur.
523 2384 741 2425 nunquam
781 2371 942 2424 absque
975 2373 1084 2414 scitu
1117 2373 1301 2425 regentis
1333 2375 1479 2426 potum
1512 2377 1586 2415 aut
1619 2374 1787 2415 alumno
1821 2376 1896 2415 aut

177 2447 404 2489 convictori
436 2446 576 2497 dabit3
609 2446 643 2489 si
675 2459 796 2489 secus
827 2447 995 2502 fecerit,
1028 2447 1155 2503 sciat,
1188 2460 1233 2489 se
1264 2448 1305 2489 in
1338 2447 1670 2501 indignationem
1704 2461 1895 2490 reveren-

176 2521 337 2563 dissimi
378 2523 420 2563 et
459 2521 735 2563 illustrissimi
775 2521 974 2575 principis
1011 2522 1282 2564 incursurum
1326 2526 1368 2564 et
1399 2535 1568 2576 quoque
1599 2523 1796 2577 punitum
1828 2523 1892 2564 iri.

175 2596 359 2649 pretium
390 2597 515 2650 potus
547 2609 622 2638 seu
653 2596 739 2638 vini
761 2597 1048 2639 constituetur
1070 2610 1094 2639 a
1117 2597 1279 2650 collegii
1302 2598 1623 2651 inspectoribus.
1673 2599 1896 2651 diligenter

176 2670 359 2726 curabit,
401 2675 450 2712 ut
487 2671 633 2714 sordes
672 2671 848 2725 singulis
888 2673 1176 2715 trimestribus
1214 2673 1465 2715 auferantur
1501 2673 1677 2726 locaque
1716 2674 1895 2716 necessi-

176 2745 278 2786 tatis
309 2748 546 2799 purgentur
576 2750 619 2788 et
649 2747 713 2789 bis
744 2747 978 2798 minimum,
1011 2749 1146 2801 primo
1179 2762 1276 2791 vere
1299 2752 1341 2791 et
1361 2749 1524 2803 hyeme,
1556 2761 1667 2801 aqua
1690 2762 1711 2790 e
1733 2749 1892 2790 vivario

177 2819 359 2862 civitatis
398 2820 440 2861 in
484 2820 576 2863 loca
615 2822 881 2864 necessitatis
923 2822 1162 2878 derivetur,
1212 2826 1261 2865 ut
1288 2835 1382 2877 per
1429 2836 1521 2865 eam
1563 2836 1705 2865 omnes
1748 2823 1893 2865 sordes

177 2894 386 2937 eluantur.
434 2895 636 2937 salarium
666 2896 793 2949 illius,
825 2896 898 2949 qui
929 2897 1022 2939 loca
1052 2901 1226 2950 purgat:
1258 2910 1408 2940 novem
1439 2897 1595 2940 floreni.
1649 2911 1698 2939 ex
1729 2898 1806 2939 hoc
1838 2898 1894 2939 nil

176 2969 237 3011 illi
268 2969 439 3012 dabitur
468 2970 547 3012 nisi
581 2983 709 3024 opera
739 2971 857 3024 prius
888 2971 1107 3025 praestita.
1156 2973 1303 3014 famuli
1334 2972 1496 3025 collegii
1530 2985 1580 3014 ne
1612 2972 1713 3025 quid
1736 2972 1891 3014 furtive

177 3043 446 3100 subtrahant,
478 3057 729 3087 oeconomus
760 3045 1008 3098 invigilabit.
1061 3047 1190 3088 semel
1222 3047 1262 3088 in
1296 3047 1410 3088 furto
1445 3047 1751 3100 deprehensum
1783 3059 1894 3091 amo—

178 3118 292 3160 vebit
322 3121 364 3160 et
394 3120 705 3173 quamprimum
735 3119 967 3162 fideliorem
998 3121 1242 3164 substituet.

248 3208 437 3233 Monumenta
456 3207 629 3233 Germaniae
651 3208 854 3240 Paedagogica
873 3206 950 3233 XVI·
1620 3203 1666 3235 20
