2164 3535
504 236 753 280 Stundenplan
779 235 815 270 in
841 235 905 270 der
930 233 1254 270 osterreichischen
1280 233 1442 268 Provinz.
1777 237 1829 275 69

111 381 356 432 congestum
391 379 527 432 (erste
562 376 756 430 Ausgabe
787 375 1016 428 Augsburg
1050 375 1206 428 1718),
1249 386 1326 415 von
1368 374 1566 416 welchem
1597 374 1833 416 zahlreiche

110 453 418 506 Neuausgaben
452 452 536 494 und
559 451 921 503 Ulnarbeitungen
955 449 1212 504 erseffienen,
1245 448 1450 490 darunter
1482 448 1586 490 noch
1617 448 1758 490 solche
1790 449 1831 490 in

111 529 267 571 diesem
299 527 604 578 Jahrhundert.
636 541 670 567 z.
697 527 741 568 B.
777 526 843 567 die
865 525 1061 577 Ausgabe
1094 537 1173 566 von
1198 524 1310 577 Span
1344 523 1549 575 (Viennae
1584 525 1710 575 1825)
1745 524 1831 565 und

111 605 178 646 Fr.
200 602 419 656 Wagner's
450 600 891 644 deutsch-lateinische
914 599 1224 654 I'hraseologie,
1258 599 1568 651 umgearbeitet
1599 611 1677 640 von
1702 598 1831 651 861111,

110 679 221 730 Prag
255 679 384 727 1847;
426 676 491 717 die
531 676 659 718 letzte
699 675 777 716 mir
811 674 1022 716 bekannte
1054 674 1251 727 Ausgabe
1285 673 1475 716 erschien
1508 674 1549 715 111
1583 673 1687 716 Lille
1723 675 1830 715 1878

109 753 223 806 (Rez.
257 751 299 793 in
332 749 493 792 Etudes
526 749 640 802 relig.
678 750 785 790 1879
819 749 888 801 35,
921 750 1034 801 474).

155 1018 315 1073 Typus
359 1017 614 1061 divisionis
661 1016 894 1072 temporis
938 1028 1026 1071 pro
1077 1015 1288 1070 quatuor
1332 1013 1686 1058 Grammaticae
1734 1015 1782 1057 et

680 1091 1014 1134 Humanitatis
1046 1088 1250 1134 Scholis.

278 1172 484 1214 Diebus
526 1171 717 1225 quibus
759 1172 807 1213 in
850 1171 1068 1214 Scholis
1111 1170 1250 1212 nihil
1294 1169 1656 1223 componitur.

248 1280 315 1319 la.
349 1277 568 1320 Semihora
584 1277 816 1318 Lectiones.
867 1276 936 1316 2a.
972 1274 1186 1316 Correctio
1210 1273 1459 1327 argumenti.
1511 1274 1580 1315 3a.
1616 1272 1827 1326 Repetitio

105 1352 393 1405 explicationis
426 1356 772 1405 praeceptorum,
816 1363 910 1392 611111
943 1350 1267 1392 concertatione.
1331 1350 1402 1390 4a.
1447 1349 1566 1390 Nova
1598 1348 1824 1401 praelectio

107 1428 433 1481 Praeceptorum
467 1427 596 1469 mixta
618 1426 809 1468 examini.
864 1428 934 1466 5a.
969 1425 1182 1467 Historiae
1205 1425 1339 1466 fusior
1362 1423 1611 1477 explanatio.
1666 1423 1826 1465 Ultimo

105 1502 341 1555 quadrante
364 1502 428 1544 vel
451 1501 681 1544 Primitiva.
714 1501 777 1542 vel
798 1500 1014 1547 Derivata„
1046 1500 1109 1541 vel
1133 1499 1276 1541 Flores
1302 1498 1557 1544 Latinitatis.
1591 1498 1655 1540 vel
1679 1498 1825 1540 Flores

105 1577 330 1619 Poetarum
362 1589 438 1631 pro
471 1577 632 1618 ratione
666 1575 853 1618 Scholae..

242 1653 276 1693 A
310 1651 495 1693 Meridie.
570 1655 603 1693 1.
650 1651 878 1692 Lectiones.
944 1652 979 1691 2.
1024 1650 1234 1703 Repetitio
1276 1649 1564 1703 explicationis
1606 1649 1823 1696 Authoris,

106 1740 198 1769 611111
247 1727 571 1768 concertatione.
657 1730 693 1766 2⁷3.
752 1726 872 1767 Nova
915 1725 1143 1779 praelectio
1192 1724 1392 1765 Aut-horis
1440 1724 1570 1765 mixta
1617 1724 1822 1765 Examini.

103 1804 142 1843 4.
166 1802 350 1844 Dictatio
367 1801 594 1843 Thematis.
630 1804 665 1840 ἴ),
691 1801 891 1842 Historia.
930 1801 1012 1843 Ult.
1032 1800 1290 1853 quadrante:
1314 1800 1533 1842 Primitiva
1556 1799 1621 1841 vel
1643 1801 1719 1841 cet.
1744 1802 1821 1841 cet.

318 1951 505 1994 Diebus
538 1951 723 2004 quihus
756 1952 804 1993 in
838 1951 1022 1993 Schola
1054 1950 1237 1992 Thema
1270 1950 1602 2004 componitur.

243 2048 277 2087 1.
312 2044 530 2087 Semihora
552 2044 785 2086 Lectiones.
830 2045 868 2085 2.
894 2043 1129 2096 Explicatio
1153 2046 1486 2096 praeceptorum.
1536 2043 1573 2083 3.
1597 2043 1635 2083 4.
1659 2044 1695 2083 5.
1729 2042 1821 2084 Dic-

102 2120 206 2162 tatio
239 2123 281 2162 et
312 2119 558 2173 compositio
592 2118 802 2161 thematis.

240 2195 274 2236 A
307 2195 494 2237 Meridie.
570 2198 605 2236 1.
651 2195 883 2236 Lectiones.
946 2196 984 2235 2.
1028 2194 1238 2248 Repetitio
1272 2193 1495 2245 Authoris„
1539 2193 1817 2236 Concertatio⁴

102 2271 139 2310 3.
167 2269 367 2323 Ejusdem
384 2270 504 2312 Nova
520 2270 760 2323 praelectio.
787 2270 984 2310 Examen.
1027 2271 1064 2310 4.
1090 2269 1272 2311 Dictatio
1291 2268 1516 2310 Thematis.
1556 2271 1592 2310 5.
1618 2269 1818 2310 Historia.

101 2344 321 2387 Primitiva
352 2348 429 2387 cet.

718 2470 926 2513 Diebus
959 2471 1200 2513 Veneris.

242 2569 275 2608 1.
311 2565 530 2608 Semihora
570 2566 790 2611 lectiones,
833 2568 874 2606 et
906 2564 1069 2618 reliqua
1101 2568 1149 2606 ut
1180 2564 1349 2618 diebus,
1391 2564 1544 2618 quibus
1576 2564 1675 2606 nihil
1709 2577 1817 2606 com-

99 2641 283 2694 ponitur.

238 2716 272 2757 A
304 2716 490 2758 Meridie.
558 2719 590 2758 1.
626 2717 858 2758 Lectiones.
921 2717 958 2756 2.
994 2715 1228 2769 Explicatio
1258 2716 1474 2760 Authoris.
1508 2720 1549 2757 et
1581 2716 1817 2768 quadrante

100 2791 135 2831 si
167 2803 271 2843 opus
304 2791 371 2842 sit,
405 2791 607 2834 correctio
641 2791 852 2834 thematis.
917 2792 953 2830 3.
990 2791 1223 2844 Explicatio
1257 2791 1431 2833 Graeca.
1494 2793 1530 2831 4.
1567 2793 1604 2831 5.
1642 2791 1817 2845 Compo-

99 2866 195 2908 sitio
228 2865 403 2908 Graeca.

750 2993 846 3034 Die
884 2991 1165 3034 Sabbathi.

241 3087 274 3126 1.
323 3084 555 3126 Lectiones.
634 3086 670 3125 2.
706 3086 742 3126 3.
777 3086 815 3125 4.
862 3084 1072 3137 Repetitio
1112 3085 1453 3140 Praeceptorum.
1534 3084 1812 3127 Concertatio.

101 3162 136 3200 ξ),
172 3159 381 3213 Repetitio
413 3159 637 3201 Historiae.
702 3160 981 3202 Concertatio.
