<?xml version="1.0" encoding="UTF-8"?>
<!DOCTYPE html PUBLIC "-//W3C//DTD XHTML 1.0 Transitional//EN"
    "http://www.w3.org/TR/xhtml1/DTD/xhtml1-transitional.dtd">
<html xmlns="http://www.w3.org/1999/xhtml" xml:lang="en" lang="en">
 <head>
  <title>
</title>
<meta http-equiv="Content-Type" content="text/html;charset=utf-8" />
  <meta name='ocr-system' content='tesseract 3.04.00' />
  <meta name='ocr-capabilities' content='ocr_page ocr_carea ocr_par ocr_line ocrx_word'/>
</head>
<body>
  <div class='ocr_page' id='page_1' title='image "./ratiostudiorumet16jesu_0395.png"; bbox 0 0 2164 3535; ppageno 0'>
   <div class='ocr_carea' id='block_1_1' title="bbox 613 235 1845 278">
    <p class='ocr_par' dir='ltr' id='par_1_1' title="bbox 613 235 1845 278">
     <span class='ocr_line' id='line_1_1' title="bbox 613 235 1845 278; baseline -0.005 -7"><span class='ocrx_word' id='word_1_1' title='bbox 613 235 1068 278; x_wconf 75' lang='lat' dir='ltr'>Pensionats-Padagogik</span> <span class='ocrx_word' id='word_1_2' title='bbox 1094 245 1153 268; x_wconf 90' lang='lat' dir='ltr'>um</span> <span class='ocrx_word' id='word_1_3' title='bbox 1181 236 1268 269; x_wconf 81' lang='lat'>1820</span> <span class='ocrx_word' id='word_1_4' title='bbox 1286 235 1370 268; x_wconf 84' lang='lat'>—30.</span> <span class='ocrx_word' id='word_1_5' title='bbox 1768 236 1845 276; x_wconf 79' lang='lat'>371</span> 
     </span>
    </p>
   </div>
   <div class='ocr_carea' id='block_1_2' title="bbox 272 301 1847 317">
    <p class='ocr_par' dir='ltr' id='par_1_2' title="bbox 272 301 1847 317">
     <span class='ocr_line' id='line_1_2' title="bbox 272 301 1847 317; baseline 0 0"><span class='ocrx_word' id='word_1_6' title='bbox 272 301 1847 317; x_wconf 95' lang='lat' dir='ltr'> </span> 
     </span>
    </p>
   </div>
   <div class='ocr_carea' id='block_1_3' title="bbox 134 629 1847 797">
    <p class='ocr_par' dir='ltr' id='par_1_3' title="bbox 134 629 1847 797">
     <span class='ocr_line' id='line_1_3' title="bbox 134 629 1847 712; baseline -0.001 -22"><span class='ocrx_word' id='word_1_7' title='bbox 134 631 697 712; x_wconf 75' lang='lat' dir='ltr'>Padagogische</span> <span class='ocrx_word' id='word_1_8' title='bbox 753 631 1030 711; x_wconf 80' lang='lat' dir='ltr'>Regeln</span> <span class='ocrx_word' id='word_1_9' title='bbox 1084 631 1200 688; x_wconf 81' lang='lat' dir='ltr'>fiir</span> <span class='ocrx_word' id='word_1_10' title='bbox 1254 629 1574 710; x_wconf 80' lang='lat' dir='ltr'>Leitung</span> <span class='ocrx_word' id='word_1_11' title='bbox 1637 629 1847 689; x_wconf 86' lang='lat' dir='ltr'>eines</span> 
     </span>
     <span class='ocr_line' id='line_1_4' title="bbox 739 738 1250 797; baseline 0 -1"><span class='ocrx_word' id='word_1_12' title='bbox 739 738 1250 797; x_wconf 80' lang='lat' dir='ltr'>PensionateS.</span> 
     </span>
    </p>
   </div>
   <div class='ocr_carea' id='block_1_4' title="bbox 132 888 1854 959">
    <p class='ocr_par' dir='ltr' id='par_1_4' title="bbox 132 888 1854 959">
     <span class='ocr_line' id='line_1_5' title="bbox 132 888 1854 959; baseline 0 -20"><span class='ocrx_word' id='word_1_13' title='bbox 132 891 353 957; x_wconf 80' lang='lat' dir='ltr'>Regulae</span> <span class='ocrx_word' id='word_1_14' title='bbox 383 890 387 959; x_wconf 77' lang='grc' dir='ltr'>Ι</span> <span class='ocrx_word' id='word_1_15' title='bbox 416 889 745 954; x_wconf 84' lang='lat' dir='ltr'>Superiorum</span> <span class='ocrx_word' id='word_1_16' title='bbox 783 897 831 937; x_wconf 84' lang='lat' dir='ltr'>et</span> <span class='ocrx_word' id='word_1_17' title='bbox 869 888 1179 938; x_wconf 86' lang='lat' dir='ltr'>Officialium</span> <span class='ocrx_word' id='word_1_18' title='bbox 1207 891 1210 956; x_wconf 61' lang='grc' dir='ltr'>Ι</span> <span class='ocrx_word' id='word_1_19' title='bbox 1241 891 1292 938; x_wconf 87' lang='lat' dir='ltr'>in</span> <span class='ocrx_word' id='word_1_20' title='bbox 1321 889 1326 957; x_wconf 80' lang='grc' dir='ltr'>Ι</span> <span class='ocrx_word' id='word_1_21' title='bbox 1355 889 1680 938; x_wconf 79' lang='lat' dir='ltr'>Convictibus</span> <span class='ocrx_word' id='word_1_22' title='bbox 1729 890 1776 939; x_wconf 80' lang='lat' dir='ltr'>S.</span> <span class='ocrx_word' id='word_1_23' title='bbox 1805 890 1854 939; x_wconf 81' lang='lat' dir='ltr'>J.</span> 
     </span>
    </p>
   </div>
   <div class='ocr_carea' id='block_1_5' title="bbox 129 992 1854 1153">
    <p class='ocr_par' dir='ltr' id='par_1_5' title="bbox 129 992 1854 1153">
     <span class='ocr_line' id='line_1_6' title="bbox 243 992 1746 1038; baseline 0 -9"><span class='ocrx_word' id='word_1_24' title='bbox 243 994 335 1038; x_wconf 83' lang='lat' dir='ltr'>(Ein</span> <span class='ocrx_word' id='word_1_25' title='bbox 360 994 402 1028; x_wconf 87' lang='lat' dir='ltr'>iu</span> <span class='ocrx_word' id='word_1_26' title='bbox 426 993 487 1028; x_wconf 76' lang='lat'>40.</span> <span class='ocrx_word' id='word_1_27' title='bbox 514 992 818 1035; x_wconf 81' lang='lat' dir='ltr'>geschriebenes</span> <span class='ocrx_word' id='word_1_28' title='bbox 844 992 939 1027; x_wconf 82' lang='lat' dir='ltr'>Heft</span> <span class='ocrx_word' id='word_1_29' title='bbox 964 1012 1008 1017; x_wconf 85' lang='lat'>—</span> <span class='ocrx_word' id='word_1_30' title='bbox 1034 993 1154 1027; x_wconf 81' lang='lat' dir='ltr'>Arch.</span> <span class='ocrx_word' id='word_1_31' title='bbox 1181 992 1311 1029; x_wconf 78' lang='lat' dir='ltr'>Germ.</span> <span class='ocrx_word' id='word_1_32' title='bbox 1338 993 1448 1028; x_wconf 85' lang='lat' dir='ltr'><strong>VIII.</strong></span> <span class='ocrx_word' id='word_1_33' title='bbox 1475 994 1518 1028; x_wconf 83' lang='lat' dir='ltr'>F.</span> <span class='ocrx_word' id='word_1_34' title='bbox 1537 1003 1574 1028; x_wconf 84' lang='lat' dir='ltr'>a.</span> <span class='ocrx_word' id='word_1_35' title='bbox 1602 1014 1645 1018; x_wconf 92' lang='grc'>---</span> <span class='ocrx_word' id='word_1_36' title='bbox 1671 1004 1746 1029; x_wconf 82' lang='lat' dir='ltr'>ven</span> 
     </span>
     <span class='ocr_line' id='line_1_7' title="bbox 129 1050 1854 1097; baseline 0.001 -10"><span class='ocrx_word' id='word_1_37' title='bbox 129 1053 174 1087; x_wconf 75' lang='lat'>12</span> <span class='ocrx_word' id='word_1_38' title='bbox 184 1053 282 1097; x_wconf 84' lang='lat' dir='ltr'>Bll.‚</span> <span class='ocrx_word' id='word_1_39' title='bbox 302 1052 424 1087; x_wconf 84' lang='lat' dir='ltr'>deren</span> <span class='ocrx_word' id='word_1_40' title='bbox 439 1052 559 1087; x_wconf 84' lang='lat' dir='ltr'>letzte</span> <span class='ocrx_word' id='word_1_41' title='bbox 575 1050 661 1085; x_wconf 78' lang='lat' dir='ltr'>drei</span> <span class='ocrx_word' id='word_1_42' title='bbox 677 1050 1004 1095; x_wconf 85' lang='lat' dir='ltr'>unbeschriebeu,</span> <span class='ocrx_word' id='word_1_43' title='bbox 1019 1051 1350 1086; x_wconf 84' lang='lat' dir='ltr'>wahrscheinlich</span> <span class='ocrx_word' id='word_1_44' title='bbox 1367 1051 1407 1085; x_wconf 88' lang='lat' dir='ltr'>in</span> <span class='ocrx_word' id='word_1_45' title='bbox 1422 1051 1616 1095; x_wconf 81' lang='lat' dir='ltr'>Freiburg·</span> <span class='ocrx_word' id='word_1_46' title='bbox 1631 1052 1659 1087; x_wconf 86' lang='lat' dir='ltr'>i.</span> <span class='ocrx_word' id='word_1_47' title='bbox 1674 1053 1713 1087; x_wconf 80' lang='lat' dir='ltr'>(l.</span> <span class='ocrx_word' id='word_1_48' title='bbox 1727 1053 1854 1088; x_wconf 74' lang='lat' dir='ltr'>Schw-</span> 
     </span>
     <span class='ocr_line' id='line_1_8' title="bbox 647 1108 1339 1153; baseline -0.001 -9"><span class='ocrx_word' id='word_1_49' title='bbox 647 1109 842 1144; x_wconf 85' lang='lat' dir='ltr'>zwischen</span> <span class='ocrx_word' id='word_1_50' title='bbox 867 1108 1114 1143; x_wconf 79' lang='lat'>1820—1830</span> <span class='ocrx_word' id='word_1_51' title='bbox 1140 1108 1339 1153; x_wconf 74' lang='lat' dir='ltr'>versasst.)</span> 
     </span>
    </p>
   </div>
   <div class='ocr_carea' id='block_1_6' title="bbox 131 1223 1859 1561">
    <p class='ocr_par' dir='ltr' id='par_1_6' title="bbox 131 1223 1859 1561">
     <span class='ocr_line' id='line_1_9' title="bbox 270 1223 1850 1268; baseline -0.001 -8"><span class='ocrx_word' id='word_1_52' title='bbox 270 1226 386 1260; x_wconf 91' lang='lat' dir='ltr'>Allem</span> <span class='ocrx_word' id='word_1_53' title='bbox 409 1223 616 1259; x_wconf 89' lang='lat' dir='ltr'>Anscheine</span> <span class='ocrx_word' id='word_1_54' title='bbox 644 1224 736 1258; x_wconf 89' lang='lat' dir='ltr'>nach</span> <span class='ocrx_word' id='word_1_55' title='bbox 763 1228 907 1258; x_wconf 84' lang='lat' dir='ltr'>stammt</span> <span class='ocrx_word' id='word_1_56' title='bbox 932 1223 996 1258; x_wconf 84' lang='lat' dir='ltr'>das</span> <span class='ocrx_word' id='word_1_57' title='bbox 1024 1223 1147 1268; x_wconf 75' lang='lat' dir='ltr'>Sti&#39;ick⁷</span> <span class='ocrx_word' id='word_1_58' title='bbox 1174 1224 1240 1258; x_wconf 89' lang='lat' dir='ltr'>wie</span> <span class='ocrx_word' id='word_1_59' title='bbox 1266 1223 1323 1257; x_wconf 86' lang='lat' dir='ltr'>die</span> <span class='ocrx_word' id='word_1_60' title='bbox 1350 1224 1515 1259; x_wconf 87' lang='lat' dir='ltr'>ziemlich</span> <span class='ocrx_word' id='word_1_61' title='bbox 1541 1225 1711 1268; x_wconf 69' lang='lat' dir='ltr'>hiiufigen</span> <span class='ocrx_word' id='word_1_62' title='bbox 1739 1225 1850 1259; x_wconf 72' lang='lat' dir='ltr'>Gralli-</span> 
     </span>
     <span class='ocr_line' id='line_1_10' title="bbox 131 1283 1856 1328; baseline -0.001 -9"><span class='ocrx_word' id='word_1_63' title='bbox 131 1284 266 1319; x_wconf 88' lang='lat' dir='ltr'>cismen</span> <span class='ocrx_word' id='word_1_64' title='bbox 294 1285 489 1328; x_wconf 79' lang='lat' dir='ltr'>beweisen,</span> <span class='ocrx_word' id='word_1_65' title='bbox 516 1293 582 1317; x_wconf 88' lang='lat' dir='ltr'>von</span> <span class='ocrx_word' id='word_1_66' title='bbox 609 1283 725 1317; x_wconf 78' lang='lat' dir='ltr'>einen]</span> <span class='ocrx_word' id='word_1_67' title='bbox 752 1283 878 1328; x_wconf 79' lang='lat' dir='ltr'>Pater,</span> <span class='ocrx_word' id='word_1_68' title='bbox 904 1283 1073 1318; x_wconf 87' lang='lat' dir='ltr'>welchem</span> <span class='ocrx_word' id='word_1_69' title='bbox 1100 1283 1164 1317; x_wconf 89' lang='lat' dir='ltr'>das</span> <span class='ocrx_word' id='word_1_70' title='bbox 1190 1283 1451 1318; x_wconf 77' lang='lat' dir='ltr'>Franzosische</span> <span class='ocrx_word' id='word_1_71' title='bbox 1478 1283 1675 1327; x_wconf 77' lang='lat' dir='ltr'>gelaufiger</span> <span class='ocrx_word' id='word_1_72' title='bbox 1703 1293 1774 1317; x_wconf 87' lang='lat' dir='ltr'>war</span> <span class='ocrx_word' id='word_1_73' title='bbox 1802 1283 1856 1318; x_wconf 86' lang='lat' dir='ltr'>als</span> 
     </span>
     <span class='ocr_line' id='line_1_11' title="bbox 131 1341 1856 1386; baseline 0 -10"><span class='ocrx_word' id='word_1_74' title='bbox 131 1342 293 1376; x_wconf 83' lang='lat' dir='ltr'>Deutsch</span> <span class='ocrx_word' id='word_1_75' title='bbox 327 1342 398 1376; x_wconf 83' lang='lat' dir='ltr'>und</span> <span class='ocrx_word' id='word_1_76' title='bbox 431 1341 570 1376; x_wconf 82' lang='lat' dir='ltr'>Latein.</span> <span class='ocrx_word' id='word_1_77' title='bbox 629 1341 719 1375; x_wconf 86' lang='lat' dir='ltr'>Eine</span> <span class='ocrx_word' id='word_1_78' title='bbox 752 1341 995 1375; x_wconf 84' lang='lat' dir='ltr'>Privatarbeit</span> <span class='ocrx_word' id='word_1_79' title='bbox 1028 1341 1120 1376; x_wconf 91' lang='lat' dir='ltr'>ohne</span> <span class='ocrx_word' id='word_1_80' title='bbox 1153 1343 1503 1386; x_wconf 81' lang='lat' dir='ltr'>streng-amtlichen</span> <span class='ocrx_word' id='word_1_81' title='bbox 1536 1342 1753 1386; x_wconf 73' lang='lat' dir='ltr'>Chamkter,</span> <span class='ocrx_word' id='word_1_82' title='bbox 1799 1342 1856 1376; x_wconf 85' lang='lat' dir='ltr'>die</span> 
     </span>
     <span class='ocr_line' id='line_1_12' title="bbox 132 1399 1857 1443; baseline 0.001 -10"><span class='ocrx_word' id='word_1_83' title='bbox 132 1401 430 1435; x_wconf 85' lang='lat' dir='ltr'>wahrscheinlich</span> <span class='ocrx_word' id='word_1_84' title='bbox 456 1400 509 1434; x_wconf 88' lang='lat' dir='ltr'>als</span> <span class='ocrx_word' id='word_1_85' title='bbox 536 1399 747 1434; x_wconf 76' lang='lat' dir='ltr'>schatzbare</span> <span class='ocrx_word' id='word_1_86' title='bbox 766 1399 986 1443; x_wconf 81' lang='lat' dir='ltr'>Anweisung</span> <span class='ocrx_word' id='word_1_87' title='bbox 1011 1400 1076 1433; x_wconf 90' lang='lat' dir='ltr'>auf</span> <span class='ocrx_word' id='word_1_88' title='bbox 1091 1400 1251 1434; x_wconf 89' lang='lat' dir='ltr'>Wunsch</span> <span class='ocrx_word' id='word_1_89' title='bbox 1269 1401 1332 1434; x_wconf 88' lang='lat' dir='ltr'>des</span> <span class='ocrx_word' id='word_1_90' title='bbox 1352 1400 1573 1435; x_wconf 80' lang='lat' dir='ltr'>Provinzials</span> <span class='ocrx_word' id='word_1_91' title='bbox 1592 1400 1678 1434; x_wconf 84' lang='lat' dir='ltr'>oder</span> <span class='ocrx_word' id='word_1_92' title='bbox 1702 1400 1857 1434; x_wconf 86' lang='lat' dir='ltr'>Rektors</span> 
     </span>
     <span class='ocr_line' id='line_1_13' title="bbox 132 1457 1859 1502; baseline -0.001 -10"><span class='ocrx_word' id='word_1_93' title='bbox 132 1459 486 1501; x_wconf 80' lang='lat' dir='ltr'>zusammengestellt</span> <span class='ocrx_word' id='word_1_94' title='bbox 518 1457 637 1492; x_wconf 87' lang='lat' dir='ltr'>wurde</span> <span class='ocrx_word' id='word_1_95' title='bbox 670 1457 742 1492; x_wconf 88' lang='lat' dir='ltr'>und</span> <span class='ocrx_word' id='word_1_96' title='bbox 774 1458 882 1492; x_wconf 89' lang='lat' dir='ltr'>heute</span> <span class='ocrx_word' id='word_1_97' title='bbox 915 1457 1006 1491; x_wconf 91' lang='lat' dir='ltr'>noch</span> <span class='ocrx_word' id='word_1_98' title='bbox 1040 1458 1143 1492; x_wconf 93' lang='lat' dir='ltr'>ihren</span> <span class='ocrx_word' id='word_1_99' title='bbox 1177 1459 1324 1493; x_wconf 84' lang='lat' dir='ltr'>inneren</span> <span class='ocrx_word' id='word_1_100' title='bbox 1352 1459 1455 1492; x_wconf 87' lang='lat' dir='ltr'>Wert</span> <span class='ocrx_word' id='word_1_101' title='bbox 1487 1459 1568 1502; x_wconf 76' lang='lat' dir='ltr'>hat,</span> <span class='ocrx_word' id='word_1_102' title='bbox 1603 1458 1649 1492; x_wconf 85' lang='lat' dir='ltr'>da</span> <span class='ocrx_word' id='word_1_103' title='bbox 1682 1459 1733 1492; x_wconf 87' lang='lat' dir='ltr'>sie</span> <span class='ocrx_word' id='word_1_104' title='bbox 1771 1458 1859 1492; x_wconf 79' lang='lat' dir='ltr'>iiber</span> 
     </span>
     <span class='ocr_line' id='line_1_14' title="bbox 131 1516 1490 1561; baseline -0.001 -9"><span class='ocrx_word' id='word_1_105' title='bbox 131 1517 290 1561; x_wconf 82' lang='lat' dir='ltr'>Leitung</span> <span class='ocrx_word' id='word_1_106' title='bbox 318 1528 384 1551; x_wconf 84' lang='lat' dir='ltr'>von</span> <span class='ocrx_word' id='word_1_107' title='bbox 412 1517 605 1551; x_wconf 87' lang='lat' dir='ltr'>Convicten</span> <span class='ocrx_word' id='word_1_108' title='bbox 633 1516 719 1551; x_wconf 87' lang='lat' dir='ltr'>oder</span> <span class='ocrx_word' id='word_1_109' title='bbox 744 1516 986 1550; x_wconf 83' lang='lat' dir='ltr'>Pensionaten</span> <span class='ocrx_word' id='word_1_110' title='bbox 1013 1516 1193 1550; x_wconf 78' lang='lat' dir='ltr'>niitzliche</span> <span class='ocrx_word' id='word_1_111' title='bbox 1221 1517 1353 1551; x_wconf 90' lang='lat' dir='ltr'>Winke</span> <span class='ocrx_word' id='word_1_112' title='bbox 1383 1517 1490 1560; x_wconf 82' lang='lat' dir='ltr'>giebt.</span> 
     </span>
    </p>
   </div>
   <div class='ocr_carea' id='block_1_7' title="bbox 753 1776 1249 1829">
    <p class='ocr_par' dir='ltr' id='par_1_7' title="bbox 753 1776 1249 1829">
     <span class='ocr_line' id='line_1_15' title="bbox 753 1776 1249 1829; baseline 0.002 -13"><span class='ocrx_word' id='word_1_113' title='bbox 753 1776 965 1829; x_wconf 72' lang='lat' dir='ltr'>Regulae</span> <span class='ocrx_word' id='word_1_114' title='bbox 1004 1776 1249 1817; x_wconf 72' lang='lat' dir='ltr'>Hectoris.</span> 
     </span>
    </p>
   </div>
   <div class='ocr_carea' id='block_1_8' title="bbox 134 1877 1859 2147">
    <p class='ocr_par' dir='ltr' id='par_1_8' title="bbox 134 1877 1859 2147">
     <span class='ocr_line' id='line_1_16' title="bbox 275 1877 1857 1932; baseline 0.002 -14"><span class='ocrx_word' id='word_1_115' title='bbox 275 1879 308 1918; x_wconf 93' lang='grc'>1.</span> <span class='ocrx_word' id='word_1_116' title='bbox 344 1878 534 1919; x_wconf 84' lang='lat' dir='ltr'>Rectoris</span> <span class='ocrx_word' id='word_1_117' title='bbox 567 1880 644 1928; x_wconf 75' lang='lat' dir='ltr'>est,</span> <span class='ocrx_word' id='word_1_118' title='bbox 678 1881 816 1919; x_wconf 92' lang='lat' dir='ltr'>totum</span> <span class='ocrx_word' id='word_1_119' title='bbox 839 1877 1087 1921; x_wconf 77' lang='lat' dir='ltr'>convictum</span> <span class='ocrx_word' id='word_1_120' title='bbox 1116 1879 1312 1932; x_wconf 61' lang='lat' dir='ltr'>dirigere„</span> <span class='ocrx_word' id='word_1_121' title='bbox 1346 1892 1427 1921; x_wconf 90' lang='lat' dir='ltr'>non</span> <span class='ocrx_word' id='word_1_122' title='bbox 1451 1882 1591 1922; x_wconf 89' lang='lat' dir='ltr'>tamen</span> <span class='ocrx_word' id='word_1_123' title='bbox 1614 1879 1857 1921; x_wconf 76' lang='lat' dir='ltr'>immediate</span> 
     </span>
     <span class='ocr_line' id='line_1_17' title="bbox 134 1952 1859 2009; baseline 0.002 -17"><span class='ocrx_word' id='word_1_124' title='bbox 134 1964 210 2005; x_wconf 85' lang='lat' dir='ltr'>per</span> <span class='ocrx_word' id='word_1_125' title='bbox 241 1964 285 1993; x_wconf 89' lang='lat' dir='ltr'>se</span> <span class='ocrx_word' id='word_1_126' title='bbox 317 1952 469 2007; x_wconf 78' lang='lat' dir='ltr'>ipsum,</span> <span class='ocrx_word' id='word_1_127' title='bbox 503 1952 576 1993; x_wconf 80' lang='lat' dir='ltr'>sed</span> <span class='ocrx_word' id='word_1_128' title='bbox 610 1952 823 1994; x_wconf 76' lang='lat' dir='ltr'>mediante</span> <span class='ocrx_word' id='word_1_129' title='bbox 846 1953 1064 1996; x_wconf 73' lang='lat' dir='ltr'>Praefecto</span> <span class='ocrx_word' id='word_1_130' title='bbox 1097 1955 1295 2007; x_wconf 78' lang='lat' dir='ltr'>generali.</span> <span class='ocrx_word' id='word_1_131' title='bbox 1351 1955 1457 1997; x_wconf 90' lang='lat' dir='ltr'>Hinc</span> <span class='ocrx_word' id='word_1_132' title='bbox 1478 1956 1635 1997; x_wconf 87' lang='lat' dir='ltr'>Rector</span> <span class='ocrx_word' id='word_1_133' title='bbox 1665 1956 1705 1996; x_wconf 89' lang='lat' dir='ltr'>in</span> <span class='ocrx_word' id='word_1_134' title='bbox 1730 1956 1859 2009; x_wconf 88' lang='lat' dir='ltr'>parti-</span> 
     </span>
     <span class='ocr_line' id='line_1_18' title="bbox 137 2027 1859 2083; baseline 0.003 -16"><span class='ocrx_word' id='word_1_135' title='bbox 137 2027 296 2068; x_wconf 88' lang='lat' dir='ltr'>cularia</span> <span class='ocrx_word' id='word_1_136' title='bbox 340 2027 509 2079; x_wconf 81' lang='lat' dir='ltr'>negotia</span> <span class='ocrx_word' id='word_1_137' title='bbox 540 2040 621 2068; x_wconf 90' lang='lat' dir='ltr'>non</span> <span class='ocrx_word' id='word_1_138' title='bbox 654 2027 804 2083; x_wconf 75' lang='lat' dir='ltr'>intret,</span> <span class='ocrx_word' id='word_1_139' title='bbox 846 2028 926 2070; x_wconf 85' lang='lat' dir='ltr'>nisi</span> <span class='ocrx_word' id='word_1_140' title='bbox 959 2029 1127 2082; x_wconf 90' lang='lat' dir='ltr'>quando</span> <span class='ocrx_word' id='word_1_141' title='bbox 1160 2029 1379 2071; x_wconf 78' lang='lat' dir='ltr'>brachium</span> <span class='ocrx_word' id='word_1_142' title='bbox 1412 2030 1619 2072; x_wconf 81' lang='lat' dir='ltr'>Praefecti</span> <span class='ocrx_word' id='word_1_143' title='bbox 1652 2031 1859 2082; x_wconf 79' lang='lat' dir='ltr'>generalis</span> 
     </span>
     <span class='ocr_line' id='line_1_19' title="bbox 136 2100 1411 2147; baseline 0.002 -5"><span class='ocrx_word' id='word_1_144' title='bbox 136 2114 218 2143; x_wconf 90' lang='lat' dir='ltr'>non</span> <span class='ocrx_word' id='word_1_145' title='bbox 251 2100 407 2143; x_wconf 82' lang='lat' dir='ltr'>sufficit</span> <span class='ocrx_word' id='word_1_146' title='bbox 438 2106 480 2143; x_wconf 90' lang='lat' dir='ltr'>et</span> <span class='ocrx_word' id='word_1_147' title='bbox 513 2101 720 2144; x_wconf 88' lang='lat' dir='ltr'>efficacius</span> <span class='ocrx_word' id='word_1_148' title='bbox 754 2103 985 2145; x_wconf 82' lang='lat' dir='ltr'>remedium</span> <span class='ocrx_word' id='word_1_149' title='bbox 1018 2107 1083 2145; x_wconf 85' lang='lat' dir='ltr'>est</span> <span class='ocrx_word' id='word_1_150' title='bbox 1114 2104 1411 2147; x_wconf 88' lang='lat' dir='ltr'>adhibendum.</span> 
     </span>
    </p>
   </div>
   <div class='ocr_carea' id='block_1_9' title="bbox 137 2189 1861 2394">
    <p class='ocr_par' dir='ltr' id='par_1_9' title="bbox 137 2189 1861 2394">
     <span class='ocr_line' id='line_1_20' title="bbox 277 2189 1861 2246; baseline 0.004 -17"><span class='ocrx_word' id='word_1_151' title='bbox 277 2190 314 2229; x_wconf 77' lang='lat'>2.</span> <span class='ocrx_word' id='word_1_152' title='bbox 363 2189 553 2230; x_wconf 85' lang='lat' dir='ltr'>Rectoris</span> <span class='ocrx_word' id='word_1_153' title='bbox 586 2191 651 2231; x_wconf 89' lang='lat' dir='ltr'>est</span> <span class='ocrx_word' id='word_1_154' title='bbox 682 2203 855 2241; x_wconf 72' lang='lat' dir='ltr'>curare,</span> <span class='ocrx_word' id='word_1_155' title='bbox 887 2194 936 2232; x_wconf 91' lang='lat' dir='ltr'>ut</span> <span class='ocrx_word' id='word_1_156' title='bbox 966 2194 1052 2232; x_wconf 89' lang='lat' dir='ltr'>tam</span> <span class='ocrx_word' id='word_1_157' title='bbox 1084 2191 1329 2234; x_wconf 76' lang='lat' dir='ltr'>Praefectus</span> <span class='ocrx_word' id='word_1_158' title='bbox 1363 2193 1571 2245; x_wconf 76' lang='lat' dir='ltr'>generalis</span> <span class='ocrx_word' id='word_1_159' title='bbox 1603 2206 1731 2246; x_wconf 89' lang='lat' dir='ltr'>quam</span> <span class='ocrx_word' id='word_1_160' title='bbox 1763 2194 1861 2235; x_wconf 90' lang='lat' dir='ltr'>sub-</span> 
     </span>
     <span class='ocr_line' id='line_1_21' title="bbox 137 2263 1858 2315; baseline 0.003 -12"><span class='ocrx_word' id='word_1_161' title='bbox 137 2263 286 2304; x_wconf 78' lang='lat' dir='ltr'>alterni</span> <span class='ocrx_word' id='word_1_162' title='bbox 334 2263 541 2305; x_wconf 80' lang='lat' dir='ltr'>Praefecti</span> <span class='ocrx_word' id='word_1_163' title='bbox 594 2265 889 2307; x_wconf 88' lang='lat' dir='ltr'>auctoritatem</span> <span class='ocrx_word' id='word_1_164' title='bbox 943 2269 1210 2315; x_wconf 79' lang='lat' dir='ltr'>conservent;</span> <span class='ocrx_word' id='word_1_165' title='bbox 1263 2279 1408 2308; x_wconf 84' lang='lat' dir='ltr'>corum</span> <span class='ocrx_word' id='word_1_166' title='bbox 1463 2268 1573 2309; x_wconf 90' lang='lat' dir='ltr'>enim</span> <span class='ocrx_word' id='word_1_167' title='bbox 1625 2268 1858 2309; x_wconf 80' lang='lat' dir='ltr'>auctoritas</span> 
     </span>
     <span class='ocr_line' id='line_1_22' title="bbox 137 2338 1857 2394; baseline 0.003 -15"><span class='ocrx_word' id='word_1_168' title='bbox 137 2338 326 2380; x_wconf 88' lang='lat' dir='ltr'>Rectoris</span> <span class='ocrx_word' id='word_1_169' title='bbox 367 2339 598 2380; x_wconf 78' lang='lat' dir='ltr'>auctoritas</span> <span class='ocrx_word' id='word_1_170' title='bbox 641 2343 727 2391; x_wconf 73' lang='lat' dir='ltr'>est,</span> <span class='ocrx_word' id='word_1_171' title='bbox 771 2343 813 2381; x_wconf 88' lang='lat' dir='ltr'>et</span> <span class='ocrx_word' id='word_1_172' title='bbox 854 2341 888 2381; x_wconf 88' lang='lat' dir='ltr'>si</span> <span class='ocrx_word' id='word_1_173' title='bbox 932 2340 1089 2381; x_wconf 87' lang='lat' dir='ltr'>alumni</span> <span class='ocrx_word' id='word_1_174' title='bbox 1120 2340 1388 2383; x_wconf 90' lang='lat' dir='ltr'>satisfaciunt</span> <span class='ocrx_word' id='word_1_175' title='bbox 1419 2342 1638 2384; x_wconf 85' lang='lat' dir='ltr'>Praefecto</span> <span class='ocrx_word' id='word_1_176' title='bbox 1671 2343 1857 2394; x_wconf 77' lang='lat' dir='ltr'>generali</span> 
     </span>
    </p>
   </div>
   <div class='ocr_carea' id='block_1_10' title="bbox 142 2413 1397 2469">
    <p class='ocr_par' dir='ltr' id='par_1_10' title="bbox 142 2413 1397 2469">
     <span class='ocr_line' id='line_1_23' title="bbox 142 2413 1397 2469; baseline 0.002 -15"><span class='ocrx_word' id='word_1_177' title='bbox 142 2417 184 2453; x_wconf 87' lang='lat' dir='ltr'>et</span> <span class='ocrx_word' id='word_1_178' title='bbox 216 2413 306 2455; x_wconf 89' lang='lat' dir='ltr'>aliis</span> <span class='ocrx_word' id='word_1_179' title='bbox 338 2413 582 2469; x_wconf 77' lang='lat' dir='ltr'>Praefectis,</span> <span class='ocrx_word' id='word_1_180' title='bbox 614 2414 692 2455; x_wconf 91' lang='lat' dir='ltr'>hoc</span> <span class='ocrx_word' id='word_1_181' title='bbox 724 2414 814 2467; x_wconf 84' lang='lat' dir='ltr'>ipso</span> <span class='ocrx_word' id='word_1_182' title='bbox 848 2415 926 2456; x_wconf 82' lang='lat' dir='ltr'>sibi</span> <span class='ocrx_word' id='word_1_183' title='bbox 958 2415 1085 2456; x_wconf 90' lang='lat' dir='ltr'>etiam</span> <span class='ocrx_word' id='word_1_184' title='bbox 1118 2416 1397 2458; x_wconf 85' lang='lat' dir='ltr'>satisfaciunt.</span> 
     </span>
    </p>
   </div>
   <div class='ocr_carea' id='block_1_11' title="bbox 277 2493 1861 2549">
    <p class='ocr_par' dir='ltr' id='par_1_11' title="bbox 277 2493 1861 2549">
     <span class='ocr_line' id='line_1_24' title="bbox 277 2493 1861 2549; baseline 0.003 -14"><span class='ocrx_word' id='word_1_185' title='bbox 277 2494 314 2535; x_wconf 94' lang='grc'>3.</span> <span class='ocrx_word' id='word_1_186' title='bbox 363 2493 518 2535; x_wconf 84' lang='lat' dir='ltr'>Sedulo</span> <span class='ocrx_word' id='word_1_187' title='bbox 551 2498 682 2543; x_wconf 61' lang='lat' dir='ltr'>curet„</span> <span class='ocrx_word' id='word_1_188' title='bbox 716 2497 776 2545; x_wconf 76' lang='lat' dir='ltr'>ut,</span> <span class='ocrx_word' id='word_1_189' title='bbox 808 2508 916 2548; x_wconf 88' lang='lat' dir='ltr'>quae</span> <span class='ocrx_word' id='word_1_190' title='bbox 938 2495 1155 2537; x_wconf 83' lang='lat' dir='ltr'>Praefecto</span> <span class='ocrx_word' id='word_1_191' title='bbox 1189 2497 1373 2549; x_wconf 79' lang='lat' dir='ltr'>generali</span> <span class='ocrx_word' id='word_1_192' title='bbox 1407 2500 1448 2538; x_wconf 92' lang='lat' dir='ltr'>et</span> <span class='ocrx_word' id='word_1_193' title='bbox 1475 2497 1732 2540; x_wconf 88' lang='lat' dir='ltr'>subalternis</span> <span class='ocrx_word' id='word_1_194' title='bbox 1760 2502 1861 2540; x_wconf 87' lang='lat' dir='ltr'>sunt</span> 
     </span>
    </p>
   </div>
   <div class='ocr_carea' id='block_1_12' title="bbox 139 2568 1861 2697">
    <p class='ocr_par' dir='ltr' id='par_1_12' title="bbox 139 2568 1861 2697">
     <span class='ocr_line' id='line_1_25' title="bbox 139 2568 1861 2625; baseline 0.003 -16"><span class='ocrx_word' id='word_1_195' title='bbox 139 2568 411 2621; x_wconf 79' lang='lat' dir='ltr'>demandata,</span> <span class='ocrx_word' id='word_1_196' title='bbox 443 2568 622 2611; x_wconf 85' lang='lat' dir='ltr'>fideliter</span> <span class='ocrx_word' id='word_1_197' title='bbox 654 2569 950 2621; x_wconf 80' lang='lat' dir='ltr'>observentur,</span> <span class='ocrx_word' id='word_1_198' title='bbox 992 2574 1034 2612; x_wconf 91' lang='lat' dir='ltr'>et</span> <span class='ocrx_word' id='word_1_199' title='bbox 1064 2574 1113 2612; x_wconf 88' lang='lat' dir='ltr'>ut</span> <span class='ocrx_word' id='word_1_200' title='bbox 1143 2571 1379 2613; x_wconf 89' lang='lat' dir='ltr'>subalterni</span> <span class='ocrx_word' id='word_1_201' title='bbox 1412 2571 1705 2625; x_wconf 86' lang='lat' dir='ltr'>obtemperent</span> <span class='ocrx_word' id='word_1_202' title='bbox 1735 2573 1861 2615; x_wconf 89' lang='lat' dir='ltr'>Prae-</span> 
     </span>
     <span class='ocr_line' id='line_1_26' title="bbox 140 2643 478 2697; baseline -0.003 -12"><span class='ocrx_word' id='word_1_203' title='bbox 140 2644 248 2686; x_wconf 85' lang='lat' dir='ltr'>fecto</span> <span class='ocrx_word' id='word_1_204' title='bbox 281 2643 478 2697; x_wconf 82' lang='lat' dir='ltr'>generali.</span> 
     </span>
    </p>
   </div>
   <div class='ocr_carea' id='block_1_13' title="bbox 133 2719 1862 3076">
    <p class='ocr_par' dir='ltr' id='par_1_13' title="bbox 133 2719 1862 3076">
     <span class='ocr_line' id='line_1_27' title="bbox 275 2719 1862 2779; baseline 0.004 -20"><span class='ocrx_word' id='word_1_205' title='bbox 275 2721 313 2760; x_wconf 88' lang='lat'>4.</span> <span class='ocrx_word' id='word_1_206' title='bbox 362 2719 589 2772; x_wconf 86' lang='lat' dir='ltr'>Nunquam</span> <span class='ocrx_word' id='word_1_207' title='bbox 630 2720 737 2761; x_wconf 88' lang='lat' dir='ltr'>fere</span> <span class='ocrx_word' id='word_1_208' title='bbox 777 2732 852 2772; x_wconf 89' lang='lat' dir='ltr'>per</span> <span class='ocrx_word' id='word_1_209' title='bbox 890 2733 935 2762; x_wconf 89' lang='lat' dir='ltr'>se</span> <span class='ocrx_word' id='word_1_210' title='bbox 986 2720 1202 2773; x_wconf 86' lang='lat' dir='ltr'>quidpiam</span> <span class='ocrx_word' id='word_1_211' title='bbox 1256 2722 1436 2763; x_wconf 89' lang='lat' dir='ltr'>alumnis</span> <span class='ocrx_word' id='word_1_212' title='bbox 1483 2723 1738 2779; x_wconf 76' lang='lat' dir='ltr'>praecipiat,</span> <span class='ocrx_word' id='word_1_213' title='bbox 1787 2727 1862 2765; x_wconf 90' lang='lat' dir='ltr'>aut</span> 
     </span>
     <span class='ocr_line' id='line_1_28' title="bbox 133 2794 1858 2851; baseline 0.003 -16"><span class='ocrx_word' id='word_1_214' title='bbox 133 2794 341 2847; x_wconf 75' lang='lat' dir='ltr'>Judicium</span> <span class='ocrx_word' id='word_1_215' title='bbox 374 2798 486 2847; x_wconf 57' lang='lat' dir='ltr'>agat</span> <span class='ocrx_word' id='word_1_216' title='bbox 521 2795 599 2836; x_wconf 89' lang='lat' dir='ltr'>nisi</span> <span class='ocrx_word' id='word_1_217' title='bbox 631 2795 683 2836; x_wconf 84' lang='lat' dir='ltr'>ad</span> <span class='ocrx_word' id='word_1_218' title='bbox 716 2796 804 2848; x_wconf 91' lang='lat' dir='ltr'>ejus</span> <span class='ocrx_word' id='word_1_219' title='bbox 837 2795 1024 2836; x_wconf 88' lang='lat' dir='ltr'>tribunal</span> <span class='ocrx_word' id='word_1_220' title='bbox 1056 2795 1105 2837; x_wconf 90' lang='lat' dir='ltr'>lis</span> <span class='ocrx_word' id='word_1_221' title='bbox 1139 2794 1340 2838; x_wconf 86' lang='lat' dir='ltr'>afferatur</span> <span class='ocrx_word' id='word_1_222' title='bbox 1371 2797 1411 2838; x_wconf 91' lang='lat' dir='ltr'>in</span> <span class='ocrx_word' id='word_1_223' title='bbox 1445 2810 1489 2839; x_wconf 90' lang='lat' dir='ltr'>re</span> <span class='ocrx_word' id='word_1_224' title='bbox 1522 2798 1677 2850; x_wconf 69' lang='lat' dir='ltr'>aliqua,</span> <span class='ocrx_word' id='word_1_225' title='bbox 1710 2798 1750 2839; x_wconf 89' lang='lat' dir='ltr'>in</span> <span class='ocrx_word' id='word_1_226' title='bbox 1774 2811 1858 2851; x_wconf 89' lang='lat' dir='ltr'>qua</span> 
     </span>
     <span class='ocr_line' id='line_1_29' title="bbox 140 2868 1858 2926; baseline 0.003 -16"><span class='ocrx_word' id='word_1_227' title='bbox 140 2868 384 2911; x_wconf 84' lang='lat' dir='ltr'>Praefectus</span> <span class='ocrx_word' id='word_1_228' title='bbox 417 2870 624 2922; x_wconf 79' lang='lat' dir='ltr'>generalis</span> <span class='ocrx_word' id='word_1_229' title='bbox 651 2870 782 2923; x_wconf 80' lang='lat' dir='ltr'>judex</span> <span class='ocrx_word' id='word_1_230' title='bbox 814 2883 905 2911; x_wconf 88' lang='lat' dir='ltr'>esse</span> <span class='ocrx_word' id='word_1_231' title='bbox 937 2882 1019 2911; x_wconf 87' lang='lat' dir='ltr'>non</span> <span class='ocrx_word' id='word_1_232' title='bbox 1051 2873 1208 2926; x_wconf 76' lang='lat' dir='ltr'>posset,</span> <span class='ocrx_word' id='word_1_233' title='bbox 1240 2884 1273 2912; x_wconf 19' lang='lat' dir='ltr'>vi</span> <span class='ocrx_word' id='word_1_234' title='bbox 1304 2884 1364 2923; x_wconf 81' lang='lat' dir='ltr'>gr.</span> <span class='ocrx_word' id='word_1_235' title='bbox 1399 2873 1433 2913; x_wconf 90' lang='lat' dir='ltr'>si</span> <span class='ocrx_word' id='word_1_236' title='bbox 1466 2873 1678 2914; x_wconf 85' lang='lat' dir='ltr'>accusatio</span> <span class='ocrx_word' id='word_1_237' title='bbox 1712 2878 1858 2915; x_wconf 87' lang='lat' dir='ltr'>contra</span> 
     </span>
     <span class='ocr_line' id='line_1_30' title="bbox 140 2944 1861 3001; baseline 0.003 -16"><span class='ocrx_word' id='word_1_238' title='bbox 140 2944 279 2996; x_wconf 82' lang='lat' dir='ltr'>ipsum</span> <span class='ocrx_word' id='word_1_239' title='bbox 312 2944 578 2986; x_wconf 88' lang='lat' dir='ltr'>Praefectum</span> <span class='ocrx_word' id='word_1_240' title='bbox 619 2945 856 2997; x_wconf 79' lang='lat' dir='ltr'>generalem</span> <span class='ocrx_word' id='word_1_241' title='bbox 898 2944 972 2986; x_wconf 84' lang='lat' dir='ltr'>fiat</span> <span class='ocrx_word' id='word_1_242' title='bbox 1009 2946 1118 2998; x_wconf 88' lang='lat' dir='ltr'>(tum</span> <span class='ocrx_word' id='word_1_243' title='bbox 1150 2949 1292 2987; x_wconf 89' lang='lat' dir='ltr'>autem</span> <span class='ocrx_word' id='word_1_244' title='bbox 1324 2951 1466 2999; x_wconf 88' lang='lat' dir='ltr'>partes</span> <span class='ocrx_word' id='word_1_245' title='bbox 1499 2947 1707 2989; x_wconf 87' lang='lat' dir='ltr'>Praefecti</span> <span class='ocrx_word' id='word_1_246' title='bbox 1739 2961 1861 3001; x_wconf 81' lang='lat' dir='ltr'>gene·-</span> 
     </span>
     <span class='ocr_line' id='line_1_31' title="bbox 146 3019 1859 3076; baseline 0.003 -17"><span class='ocrx_word' id='word_1_247' title='bbox 146 3019 268 3071; x_wconf 77' lang='lat' dir='ltr'>ralis,</span> <span class='ocrx_word' id='word_1_248' title='bbox 310 3022 515 3071; x_wconf 88' lang='lat' dir='ltr'>quantum</span> <span class='ocrx_word' id='word_1_249' title='bbox 558 3020 736 3072; x_wconf 72' lang='lat' dir='ltr'>poterit,</span> <span class='ocrx_word' id='word_1_250' title='bbox 779 3022 996 3071; x_wconf 79' lang='lat' dir='ltr'>tueatur);</span> <span class='ocrx_word' id='word_1_251' title='bbox 1039 3020 1102 3060; x_wconf 83' lang='lat' dir='ltr'>vel</span> <span class='ocrx_word' id='word_1_252' title='bbox 1144 3024 1297 3073; x_wconf 81' lang='lat' dir='ltr'>agatur</span> <span class='ocrx_word' id='word_1_253' title='bbox 1338 3021 1388 3063; x_wconf 86' lang='lat' dir='ltr'>de</span> <span class='ocrx_word' id='word_1_254' title='bbox 1421 3022 1571 3063; x_wconf 80' lang='lat' dir='ltr'>delicto</span> <span class='ocrx_word' id='word_1_255' title='bbox 1605 3027 1680 3064; x_wconf 89' lang='lat' dir='ltr'>aut</span> <span class='ocrx_word' id='word_1_256' title='bbox 1711 3036 1859 3076; x_wconf 72' lang='lat' dir='ltr'>poena,</span> 
     </span>
    </p>
   </div>
   <div class='ocr_carea' id='block_1_14' title="bbox 140 3094 1860 3274">
    <p class='ocr_par' dir='ltr' id='par_1_14' title="bbox 140 3094 1860 3274">
     <span class='ocr_line' id='line_1_32' title="bbox 140 3094 1860 3150; baseline 0.002 -15"><span class='ocrx_word' id='word_1_257' title='bbox 140 3106 249 3146; x_wconf 85' lang='lat' dir='ltr'>quae</span> <span class='ocrx_word' id='word_1_258' title='bbox 293 3094 471 3135; x_wconf 86' lang='lat' dir='ltr'>aliorum</span> <span class='ocrx_word' id='word_1_259' title='bbox 514 3094 650 3136; x_wconf 88' lang='lat' dir='ltr'>forum</span> <span class='ocrx_word' id='word_1_260' title='bbox 682 3099 876 3148; x_wconf 73' lang='lat' dir='ltr'>superat,</span> <span class='ocrx_word' id='word_1_261' title='bbox 918 3097 1039 3148; x_wconf 89' lang='lat' dir='ltr'>puta:</span> <span class='ocrx_word' id='word_1_262' title='bbox 1088 3095 1122 3136; x_wconf 90' lang='lat' dir='ltr'>si</span> <span class='ocrx_word' id='word_1_263' title='bbox 1155 3096 1297 3148; x_wconf 80' lang='lat' dir='ltr'>agitur</span> <span class='ocrx_word' id='word_1_264' title='bbox 1329 3096 1380 3137; x_wconf 88' lang='lat' dir='ltr'>de</span> <span class='ocrx_word' id='word_1_265' title='bbox 1412 3097 1676 3150; x_wconf 80' lang='lat' dir='ltr'>expulsione,</span> <span class='ocrx_word' id='word_1_266' title='bbox 1719 3098 1770 3139; x_wconf 86' lang='lat' dir='ltr'>de</span> <span class='ocrx_word' id='word_1_267' title='bbox 1801 3098 1860 3138; x_wconf 87' lang='lat' dir='ltr'>in-</span> 
     </span>
     <span class='ocr_line' id='line_1_33' title="bbox 141 3169 536 3210; baseline 0 0"><span class='ocrx_word' id='word_1_268' title='bbox 141 3169 427 3210; x_wconf 84' lang='lat' dir='ltr'>carceratione</span> <span class='ocrx_word' id='word_1_269' title='bbox 459 3172 536 3210; x_wconf 86' lang='lat' dir='ltr'>cet.</span> 
     </span>
     <span class='ocr_line' id='line_1_34' title="bbox 1584 3242 1651 3274; baseline 0 -13"><span class='ocrx_word' id='word_1_270' title='bbox 1584 3242 1651 3274; x_wconf 56' lang='lat'>2435</span> 
     </span>
    </p>
   </div>
  </div>
 </body>
</html>
