2164 3535
252 204 306 245 22
763 198 958 242 Catalogus
985 202 1183 242 perpetuus
1208 196 1337 231 Rheni.
1390 200 1487 233 1622.

253 342 449 395 Denique
480 354 565 394 reg.
594 342 645 382 19
679 340 888 382 actionem
921 339 1090 382 brevem
1122 337 1347 393 permittit,
1380 349 1490 390 quae
1523 338 1763 390 argumenti
1795 337 1886 379 loco
1919 337 1988 392 sit,

255 431 337 460 non
371 430 498 471 quam
530 420 783 471 praeceptor
813 416 980 471 fecerit,
1021 414 1094 457 sed
1126 427 1236 468 quae
1268 414 1456 456 omnium
1488 413 1646 467 optime
1677 412 1836 466 scripta
1867 412 1924 455 sit
1964 425 1990 454 a

253 492 483 547 discipulis.

393 579 531 633 Majus
572 578 731 620 malum
770 590 819 619 ex
857 577 1010 619 harum
1051 576 1295 629 regularum
1338 576 1533 629 neglectu
1565 575 1722 629 oritur,
1762 573 1878 628 quod
1909 573 1990 615 dis-

255 654 382 708 cipuli
424 666 575 707 parum
614 652 856 706 proficiant,
898 654 946 693 ut
987 651 1136 706 etiam,
1178 664 1272 693 cum
1312 651 1354 692 in
1396 649 1663 703 philosophia
1696 653 1740 692 et
1778 649 1991 702 theologia

254 729 395 771 theses
435 728 687 782 defendunt,
729 740 829 769 suas
868 727 949 780 ipsi
987 727 1271 780 praefationes
1304 726 1442 768 facere
1473 739 1555 768 11011
1589 725 1772 779 possint3
1808 729 1851 767 et
1881 724 1992 767 forte

255 804 372 846 nulla
421 803 504 855 alia
548 815 597 844 ex
647 814 691 843 re
742 802 880 855 maJ'us
926 801 1079 844 scholis
1127 801 1475 854 impedimentum
1524 800 1751 854 impendet.
1839 799 1990 850 Quem-

256 878 484 921 admodum
516 878 574 919 nil
605 877 882 931 perniciosius
911 879 976 920 est
1016 877 1178 932 pueris,
1221 889 1350 930 quam
1393 876 1428 917 si
1470 876 1655 929 aliquem
1699 875 1878 929 habent,
1920 874 1992 928 qui

257 968 352 997 cum
383 954 465 996 illis
498 953 686 995 carmina
718 955 792 995 aut
815 953 929 995 aliud
953 952 1096 995 thema
1118 951 1346 1007 componit,
1377 952 1438 993 ita
1463 963 1633 1005 quoque
1653 950 1875 993 ferendum
1908 963 1992 992 non

259 1033 338 1085 est,
370 1029 404 1071 si
436 1029 652 1082 professor
682 1027 724 1069 id
756 1028 925 1081 publice
958 1026 1098 1070 faciat.

400 1115 615 1169 Objiciunt
656 1115 739 1156 duo
779 1114 989 1167 quaedam
1031 1113 1322 1167 professores:
1373 1116 1422 1156 1‘?
1464 1114 1557 1155 Non
1599 1125 1724 1167 posse
1767 1111 1995 1165 discipulos

256 1194 411 1236 facere:
455 1193 506 1234 29
542 1191 636 1244 plus
670 1191 710 1232 in
744 1189 939 1244 poliendo
973 1202 1084 1244 esse,
1124 1202 1251 1242 quam
1285 1189 1336 1230 de
1368 1189 1534 1241 integro
1567 1187 1789 1230 scribendo
1822 1186 1993 1229 laboris.

395 1280 460 1322 Ad
498 1280 558 1322 ΙΨ
600 1277 853 1332 respondeo:
906 1279 954 1319 l‘?
989 1276 1154 1330 aliquos
1195 1276 1304 1318 forte
1352 1275 1512 1328 aliquid
1561 1288 1705 1329 posse,
1750 1275 1792 1316 in
1842 1285 1995 1326 magno

256 1357 367 1399 enim
406 1367 583 1397 numero
623 1365 790 1406 semper
832 1351 963 1405 aliqui
1000 1354 1101 1393 sunt
1139 1351 1212 1404 qui
1252 1353 1432 1404 possunt
1508 1352 1559 1393 29
1596 1349 1639 1392 Si
1681 1362 1805 1392 nemo
1847 1347 1995 1403 possit,

257 1433 509 1485 praeceptor
560 1429 738 1483 alicujus
785 1431 935 1481 poetae
985 1439 1152 1469 carmen
1202 1427 1274 1469 det
1322 1426 1516 1480 impressi
1568 1426 1700 1468 libere
1751 1428 1794 1467 et
1839 1424 1994 1478 palam,

258 1507 564 1559 horteturque,
605 1508 655 1547 ut
690 1505 770 1558 ipsi
809 1506 973 1546 certent
1004 1506 1311 1556 exerceantque
1343 1515 1408 1558 se,
1450 1506 1498 1544 ut
1529 1502 1703 1556 propria
1738 1501 1825 1543 sint
1861 1499 1996 1542 decla-

264 1581 452 1625 matione
484 1580 613 1633 digni,
647 1592 742 1622 cum
773 1579 922 1631 ingens
954 1577 1158 1631 probrum
1189 1577 1270 1619 erit
1301 1577 1439 1619 aliena
1471 1577 1661 1619 recitare.

399 1668 464 1709 Ad
496 1667 577 1710 ΠΗ)
613 1679 741 1720 resp:
781 1666 823 1707 in
857 1664 1234 1708 declamationibus
1273 1666 1315 1706 et
1353 1664 1620 1707 affixionibus
1652 1664 1834 1706 multum
1872 1675 1997 1716 posse

260 1743 573 1796 adolescentes,
617 1742 651 1783 si
691 1741 873 1783 rhetoris
912 1752 998 1793 reg.
1046 1742 1108 1782 18.
1162 1743 1376 1795 servetur,
1426 1741 1451 1781 i.
1497 1753 1531 1782 e.
1579 1740 1613 1782 si
1657 1752 1740 1781 non
1791 1738 1997 1792 epigram-

259 1822 375 1860 mata
415 1818 552 1860 solum
595 1820 636 1858 et
677 1817 865 1859 breviola
904 1815 1091 1858 carmina
1130 1815 1380 1871 affigantur,
1433 1815 1506 1857 sed
1553 1828 1623 1869 ea,
1675 1827 1785 1867 quae
1830 1825 1997 1866 compo-

263 1896 443 1936 suerunt
473 1893 563 1933 loco
597 1892 714 1945 pensi
748 1891 998 1945 quotidiani,
1031 1891 1159 1932 etiam
1191 1890 1533 1945 declamationes,
1566 1902 1718 1942 prosae
1746 1889 1894 1931 breves
1918 1891 1994 1930 cet.

261 1968 423 2011 Deinde
464 1967 763 2021 expolitionem
806 1965 1041 2008 breviorem
1085 1968 1335 2018 praeceptor
1375 1964 1453 2007 sibi
1500 1963 1644 2007 faciet:
1699 1965 1854 2019 primo,
1902 1976 1997 2006 cum

261 2043 483 2085 materiam
534 2041 691 2095 dictat,
738 2040 986 2095 provideat,
1039 2052 1083 2082 se
1125 2052 1200 2092 pro
1249 2039 1442 2081 affixione
1490 2053 1526 2080 v.
1570 2040 1877 2082 declamatione
1926 2039 1997 2080 da—

261 2122 407 2160 turum
438 2117 562 2159 alicui
594 2129 641 2158 ex
675 2116 812 2157 tribus
845 2119 1102 2168 quatuorve,
1145 2128 1251 2168 quos
1293 2114 1473 2169 notarit,
1516 2115 1588 2168 qui
1630 2115 1788 2167 optime
1832 2125 1998 2167 compo—

262 2192 445 2243 suerint,
486 2191 545 2233 illi
585 2191 696 2233 inter
727 2204 772 2233 se
805 2190 1047 2236 certabuntz
1081 2191 1190 2243 ejus,
1231 2190 1303 2243 qui
1336 2190 1503 2243 vicerit,
1544 2189 1894 2242 compositionem
1926 2188 1998 2230 det

266 2267 358 2309 aliis
390 2266 626 2320 legendam,
664 2269 708 2307 ut
738 2269 902 2315 notent,
934 2265 1142 2319 quidquid
1175 2265 1266 2307 vitii
1298 2265 1437 2307 fuerit.
1502 2265 1579 2307 Vel
1612 2267 1863 2318 praeceptor
1893 2264 1996 2318 ipse,

264 2355 359 2384 cum
398 2342 439 2383 in
482 2341 626 2383 schola
664 2341 831 2394 publice
871 2341 1035 2393 aliquos
1076 2341 1210 2395 legat,
1250 2341 1377 2381 etiam
1418 2340 1525 2382 hanc
1569 2340 1779 2392 corrigere
1825 2339 1995 2393 poterit,

265 2429 348 2470 quo
387 2415 497 2459 facto
542 2415 719 2457 affixuro
762 2415 915 2457 reddat
955 2419 1232 2470 moneatque,
1284 2418 1331 2456 ut
1369 2416 1459 2468 ipse
1498 2406 1655 2456 iterum
1704 2415 1883 2467 recolat,
1931 2426 1998 2456 ex-

264 2491 416 2545 poliat,
460 2491 610 2532 deinde
652 2491 757 2533 bene
800 2491 1056 2544 descriptam
1098 2490 1300 2543 magistro
1343 2490 1535 2532 ultimam
1568 2503 1739 2531 manum
1772 2489 1998 2531 admoturo

266 2565 439 2617 offerat;
494 2565 707 2607 interdum
763 2565 1082 2619 magistratibus
1130 2565 1377 2619 expolienda
1423 2565 1579 2607 tradat.
1665 2565 1781 2606 Idem
1829 2564 1880 2606 de
1937 2577 1999 2605 re-

265 2642 445 2684 lectione
488 2641 797 2694 descriptorum
846 2640 1081 2682 dicendum.
1159 2640 1420 2683 Conveniant
1460 2641 1625 2693 aliquot
1672 2643 1715 2681 et
1759 2653 1803 2681 se
1849 2641 1997 2681 mutuo

265 2718 490 2766 moneant3
533 2728 608 2757 nec
650 2718 770 2756 curet
810 2718 1087 2768 praeceptor,
1134 2716 1167 2757 si
1211 2716 1263 2757 ob
1306 2728 1492 2757 errorem
1539 2715 1723 2767 aliquem
1767 2714 1997 2756 admissum

268 2791 513 2839 rideantur3
558 2791 616 2832 sic
656 2791 765 2832 enim
807 2790 1056 2831 excitantur.
1120 2790 1329 2832 Viderunt
1370 2791 1501 2843 aliqui
1543 2791 1793 2842 magistrum
1833 2801 1998 2842 compo-

266 2869 456 2921 nentem,
492 2867 669 2919 juvenes
703 2865 1004 2918 descriptorem
1039 2866 1344 2913 conducentes,
1387 2865 1606 2918 affigentes
1639 2878 1748 2918 quae
1781 2876 1998 2917 nunquam

266 2940 469 2993 legerant.

406 3026 565 3068 Eadem
610 3027 661 3068 de
700 3027 991 3080 imprimendis
1034 3027 1174 3080 aliquo
1217 3027 1340 3069 modo
1385 3027 1594 3069 servanda
1635 3028 1753 3076 sunt,
1797 3029 1839 3068 et
1876 3025 1998 3067 valde

267 3100 455 3155 expedit,
502 3105 550 3142 ut
588 3114 709 3143 nemo
750 3102 873 3144 alicui
913 3115 1079 3144 carmen
1120 3105 1219 3155 typo
1252 3102 1411 3144 editum
1445 3101 1630 3157 dedicet,
1674 3114 1799 3155 quem
1831 3102 1998 3143 constat
