2164 3535
643 219 1096 263 Pensionats-Padagogik
1122 231 1180 254 um
1209 222 1398 255 1820-30,
1796 223 1878 264 377

164 362 433 414 segregatum
465 362 506 403 in
539 361 693 414 angulo
736 361 940 403 collocare
961 363 1039 403 etc.
1101 360 1147 402 In
1180 360 1305 415 locis,
1348 360 1417 402 ubi
1450 361 1572 414 plura
1605 361 1881 403 contubernia

164 437 437 491 conveniunt,
480 436 636 490 poterit
679 436 848 489 quidem
890 436 1135 485 admonere,
1180 449 1256 479 nec
1288 449 1385 478 vero
1418 436 1542 478 aliam
1585 437 1881 479 auctoritatem

163 525 365 554 exercere.
419 510 558 553 Studii
590 515 779 564 tempore
802 515 908 553 nutu
940 512 1079 565 potius
1113 511 1350 562 admoneat,
1384 524 1511 565 quam
1546 511 1627 554 alio
1659 511 1797 566 niodo,
1831 524 1882 553 nc

162 586 349 629 studium
379 586 673 639 interrumpat.

298 663 335 702 4.
386 661 444 703 Ut
474 673 594 703 suam
626 661 922 703 auctoritatem
953 661 1161 703 Praefecti
1192 662 1357 704 facilius
1391 665 1652 716 conservent,
1692 678 1728 703 α.
1762 661 1879 703 nulla

162 735 414 777 munuscula
436 748 460 778 a
490 735 632 789 pueris
665 739 902 789 acceptent:
944 736 978 777 h.
1009 737 1142 779 multo
1175 738 1312 780 minus
1345 738 1621 780 comestibilia
1644 740 1878 791 acceptent,

163 814 238 853 aut
269 824 362 853 curn
394 810 543 853 iisdem
575 810 816 857 comedant:
864 826 895 852 c.
930 811 1093 852 nullum
1125 812 1266 853 lusum
1299 825 1392 854 cum
1424 812 1573 854 iisdem
1603 812 1776 868 ludant,
1809 812 1881 865 qui

161 885 422 939 vigilantiam
444 885 664 938 impediat3
697 886 780 928 imo
803 885 1164 928 confabulationes
1197 887 1324 928 etiam
1347 899 1441 929 cum
1474 888 1654 930 alumnis
1677 887 1878 941 devitent,

162 960 235 1003 sed
282 961 424 1003 sinant
462 961 555 1003 illos
603 962 743 1014 potius
786 961 897 1004 inter
935 974 980 1003 se
1028 961 1228 1014 colloqui3
1275 962 1442 1004 interim
1491 962 1734 1018 attendant,
1781 963 1883 1016 quid

161 1037 392 1090 loquantur
433 1037 498 1078 vel
538 1037 717 1087 faciant,
761 1037 889 1079 dubia
931 1037 1117 1091 solvant,
1161 1036 1255 1079 lites
1297 1037 1498 1080 dirimant
1529 1041 1571 1080 et
1617 1043 1879 1091 componant.

163 1113 206 1154 Si
253 1125 347 1155 cum
395 1112 574 1155 alumnis
623 1112 968 1165 confabulantur,
1015 1112 1226 1166 quomodo
1273 1112 1494 1154 attendent
1537 1115 1579 1155 et
1624 1113 1884 1166 vigilabunt?

162 1187 385 1229 Materiam
408 1191 551 1230 autem
573 1187 773 1241 loquendi
797 1188 876 1230 cito
910 1187 1161 1230 exhaurient
1183 1200 1277 1230 cum
1300 1188 1566 1230 auctoritate.
1609 1188 1646 1230 cl.
1682 1188 1883 1243 Caveant,

162 1276 214 1305 ne
244 1263 406 1317 puerile
438 1263 655 1317 quidpiam
677 1276 771 1305 cum
804 1263 984 1307 alumnis
1019 1266 1160 1317 agant,
1193 1276 1346 1317 pueros
1379 1267 1519 1305 tamen
1552 1264 1733 1317 puerilia
1760 1277 1885 1317 agere

164 1339 204 1379 in
254 1338 514 1380 recreatione
556 1351 638 1380 non
688 1338 935 1391 impedient:
997 1354 1027 1380 e.
1069 1338 1206 1380 nullos
1247 1351 1376 1380 novos
1418 1342 1460 1380 et
1498 1339 1721 1381 inusitatos
1766 1339 1884 1381 lusus

168 1414 308 1455 insciis
355 1412 653 1467 Superioribus
700 1414 992 1467 introducant,
1039 1427 1113 1456 nec
1162 1413 1393 1467 quidquam
1439 1414 1533 1455 novi
1579 1414 1618 1455 in
1667 1427 1744 1457 suo
1792 1427 1886 1457 con-

164 1489 358 1531 tubernio
381 1489 470 1531 sine
501 1489 611 1531 scitu
633 1488 841 1532 Praefecti
873 1488 1081 1542 generalis
1113 1492 1320 1544 statuant,
1352 1502 1403 1530 ne
1425 1488 1534 1531 forte
1567 1489 1717 1532 deinde
1740 1503 1883 1532 eorum

164 1567 328 1606 statuta
359 1564 519 1606 irritari
550 1564 742 1607 debeant.

300 1641 337 1681 5.
383 1639 533 1681 Aliena
574 1639 848 1682 contubernia
880 1652 961 1681 non
1001 1639 1221 1689 accedant3
1262 1652 1337 1682 nec
1376 1640 1532 1683 alienos
1574 1640 1766 1682 alumnos
1799 1642 1886 1695 (ex-

163 1718 285 1770 cepta
314 1715 591 1758 humanitatis
624 1716 804 1767 ratione)
837 1715 1134 1768 adloquantur„
1168 1719 1243 1758 aut
1264 1728 1409 1757 eorum
1446 1715 1674 1757 amicitiam
1696 1718 1881 1769 captent.

163 1790 324 1832 Eadem
366 1791 528 1832 ratione
559 1790 662 1832 alios
703 1790 818 1843 loqui
860 1804 954 1833 cum
986 1791 1074 1833 suis
1117 1791 1297 1834 alumnis
1339 1804 1421 1833 non
1464 1791 1622 1841 sinant;
1665 1791 1736 1844 qui
1768 1791 1804 1833 si
1835 1804 1885 1833 ex

163 1865 320 1907 nostris
351 1865 449 1916 sint,
483 1864 536 1906 ad
567 1863 815 1918 Superiores
850 1865 1053 1908 deferant.

301 1942 338 1981 6.
385 1941 420 1981 A
442 1940 659 1983 Praefecto
692 1941 878 1993 generali
912 1942 1079 1983 omnino
1112 1941 1395 1995 dependeant:
1430 1942 1483 1983 ad
1512 1955 1607 1984 eum
1639 1942 1680 1983 in
1704 1941 1885 1994 negotiis

167 2015 390 2058 ordinariis
424 2015 686 2058 contubernii
719 2019 955 2065 recurrant,
989 2017 1173 2070 exceptis
1205 2017 1287 2059 illis
1323 2017 1504 2065 casibus
1536 2017 1577 2059 in
1611 2016 1764 2070 quibus
1796 2017 1885 2059 sine

167 2091 323 2133 ordinis
354 2090 591 2133 inversione
621 2103 814 2134 accessus
848 2092 1019 2134 cuilibet
1051 2092 1104 2134 ad
1136 2092 1342 2134 mediatos
1376 2091 1625 2146 Superiores
1657 2094 1787 2145 patet*

303 2168 338 2207 7.
387 2166 716 2219 Diligentissime
749 2170 926 2208 caveant
955 2179 979 2209 a
1010 2179 1263 2220 quacunque
1296 2167 1583 2210 familiaritate
1616 2170 1658 2209 et
1679 2167 1883 2221 singulari

165 2253 266 2293 erga
297 2241 519 2283 nonnullos
553 2241 727 2292 affectu,
760 2243 942 2283 maxima
974 2243 1082 2284 enim
1114 2256 1246 2296 puero
1280 2243 1458 2285 debetur
1489 2243 1726 2285 reverentia
1759 2275 1766 2283 .
1802 2275 1810 2283 .
1847 2276 1854 2283 .

304 2322 341 2363 8.
392 2321 435 2363 Si
466 2323 586 2375 pueri
618 2335 684 2364 res
716 2323 977 2365 necessarias
1010 2323 1089 2365 sibi
1130 2324 1369 2377 postulant,
1412 2325 1477 2366 vel
1518 2327 1686 2379 petunt,
1728 2326 1776 2364 ut
1807 2323 1885 2365 sibi

166 2397 217 2439 de
248 2397 432 2451 peculio,
474 2397 525 2439 de
557 2410 639 2450 quo
681 2397 903 2451 disponere
933 2402 1132 2451 possunt,
1175 2398 1334 2451 aliquid
1367 2399 1420 2441 ad
1460 2399 1679 2441 honestam
1722 2410 1883 2440 recrea-

167 2473 322 2514 tionem
354 2472 642 2527 provideatur,
674 2477 792 2516 notet
823 2473 865 2515 id
888 2474 1132 2516 Praefectus
1164 2475 1206 2515 in
1240 2474 1401 2530 charta,
1435 2478 1476 2516 et
1507 2477 1670 2517 statuto
1694 2476 1885 2526 tempore

165 2548 308 2590 mittat
337 2561 413 2601 per
442 2548 646 2590 famulum
679 2549 731 2590 ad
762 2549 1029 2591 Praefectum
1061 2549 1311 2605 generalem,
1344 2550 1422 2592 nisi
1453 2551 1562 2592 forte
1594 2550 1635 2590 in
1668 2549 1883 2602 poeniten-

167 2622 270 2664 tiam
302 2622 366 2677 id,
410 2623 523 2676 quod
555 2624 607 2664 ad
650 2624 780 2666 solam
824 2624 1125 2666 recreationem
1167 2625 1347 2680 petitur,
1388 2629 1429 2668 et
1468 2625 1581 2678 quod
1623 2624 1885 2667 necessitatis

170 2697 374 2740 rationem
406 2711 489 2740 non
521 2697 662 2753 habet,
695 2699 934 2751 negandum
967 2711 1058 2741 esse
1084 2698 1353 2752 Judicaverit.

306 2772 343 2814 9!
404 2773 619 2815 Summam
679 2775 958 2816 reverentiam
1009 2787 1109 2827 erga
1161 2774 1408 2829 Superiores
1459 2778 1549 2816 tuin
1602 2775 1740 2817 verbis
1793 2777 1885 2816 tum

166 2848 345 2891 maxime
373 2849 493 2891 factis
527 2851 751 2892 ostendant
773 2854 815 2892 et
836 2851 1025 2893 modeste
1055 2852 1274 2905 patiantur
1297 2865 1340 2894 se
1373 2856 1576 2905 tanquam
1598 2852 1882 2894 instrumenta

167 2924 438 2974 considerari,
470 2938 545 2967 nec
568 2926 759 2979 peritiam
783 2939 903 2968 suam
926 2928 968 2968 et
999 2926 1299 2979 experientiam
1322 2928 1362 2968 in
1386 2927 1511 2969 rebus
1545 2926 1716 2978 agendis
1741 2938 1881 2967 coram

166 3000 309 3052 pueris
341 3000 526 3042 exaltare
559 3001 664 3043 velle
696 3001 931 3043 videantur.

308 3075 374 3116 10.
423 3075 465 3116 Si
497 3076 638 3129 plures
672 3077 828 3118 alumni
861 3077 985 3119 simul
1017 3077 1057 3118 in
1090 3077 1231 3130 aliqua
1264 3091 1308 3120 re
1340 3078 1601 3130 delinquant,
1634 3089 1715 3118 non
1739 3089 1882 3119 omnes

168 3149 292 3190 simul
324 3150 519 3203 obJ'urget
550 3151 807 3205 Praefectus,
840 3165 975 3205 neque
1007 3154 1153 3194 contra
1184 3166 1327 3195 omnes
1359 3152 1597 3207 invehatur,
1630 3152 1703 3194 sed
1736 3155 1882 3195 contra
