2164 3535
531 227 714 263 Deutsche
740 225 1100 269 Reformvorschlage
1125 224 1184 259 fiir
1209 224 1267 259 die
1293 223 1336 258 R.
1363 228 1405 258 st.
1436 225 1532 258 1829.
1809 225 1889 267 391

170 369 339 422 regulas
382 369 558 425 attinet,
599 368 790 419 servatis,
835 379 945 421 quae
981 366 1145 409 utiliter
1184 364 1466 408 admonentur
1503 362 1544 404 in
1583 361 1740 416 regulis
1774 365 1820 417 1,
1852 364 1892 418 3,

171 445 210 500 5,
244 446 268 486 6
300 447 343 487 01
374 446 413 499 8,
445 445 642 487 videntur
670 455 796 497 posse
817 443 1007 495 reliquae
1029 445 1269 495 temporum
1292 439 1446 482 rationi
1468 437 1753 492 adtemperari
1769 437 1894 490 juxta

170 531 240 575 ea,
271 532 381 573 quae
412 531 543 574 supra
574 519 813 562 notavimus
846 518 913 572 ξ]
951 517 1003 559 ad
1036 529 1122 570 reg.
1149 519 1186 558 9.
1248 515 1496 571 Praeterea,
1529 513 1564 556 si
1593 512 1704 555 forte
1734 512 1893 554 contin-

168 597 261 649 gat,
299 598 348 636 ut
387 607 522 637 novus
555 593 657 636 ordo
689 605 765 647 pro
800 591 989 634 docenda
1019 591 1235 644 theologia
1267 589 1528 632 Scholastica
1559 586 1891 642 praescribatur,

168 668 336 711 videtur
362 681 438 722 pro
472 673 711 723 temporum
744 667 907 709 ratione
940 666 1107 707 0111111110
1129 665 1428 719 necessarium,
1459 666 1509 706 ut
1529 661 1760 716 Apologiae
1781 661 1893 704 Reli-

167 743 301 796 gionis
334 743 590 786 christianae
621 747 664 785 et
695 742 928 785 catholicae
960 753 1063 783 suus
1097 739 1353 782 concedatur
1385 740 1514 782 locus.

304 836 376 877 Ad
409 848 506 889 reg.
536 837 600 877 14.
664 835 768 877 Cum
801 846 1003 876 numerus
1025 833 1292 888 facultatum,
1325 832 1575 886 praesertim
1596 831 1638 873 in
1660 829 1891 884 majoribus

166 911 372 966 collegiis,
415 923 464 952 ex
505 908 810 952 consuetudine
852 909 1033 950 multum
1076 908 1327 958 accreverit,
1366 908 1426 949 ita
1464 908 1533 962 ut,
1572 908 1743 959 praeter
1773 904 1890 948 theo-

165 986 318 1039 logiam
350 990 393 1028 01
424 984 733 1039 philosophiam
764 984 910 1026 stricte
942 986 1141 1038 sumtam,
1175 982 1282 1024 aliae
1310 981 1396 1024 sint
1417 981 1621 1024 materiae
1643 980 1740 1022 olim
1764 979 1890 1023 simul

167 1060 387 1116 confusae,
430 1073 540 1102 nunc
572 1063 716 1102 autem
749 1059 916 1101 omnino
950 1058 1232 1113 separandae,
1275 1055 1511 1111 cujusmodi
1543 1058 1661 1107 sunt,
1700 1055 1889 1111 physica,

165 1135 345 1191 chemia,
382 1135 560 1177 historia
591 1134 818 1189 naturalis,
856 1133 1067 1188 geologia,
1107 1131 1386 1187 astronomia,
1424 1130 1627 1173 mathesis
1669 1129 1890 1172 sublimior

164 1214 207 1252 et
249 1214 441 1253 caeterae
472 1211 638 1264 plures,
681 1222 861 1263 cumque
894 1208 946 1251 de
978 1208 1154 1261 singulis
1187 1207 1375 1249 materiis
1407 1206 1473 1248 vel
1506 1205 1739 1259 disputatio
1770 1204 1890 1247 insti—

164 1286 240 1341 tui,
272 1286 337 1327 vel
369 1286 541 1339 aliquod
573 1286 782 1340 specimen
814 1284 981 1338 publice
1013 1283 1201 1325 exhiberi
1223 1283 1372 1337 soleat,
1406 1281 1559 1336 quibus
1583 1279 1888 1323 tentaminibus

163 1373 307 1402 omnes
352 1361 619 1414 superiorum
661 1360 914 1402 facultatum
956 1357 1217 1412 professores
1250 1361 1292 1400 et
1324 1357 1540 1400 auditores
1567 1357 1693 1411 Juxta
1723 1368 1809 1409 reg.
1833 1356 1886 1398 25

162 1434 363 1489 praefecti
395 1435 633 1477 studiorum
666 1435 814 1477 adesse
846 1434 1086 1485 conveniat;
1119 1433 1288 1475 omnino
1312 1433 1493 1488 videtur,
1526 1444 1578 1474 ne
1609 1432 1772 1474 oriatur
1793 1442 1888 1473 con-

161 1510 286 1565 fusio,
318 1510 653 1564 disputationum
687 1510 950 1564 aliarumque
982 1508 1331 1551 exercitationum
1363 1520 1439 1562 pro
1471 1519 1728 1561 unaquaque
1756 1506 1886 1550 facul-

162 1588 252 1628 tate
283 1598 484 1628 numerus
516 1586 769 1628 minuendus
801 1588 843 1628 et
874 1584 1163 1627 contrahenda
1194 1584 1375 1626 duratio.

300 1678 370 1720 Ad
412 1679 702 1731 catalogum
742 1677 1113 1731 quaestionum.
1176 1677 1217 1719 Is
1260 1676 1481 1729 catalogus
1521 1675 1690 1718 videtur
1728 1674 1886 1717 nostris

162 1753 424 1806 temporibus
471 1753 676 1807 supprimi
721 1765 866 1808 posse,
921 1751 1035 1806 quod
1082 1751 1390 1794 recentioribus
1437 1750 1614 1794 docendi
1660 1749 1885 1804 methodis,

162 1828 290 1870 etiam
331 1829 600 1883 approbatis,
641 1841 725 1870 non
768 1827 949 1881 amplius
990 1827 1216 1882 inserviat,
1258 1839 1334 1869 nec
1367 1826 1592 1868 videantur
1623 1824 1885 1880 professores

162 1904 252 1956 (qui
291 1904 441 1945 saltem
481 1903 671 1956 plerique
711 1903 777 1945 vix
819 1902 1021 1945 terminos
1063 1902 1318 1955 intelligent)
1362 1901 1543 1943 multum
1582 1900 1780 1943 utilitatis
1814 1900 1885 1944 ad-

161 1977 271 2021 ferre
300 1991 437 2033 posse.
500 1978 663 2021 Deinde
695 1991 777 2020 non
810 1981 875 2020 est
906 1977 1161 2032 periculum,
1192 1989 1245 2019 ne
1276 1989 1462 2028 errores,
1503 1976 1575 2030 qui
1607 1976 1674 2019 hic
1704 1975 1886 2030 proscri-

162 2053 342 2109 buntur,
384 2053 519 2096 denuo
563 2053 807 2096 doceantur.
877 2054 940 2095 De
982 2053 1075 2095 aliis
1117 2052 1198 2095 huc
1237 2051 1528 2107 spectantibus
1571 2053 1722 2105 agetur
1761 2051 1884 2107 infra,

162 2128 231 2170 ubi
265 2128 317 2171 de
348 2128 624 2171 Ordinatione
656 2127 777 2171 Adm.
811 2128 860 2172 R.
893 2128 938 2170 P.
971 2127 1278 2170 Piccolominei.

296 2394 387 2448 §8
450 2394 519 2435 De
558 2392 752 2446 regulis
791 2391 1102 2445 professoris
1142 2388 1347 2435 casuum
1387 2390 1747 2434 conscientiae.

298 2508 370 2550 Ad
402 2521 498 2562 reg.
526 2510 561 2550 1.
625 2508 731 2551 Cum
762 2520 916 2549 munus
948 2506 1199 2560 professoris
1232 2506 1344 2549 illius
1376 2506 1444 2561 sit,
1476 2506 1700 2549 instituere
1723 2506 1883 2562 peritos

163 2583 369 2637 parochos
393 2596 466 2625 seu
490 2586 853 2626 sacramentorum
878 2582 1259 2637 administratores,
1292 2582 1358 2624 hic
1379 2582 1527 2636 quaeri
1548 2583 1703 2637 potest,
1736 2584 1882 2624 utrum

162 2671 238 2712 pro
270 2671 386 2701 more
417 2658 717 2701 nonnullorum
749 2658 1073 2700 seminariorum
1105 2661 1147 2699 et
1179 2657 1524 2708 universitatum,
1556 2656 1806 2710 praesertim
1839 2656 1882 2699 in

162 2733 413 2789 Germania,
457 2733 678 2776 conveniat
718 2732 771 2774 ad
812 2745 935 2775 casus
969 2732 1249 2774 conscientiae
1281 2744 1356 2774 seu
1389 2731 1647 2784 theologiam
1679 2732 1882 2775 moralem

161 2808 342 2863 adjicere
381 2808 505 2850 aliam
547 2808 845 2851 tractationem
887 2807 938 2849 de
977 2807 1241 2861 theologia
1285 2807 1562 2863 pastorali,
1610 2806 1672 2848 uti
1715 2804 1906 2850 vocant.'

161 2883 244 2926 Sed
275 2887 574 2937 praeterquam
607 2883 721 2937 quod
748 2882 852 2925 illud
874 2882 1113 2936 theologiae
1134 2882 1362 2937 pastoralis
1384 2894 1537 2924 nomen
1561 2881 1879 2936 aliquantisper,

161 2962 210 3000 ut
240 2958 450 3001 nonnullis
483 2958 671 3015 videtur,
712 2958 943 3001 novitatem
976 2958 1135 3014 sapiat,
1176 2958 1346 3001 videtur
1375 2958 1448 3000 illa
1479 2957 1659 3000 materia
1690 2957 1731 2999 in
1764 2956 1880 2999 theo-

161 3034 274 3087 logia
314 3034 484 3089 morali,
526 3034 598 3076 ubi
636 3034 688 3076 de
727 3034 932 3087 cujusque
972 3036 1111 3076 status
1145 3032 1314 3086 officiis,
1357 3035 1595 3088 opportune
1626 3031 1878 3085 pertractari

161 3120 298 3163 posse,
330 3108 395 3151 vel
427 3109 554 3151 etiam
585 3109 628 3150 in
661 3107 928 3151 conferentiis
961 3112 1035 3150 aut
1066 3108 1446 3164 exhortationibus,
1478 3120 1587 3161 quae
1612 3106 1664 3150 ad
1687 3106 1877 3149 alumnos

1946 2741 2023 2760 ,,,
