2164 3535
269 248 324 289 20
777 243 972 286 Catalogus
997 246 1197 286 perpetuus
1223 240 1352 274 Rheni.
1406 242 1504 275 1622.

269 386 387 428 libris
427 385 518 426 dari
560 384 732 436 aliquis,
784 396 910 436 quem
948 384 983 425 si
1032 383 1257 435 diligenter
1307 406 1357 412 —
1402 394 1478 423 suo
1525 383 1667 422 tamen
1714 384 1905 433 tempore
1953 404 2002 409 -

269 460 450 514 legerint
490 462 723 512 notentque
766 459 893 512 digna
934 459 1184 511 observatu,
1226 457 1464 511 paratiores
1506 457 1559 498 ad
1590 456 1790 498 lectiones
1823 454 2002 496 venient.

271 536 433 579 Deinde
472 534 599 588 hujus
640 534 701 575 rei
740 534 904 575 fructus
936 533 1083 586 ingens
1115 535 1212 586 post
1244 533 1407 585 aliquot
1438 544 1569 574 annos
1603 530 1845 584 apparebit,
1883 542 2006 572 nemo

272 612 381 654 enim
413 611 569 652 librum
600 610 687 651 fere
719 609 898 659 docebit,
930 608 1009 649 nisi
1042 620 1166 660 quem
1198 607 1288 661 ipse
1311 607 1508 659 audierit,
1543 606 1736 649 didicerit
1759 608 1824 647 cet
1889 604 2008 646 Stu-

273 687 530 728 diosorum
569 688 710 726 autem
751 683 928 725 utilitati
960 683 1027 725 hic
1060 683 1300 725 consultum
1332 682 1484 732 fuerit,
1527 682 1701 723 minoris
1735 681 1844 722 enim
1876 680 2007 722 libros

274 765 432 810 ement3
474 759 624 801 deinde
667 771 897 812 pauperes,
940 770 1120 811 quorum
1160 758 1280 799 nobis
1314 770 1458 800 curam
1492 757 1665 810 regulae
1698 755 2009 808 commendant,

273 836 438 878 facilius
479 835 676 887 antiquos
717 833 868 886 libros,
911 833 1111 886 quoniam
1151 833 1255 875 ordo
1300 833 1529 875 eorundem
1569 832 1732 885 copiam
1772 830 2008 886 praebebit,

275 913 364 954 sine
396 911 482 952 ullo
513 909 650 964 pretio
682 909 898 951 invenient
929 912 971 950 et
991 921 1122 950 novos
1145 909 1308 950 minore
1331 911 1490 954 ement:
1523 921 1622 950 nam
1644 906 1899 961 typographi
1924 918 2010 956 eos,

277 987 349 1040 qui
381 988 630 1040 supersunt,
669 984 818 1037 quovis
852 996 959 1025 anno
992 984 1183 1026 vendunt
1213 983 1393 1037 ideoque
1425 987 1593 1026 sumtus
1624 982 1780 1025 sacient
1810 982 2008 1024 minores.

275 1061 397 1103 Nunc
429 1061 540 1102 0111111
572 1060 695 1101 multi
718 1059 1032 1112 relinquuntur,
1065 1071 1171 1112 quos
1195 1059 1433 1101 distrahere
1462 1063 1693 1112 nequeunt,
1726 1061 1768 1100 et
1799 1058 1841 1099 in
1864 1057 2010 1098 multis

278 1135 474 1188 Collegiis
507 1135 764 1189 exemplaria
796 1147 921 1188 saepe
953 1135 1119 1177 desunt.
1183 1135 1374 1188 Denique
1416 1134 1749 1188 typographi,
1791 1133 1869 1174 hac
1900 1132 2013 1174 utili-

278 1214 367 1252 tate
400 1210 552 1263 allecti,
585 1210 834 1265 elegantius,
873 1210 1045 1251 meliore
1078 1210 1226 1252 charta
1259 1214 1301 1251 et
1333 1209 1596 1252 emendatius
1629 1209 1759 1251 libros
1792 1208 2012 1250 scholasti-

279 1299 348 1328 cos
380 1286 623 1339 imprimere
656 1288 875 1337 cogentur.

417 1372 470 1414 11.
519 1372 668 1413 Plures
699 1371 741 1412 in
773 1384 905 1412 unum
939 1383 1096 1412 annum
1127 1371 1225 1413 libri
1248 1371 1500 1424 praescripti
1523 1374 1637 1427 sunt,
1670 1370 1798 1424 idque
1822 1369 2012 1423 exemplo

278 1448 458 1489 aliarum
489 1447 815 1501 provinciarum.
865 1446 1029 1488 Causae
1059 1446 1220 1487 multae
1243 1445 1428 1497 fuerunt,
1463 1446 1571 1488 duae
1604 1446 1848 1499 praecipue;
1884 1447 1934 1487 19
1967 1446 2016 1485 ut

279 1523 448 1576 copiosa
480 1522 536 1563 sit
566 1521 913 1574 praeceptoribus
946 1521 1194 1574 ingeniosis,
1228 1521 1384 1576 doctis,
1420 1521 1640 1563 industriis
1674 1521 1872 1572 materia3
1915 1533 2013 1562 nam

280 1598 330 1639 de
372 1597 515 1651 inopia
556 1609 698 1638 rerum
730 1596 920 1637 nonnulli
961 1597 1098 1649 questi
1142 1599 1253 1637 sunt.
1318 1596 1408 1638 Hac
1448 1609 1497 1638 ex
1540 1597 1660 1650 copia
1691 1597 1884 1639 futurum
1917 1608 2013 1638 con-

280 1672 470 1725 fidimus,
514 1674 562 1712 ut
594 1671 755 1713 Rhetor
797 1684 881 1723 reg.
918 1673 940 1712 7
982 1675 1023 1712 et
1056 1672 1094 1713 8.
1139 1673 1180 1713 et
1220 1671 1499 1713 humanitatis
1541 1672 1756 1725 professor
1797 1684 1896 1713 suas
1937 1684 2015 1725 pro

280 1748 473 1801 portione
522 1747 808 1800 praescriptas
858 1747 1021 1788 facilius
1073 1759 1243 1788 servare
1294 1747 1448 1800 possit-3
1498 1747 1740 1800 viteturque
1792 1746 2016 1789 fastidiosa

280 1824 441 1876 pariter
483 1826 525 1864 et
562 1822 686 1863 noxia
725 1822 1008 1873 consuetudo,
1057 1822 1224 1875 singula
1266 1822 1395 1864 verba
1439 1826 1513 1864 aut
1554 1823 1788 1865 sententias
1837 1822 2015 1875 singulis

283 1898 420 1940 verbis
460 1901 535 1939 aut
573 1897 794 1939 sententiis
833 1897 1162 1950 interpretandi,
1203 1897 1276 1939 sed
1320 1897 1450 1939 totius
1493 1897 1735 1950 argumenti
1778 1896 2018 1952 artificium,

282 1974 355 2015 ubi
398 1976 462 2014 est
502 1972 750 2022 difficultas,
792 1975 1040 2025 exponatur.
1118 1972 1205 2014 Nec
1247 1973 1357 2013 enim
1400 1973 1541 2015 facilia
1582 1973 1623 2015 in
1667 1973 1934 2026 eloquentiae
1977 1976 2020 2014 et

283 2048 561 2090 humanitatis
593 2048 736 2090 schola
769 2051 869 2089 sunt
902 2047 1168 2100 exponenda,
1211 2048 1282 2089 illa
1315 2048 1425 2090 enim
1457 2049 1585 2090 etiam
1619 2048 1890 2103 Syntaxistae
1929 2048 2018 2090 sine

284 2124 516 2176 interprete
558 2123 811 2175 intelligunt.
889 2123 975 2165 Nec
1019 2123 1144 2164 debet
1184 2136 1389 2176 quaerere
1440 2127 1690 2178 praeceptor
1736 2124 1777 2165 in
1823 2123 2017 2165 facilibus

284 2198 398 2251 quod
445 2199 642 2251 explicet,
690 2198 762 2239 sed
810 2211 949 2239 rerum
998 2197 1247 2240 difficultate
1296 2199 1414 2252 cogi,
1461 2202 1508 2239 ut
1549 2199 1696 2251 ignota
1745 2198 2016 2241 audientibus

286 2276 389 2314 nota
419 2273 558 2316 faciat.

426 2360 502 2401 III.
562 2360 655 2401 Non
688 2362 829 2401 tamen
862 2374 909 2401 eo
944 2364 1109 2414 spectat
1142 2361 1312 2403 uberior
1344 2360 1445 2403 data
1484 2360 1794 2414 professoribus
1827 2360 2018 2416 materia,

288 2436 337 2476 ut
377 2435 517 2476 omnia
559 2435 804 2483 singulatim
847 2449 895 2477 eo
935 2437 1059 2477 modo
1098 2441 1432 2490 persequantur,
1476 2437 1549 2479 sed
1593 2441 1659 2485 ut,
1706 2449 1790 2478 una
1831 2436 2018 2478 alterave

289 2512 411 2563 parte
450 2514 647 2552 accurate
689 2512 899 2564 exposita,
943 2516 1083 2553 cetera
1123 2513 1281 2554 tradito
1314 2516 1563 2565 argumento
1597 2525 1738 2554 rerum
1773 2511 2018 2566 compendio

291 2589 537 2639 percurrat,
570 2586 802 2637 generatim
836 2586 1060 2628 artificium
1093 2590 1135 2628 et
1167 2586 1403 2629 difficiliora
1434 2588 1544 2636 loca,
1584 2587 1624 2628 in
1659 2587 1813 2640 quibus
1845 2587 2020 2628 haerere

293 2659 578 2702 adolescentes
618 2664 811 2714 possent,
857 2661 1128 2710 declarando;
1172 2676 1208 2703 v.
1253 2675 1313 2714 gr.
1354 2663 1489 2714 primo
1529 2676 1638 2704 anno
1670 2665 1888 2716 ponuntur
1919 2662 2021 2703 Ver-

293 2734 385 2776 rina
432 2736 590 2777 omnia:
641 2737 744 2779 satis
792 2738 892 2789 erit,
944 2738 1123 2791 primam
1168 2742 1211 2779 et
1255 2738 1484 2779 secundam
1533 2750 1740 2790 exponere
1795 2737 2020 2792 copiosius,

293 2809 478 2862 reliquas
520 2823 789 2866 percurrere,
832 2813 997 2854 selectis
1041 2813 1161 2855 videl.
1207 2814 1269 2855 vel
1304 2813 1463 2865 judicio
1504 2813 1777 2866 Superiorum
1818 2826 1854 2854 v.
1895 2814 2021 2855 Prae-

294 2883 391 2926 fecti
430 2884 668 2927 studiorum
708 2886 761 2928 ad
799 2887 1030 2939 longiorem
1074 2888 1376 2940 expositionem
1410 2888 1749 2930 eminentissimis
1783 2888 2021 2940 quibusque

296 2970 342 3000 ac
375 2958 642 3000 difficillimis.
703 2961 846 3005 Altera
881 2974 1011 3003 causa
1044 2967 1128 3014 est,
1170 2967 1218 3004 ut
1250 2964 1373 3016 plura
1404 2964 1589 3016 legendi,
1630 2963 1889 3016 inquirendi,
1931 2963 2021 3004 imi-

294 3033 413 3074 tandi
452 3034 615 3075 occasio
659 3034 874 3087 discipulis
914 3037 1056 3087 detur3
1103 3038 1170 3079 vix
1209 3038 1318 3079 enim
1358 3038 1549 3091 plerique
1591 3039 1817 3091 quicquam
1850 3038 2020 3092 habent,

296 3107 450 3149 nedum
492 3108 639 3159 legunt
678 3112 845 3161 praeter
884 3111 1157 3153 scholasticos
1198 3113 1339 3153 libros.
1413 3113 1619 3163 Quocirca
1659 3113 1878 3167 inquinate
1919 3113 2022 3154 scri-
