2164 3535
227 175 311 216 250
565 172 800 216 Tischregeln
827 172 885 207 fur
911 183 1009 206 arme
1037 170 1251 216 studentem,
1277 170 1504 206 Hildesheim
1533 173 1630 208 1709.

226 313 282 356 sit
312 314 516 369 prandio,
559 314 663 356 haec
705 326 787 355 non
830 314 1047 364 vertatur⁷
1090 311 1168 353 nisi
1211 314 1493 364 posteaquam
1534 323 1678 353 omnes
1718 312 1957 355 consedere.

227 388 415 431 Sedeant
447 392 589 431 autem
623 388 855 430 secundum
889 387 1081 428 ordinem
1114 389 1156 428 et
1189 386 1442 439 dignitatem
1476 385 1731 428 scholarum.

365 466 403 506 4.
453 464 613 506 Diebus
645 463 813 518 liberis,
858 464 963 516 puta
995 461 1106 503 Solis
1140 463 1182 503 et
1218 461 1523 511 Vacationum,
1566 461 1793 514 prandium
1826 465 1960 505 totam

228 540 390 595 horam,
424 539 597 592 reliquis
632 542 718 580 tres
751 537 881 579 horae
913 536 1176 590 quadrantes
1210 535 1383 578 tenebit.

366 617 403 656 5.
454 614 681 667 Nunquam
715 613 804 655 sine
835 612 931 654 libri
965 612 1143 665 alicujus
1183 611 1292 653 sacri
1325 623 1350 652 a
1381 611 1426 652 P.
1461 611 1681 653 Praefecto
1714 612 1960 665 assignandi

227 690 406 732 lectione
438 689 640 731 decurrat
662 688 901 741 prandium.
955 687 1117 729 Diebus
1150 687 1292 729 liberis
1325 686 1437 728 inter
1465 689 1634 729 caetera
1657 688 1962 740 praeleguntur

227 765 398 818 regulae
431 765 497 807 hic
529 763 791 817 praefinitae.
856 763 1046 805 Lectoris
1087 762 1168 804 erit
1210 762 1381 804 tractim
1414 763 1456 804 et
1486 775 1644 804 canora
1678 775 1778 804 voce
1820 763 1960 816 legere

227 844 355 894 atque
387 840 447 882 ita
481 840 727 893 dispensare
760 842 948 891 tempus,
982 840 1030 879 ut
1062 837 1284 879 dimidium
1316 837 1487 879 lectioni
1519 837 1697 890 latinae,
1742 837 1959 880 dimidium

227 916 505 959 Germanicae
537 915 772 961 tribuatur:
815 926 892 967 pro
925 912 1118 954 mercede
1158 912 1305 954 lectori
1338 912 1566 954 cerevisiae
1598 913 1688 955 loco
1720 916 1962 967 apponatur

226 992 527 1034 Breuhanium.
546 991 575 1044 ¹)

369 1071 404 1108 6.
455 1067 518 1109 Νο
549 1067 684 1109 lector
716 1065 992 1115 obturbetur,
1035 1064 1212 1120 nemini,
1253 1064 1395 1117 quoad
1428 1077 1574 1107 mensa
1613 1064 1760 1116 durat,
1801 1065 1962 1107 licitum

226 1143 282 1185 sit
324 1143 548 1196 quantavis
592 1142 644 1183 de
685 1154 814 1183 causa
856 1140 920 1182 vel
960 1140 1135 1191 mutire,
1184 1139 1338 1182 nedum
1378 1139 1692 1182 insolentiorem
1737 1140 1963 1194 strepitum

226 1218 427 1260 turbasve
461 1218 581 1260 ciere.
647 1217 807 1268 Quodsi
841 1217 986 1271 panis,
1028 1219 1155 1270 potus
1195 1215 1365 1257 aliudve
1397 1215 1641 1269 hujusmodi
1674 1215 1806 1271 desit,
1850 1216 1961 1258 elato

225 1294 265 1334 in
300 1294 434 1335 altum
466 1305 594 1348 pane,
637 1293 745 1334 vitro
789 1292 924 1334 aliove
956 1291 1274 1334 accommodato
1314 1291 1373 1333 rei
1407 1290 1616 1333 deficienti
1656 1290 1808 1333 indicio
1841 1291 1962 1333 Mini-

226 1373 314 1411 ster
345 1382 529 1420 mensae,
563 1372 611 1410 ut
642 1368 888 1422 prospiciat,
922 1367 1215 1409 admoneatur.

366 1447 402 1485 7.
451 1444 565 1485 Nulli
598 1444 661 1485 fas
695 1443 750 1485 sit
781 1455 932 1484 manus
965 1442 1006 1483 in
1040 1442 1231 1496 patinam
1267 1442 1393 1483 ullam
1426 1442 1658 1496 porrigere,
1692 1441 1772 1483 nisi
1806 1441 1905 1483 dato
1940 1454 1964 1483 a

226 1533 396 1562 mensae
427 1519 647 1562 Praefecto
680 1520 835 1561 tinnitu
868 1519 989 1561 nolae
1022 1518 1163 1571 sigum
1205 1521 1296 1560 tum
1329 1521 1472 1559 autem
1513 1517 1694 1571 quisque
1732 1530 1815 1560 non
1847 1516 1962 1570 quod

228 1595 497 1637 dextrorsum
531 1596 595 1637 vel
627 1595 921 1637 sinistrorsum
955 1597 1054 1636 ante
1087 1592 1258 1649 Socios,
1298 1593 1372 1635 sed
1412 1593 1526 1646 quod
1558 1606 1755 1647 prorsum
1789 1596 1888 1635 ante
1918 1607 1964 1635 se

231 1671 416 1724 positum
450 1670 622 1717 viderit.
667 1669 853 1723 arripiet.
919 1668 1041 1719 Quod
1074 1671 1123 1709 ut
1153 1668 1292 1710 minus
1326 1668 1579 1722 perturbate
1610 1667 1704 1720 fiat,
1747 1668 1962 1721 portiones

227 1759 391 1796 omnes,
433 1748 639 1799 quantum
673 1745 843 1798 quidem
875 1744 965 1786 fieri
996 1744 1177 1798 poterit,
1221 1748 1318 1785 ante
1351 1756 1540 1785 mensam
1584 1743 1636 1785 ab
1676 1743 1843 1798 hospite
1875 1743 1960 1786 fru-

230 1822 374 1863 statim
407 1821 568 1863 concidi
601 1824 730 1873 atque
760 1820 802 1861 111
835 1819 1034 1872 aequales
1068 1818 1301 1873 particulas
1334 1817 1464 1859 dividi
1498 1830 1668 1860 necesse
1700 1818 1791 1860 erit.

367 1910 403 1950 8.
454 1908 686 1951 Comedere
719 1908 772 1950 ad
805 1907 1046 1949 satietatem
1079 1907 1199 1961 licet,
1243 1918 1385 1948 secum
1419 1905 1579 1958 aliquid
1613 1904 1785 1947 domum
1819 1918 1964 1959 aspor-

231 1987 323 2026 tare
355 1984 658 2025 inconcessum.

368 2062 405 2099 9.
457 2058 644 2100 Sollicite
687 2060 889 2107 caveant,
936 2070 987 2100 ne
1031 2057 1071 2099 in
1115 2057 1205 2100 cibo
1249 2060 1406 2111 potuve
1454 2056 1762 2111 temperantiae
1809 2056 1962 2098 limites

231 2134 516 2187 egrediantur.

346 2210 410 2250 10.
453 2210 512 2251 Ut
543 2209 671 2264 cibos,
707 2222 813 2262 quos
846 2209 1081 2251 fortunavit
1114 2209 1227 2250 Deus
1262 2212 1305 2250 et
1339 2208 1544 2250 bonorum
1578 2206 1796 2248 hominum
1829 2207 1964 2248 muni-

231 2284 420 2340 ficentia7
460 2288 581 2337 grato
615 2288 785 2326 sumant
818 2298 913 2339 ore,
957 2289 1061 2337 quot
1093 2284 1241 2326 diebus
1285 2283 1427 2325 liberis
1461 2282 1599 2324 media
1642 2286 1741 2324 ante
1772 2294 1962 2324 mensam

232 2359 337 2401 hora
369 2360 636 2413 conveniunt,
670 2359 853 2402 officium
877 2359 1171 2402 defunctorum
1194 2371 1268 2412 pro
1292 2358 1371 2412 piis
1394 2356 1745 2399 benefacientium
1768 2357 1962 2399 manibus

228 2435 267 2475 in
303 2435 529 2477 coenaculo
563 2435 795 2477 recitaturi.
1926 2444 1943 2460 ὁ

371 2513 433 2551 11.
469 2511 551 2551 Pro
584 2509 732 2552 iisdem
766 2510 896 2552 semel
929 2510 980 2552 de
1011 2509 1276 2551 hebdomade
1310 2509 1472 2562 (excipe
1494 2508 1700 2561 maj0rem
1734 2506 1963 2548 hebdoma-

230 2584 343 2637 dem)
391 2585 517 2627 faciet
559 2585 611 2626 ad
652 2598 769 2626 aram
810 2585 854 2627 P.
896 2584 1163 2639 Praefectus,
1212 2583 1483 2626 audientibus
1525 2583 1592 2636 pie
1639 2594 1728 2624 rem
1777 2581 1960 2623 divinam

230 2658 499 2702 Scholasticis
533 2660 804 2713 pauperibus.

372 2736 434 2775 12.
484 2735 544 2777 Ut
586 2735 767 2788 primum
811 2734 1033 2789 clepsydra
1074 2733 1288 2786 efluxerit,
1333 2746 1501 2789 omnes,
1543 2733 1642 2775 dato
1685 2731 1961 2786 campanulae

233 2808 372 2863 signo,
420 2822 468 2850 ex
510 2822 656 2851 mensa
698 2813 882 2862 surgunt
928 2813 971 2852 et
1016 2812 1179 2851 stantes
1225 2811 1358 2861 agunt
1400 2809 1488 2850 Deo
1537 2808 1710 2860 gratias.
1779 2806 1960 2848 Posthac

231 2882 348 2924 flexis
383 2896 551 2924 rursum
585 2885 776 2939 genibus,
811 2885 993 2927 recitant
1014 2884 1223 2937 psalmum
1246 2883 1492 2925 Miserere
1521 2886 1563 2924 et
1585 2883 1652 2924 De
1673 2881 1957 2936 profundis.

374 2959 436 2999 13.
487 2957 664 3000 Sublata
696 2972 840 3001 mensa
873 2960 1036 3010 nullus,
1070 2962 1243 3012 excepto
1276 2958 1433 3000 lectore
1465 2970 1656 3009 mensae,
1695 2969 1739 2998 se
1772 2956 1960 2998 detineat

375 3120 395 3162 ¹)
425 3118 666 3152 Breuhaan
694 3118 780 3153 oder
806 3119 1010 3153 Broihan
1039 3119 1075 3152 in
1102 3117 1326 3152 Hildesheim
1354 3133 1396 3146 z
1423 3116 1692 3160 gew6hnliches
1719 3114 1926 3149 Weissbier.
