2164 3535
257 255 276 294 1
284 253 337 294 58
830 252 1039 297 Gymnasial
1049 273 1062 279 ·
1070 253 1284 298 Padagogik
1313 256 1411 292 1736.

827 567 869 610 5.
922 565 1407 623 Schuldisciplin.

666 682 740 723 De
787 682 1168 725 scholastica
1215 683 1565 737 disciplina.

917 762 1067 808 (Kropf
1088 773 1129 807 p.
1147 763 1226 799 226
1241 764 1315 808 ss.)

385 877 618 931 Disciplina
659 878 761 921 haec
798 882 983 933 quatuor
1023 880 1250 933 praecipue
1293 880 1420 922 rebus
1459 881 1727 923 continetur:
1775 881 1806 922 Ι.
1840 881 1978 934 Regu-

248 953 404 1008 larum,
437 956 529 994 tum
561 965 670 1006 quae
703 954 755 995 ad
787 967 924 996 mores
958 957 1048 995 tum
1081 967 1190 1008 quae
1222 955 1275 996 ad
1308 955 1452 997 literas
1485 956 1720 1010 pertinent,
1753 955 1969 1006 custodia3

246 1028 300 1069 Π.
334 1028 591 1081 Praescripti
625 1029 782 1071 ordinis
815 1030 1111 1072 observatione
1144 1035 1369 1076 accurata:
1412 1031 1488 1072 III.
1525 1031 1694 1086 Quiete,
1735 1031 1901 1073 silentio
1935 1034 1978 1073 et

244 1104 455 1146 modestia
486 1104 788 1158 conservanda,
823 1109 910 1146 tam
942 1105 984 1146 in
1017 1106 1125 1147 atrio
1159 1119 1286 1159 quam
1319 1107 1359 1147 in
1393 1106 1558 1157 schola3
1606 1107 1677 1148 IV.
1712 1106 1976 1148 Assiduitate

245 1179 374 1222 studii
407 1185 449 1221 et
480 1180 708 1222 sedulitate
741 1180 958 1233 exigenda.

383 1267 445 1308 De
473 1267 609 1320 primo
644 1266 729 1315 illo,
770 1266 884 1319 quod
917 1267 1045 1309 situm
1080 1272 1144 1310 est
1175 1269 1216 1310 in
1250 1268 1420 1321 regulis
1455 1267 1700 1321 disciplinae
1732 1269 1884 1322 capite,
1917 1269 1975 1311 sic

244 1341 346 1395 ipsis
385 1342 427 1383 in
470 1343 643 1396 Regulis
686 1342 884 1395 legimus:
948 1343 1222 1396 Disciplinam
1267 1356 1431 1385 omnem
1474 1343 1576 1385 nihil
1615 1356 1748 1397 aeque
1788 1344 1975 1387 continet

243 1421 371 1471 atque
405 1418 646 1459 observatio
680 1417 935 1471 regularum.
989 1418 1104 1460 Haec
1136 1419 1269 1472 igitur
1300 1419 1529 1472 praecipua
1561 1419 1616 1460 sit
1638 1419 1831 1472 Magistri
1856 1431 1971 1475 cura,

242 1497 290 1534 ut
320 1493 516 1548 discipuli
548 1497 639 1534 tum
673 1505 735 1545 ea,
769 1506 878 1547 quae
910 1493 951 1534 in
981 1506 1127 1535 eorum
1150 1494 1325 1547 Regillis
1347 1494 1574 1549 habentur,
1607 1494 1846 1545 observent,
1878 1497 1970 1536 tum

241 1581 312 1624 ea,
355 1581 464 1621 quae
506 1568 557 1610 de
598 1567 750 1610 studiis
793 1568 907 1610 dicta
945 1572 1066 1621 sunt,
1106 1572 1382 1622 exequantur.
1448 1569 1569 1620 Quod
1609 1583 1683 1623 spe
1723 1570 1894 1612 honoris
1930 1574 1973 1612 et

239 1644 417 1697 praemii
438 1647 641 1696 metuque
664 1643 882 1686 dedecoris
905 1644 1084 1693 facilius„
1118 1657 1246 1697 quam
1270 1644 1517 1686 verberibus
1548 1649 1844 1698 consequetur.
1887 1645 1972 1699 (Ita

239 1718 340 1771 Reg.
364 1719 417 1760 39
453 1718 588 1772 Com.)
650 1718 732 1760 Par
764 1722 829 1760 est
861 1722 1003 1761 autem
1037 1719 1213 1761 eandem
1246 1719 1492 1773 impendere
1525 1733 1670 1762 curam
1693 1720 1969 1762 observandis

238 1794 287 1836 iis
298 1827 308 1849 ,
348 1807 457 1847 quae
495 1807 571 1848 per
602 1794 812 1847 Maj0rum
844 1795 1133 1836 ordinationes
1166 1795 1400 1836 constituta
1431 1798 1722 1848 perpetuoque
1754 1807 1835 1837 usu
1868 1795 1970 1837 Pro-

239 1869 398 1910 vinciae
431 1869 706 1922 comprobata
738 1873 849 1911 sunt.
914 1869 970 1910 Et
1002 1869 1201 1922 quoniam
1235 1883 1329 1911 cum
1362 1882 1411 1911 ex
1443 1870 1507 1911 his
1540 1870 1656 1923 ipsis,
1699 1873 1789 1911 tum
1823 1883 1871 1912 ex
1904 1883 1968 1912 re—

237 1944 347 1997 gulis
381 1945 560 1986 maxime
592 1944 843 1997 desumptus
877 1947 941 1986 est
972 1945 1037 1986 hic
1071 1944 1249 1987 docendi
1280 1945 1447 1997 modus,
1480 1957 1606 1998 quem
1637 1945 1715 1986 hoc
1737 1945 1877 1987 libello
1901 1958 1968 1987 ex-

236 2019 446 2075 ponimus,
479 2019 710 2072 praecipua
741 2032 842 2060 sane
876 2019 1123 2072 disciplinae
1156 2020 1297 2072 posita
1329 2020 1410 2062 erit
1441 2020 1549 2061 ratio
1582 2021 1624 2061 in
1651 2033 1714 2074 eo,
1746 2024 1807 2071 ut,
1839 2033 1967 2074 quam

237 2094 537 2147 descripsimus
578 2094 806 2147 hactenus,
848 2094 1126 2136 scholasticae
1168 2095 1449 2138 institutionis
1487 2096 1735 2138 methodum
1769 2100 1967 2139 accurate

236 2171 380 2211 teneat
411 2170 617 2223 Magister
647 2171 689 2211 et
720 2173 939 2223 sequatur.

372 2258 435 2299 De
466 2258 622 2312 altero,
664 2258 778 2312 quod
811 2259 862 2300 ad
897 2255 1088 2301 ordinem
1121 2258 1289 2301 scholae
1322 2261 1506 2311 spectat„
1547 2258 1707 2300 dictum
1741 2260 1805 2300 est
1833 2271 1965 2312 supra

236 2332 384 2386 Capite
406 2336 431 2375 4
463 2333 554 2375 Art.
582 2337 616 2375 1.
680 2335 829 2387 Neque
861 2335 1031 2376 videtur
1064 2346 1113 2377 ea
1145 2347 1211 2376 res
1235 2334 1294 2375 ita
1316 2346 1441 2387 posse
1466 2347 1666 2387 unquam,
1699 2336 1747 2375 ut
1768 2334 1871 2375 satis
1895 2333 1964 2382 sit,

234 2408 449 2451 inculcari.
511 2409 785 2462 Disciplinam
819 2414 960 2451 autem
993 2410 1070 2451 hoc
1108 2409 1288 2462 amplius
1322 2409 1424 2450 ordo
1458 2409 1603 2463 juvat⁷
1646 2408 1760 2462 quod
1799 2410 1865 2462 (ut
1905 2408 1965 2450 ait

234 2483 458 2526 Iuvencius
482 2484 533 2525 de
555 2484 649 2525 Rat.
676 2484 764 2526 doc.
801 2497 832 2525 c.
858 2485 882 2525 3
915 2498 951 2526 a.
977 2485 1020 2537 3)
1054 2485 1155 2525 nihil
1189 2497 1323 2537 aeque
1355 2483 1498 2525 domet
1528 2483 1711 2525 indolem
1734 2496 1963 2537 puerorum

234 2559 441 2601 libertatis
473 2563 763 2611 amantiorem,
798 2563 927 2614 atque
961 2562 1190 2603 assiduitas
1222 2558 1419 2611 Magistri
1453 2558 1678 2614 vigilantis,
1712 2558 1960 2612 experrecti,

234 2634 287 2675 ad
318 2634 491 2675 minima
523 2648 718 2689 quaeque
751 2636 1058 2693 descendentis,
1093 2651 1142 2679 ex
1176 2635 1321 2677 ordine
1354 2634 1492 2675 omnia
1522 2634 1718 2675 minutim
1741 2634 1959 2686 exigentis.

373 2722 434 2763 De
466 2722 608 2774 quiete
641 2723 738 2764 atrii
771 2728 810 2765 et
845 2723 1085 2765 scholarum
1109 2722 1285 2765 diversis
1318 2721 1476 2773 regulis
1500 2720 1601 2763 haec
1623 2719 1960 2774 praecipiuntur:

233 2796 347 2837 Nihil
378 2809 516 2849 neque
550 2797 591 2838 in
625 2799 754 2849 atrio,
796 2811 931 2851 neque
973 2799 1014 2839 111
1048 2798 1222 2852 scholis,
1262 2796 1350 2849 pati
1383 2799 1552 2849 oportet
1582 2808 1817 2844 armorum,
1859 2795 1960 2836 nihil

232 2872 479 2927 otiosorum,
511 2872 614 2913 nihil
647 2873 1017 2915 concursationuin
1051 2875 1179 2926 atque
1202 2872 1456 2917 clamorum;
1490 2884 1565 2913 nec
1591 2872 1848 2924 juramenta,
1882 2883 1958 2912 nec

230 2947 408 3000 injurias
442 2948 569 2989 verbo
603 2951 678 2988 aut
708 2948 820 2989 facto
853 2948 1006 2989 illatas.
1060 2949 1147 2990 Nec
1178 2947 1448 2988 inhonestum
1471 2948 1546 2987 aut
1569 2946 1821 2987 dissolutum
1853 2945 1955 2998 quid

230 3021 271 3063 in
304 3023 364 3063 eis
397 3022 739 3076 permittendum.
796 3023 838 3063 Si
871 3023 973 3075 quid
1005 3023 1221 3077 acciderit,
1254 3025 1479 3074 componet
1510 3022 1653 3063 statim
1686 3021 1953 3071 Praefectus3

231 3099 273 3138 et
304 3110 397 3139 cuin
430 3099 609 3140 Rectore
641 3099 754 3150 agat,
786 3098 819 3138 si
852 3098 953 3149 quid
985 3100 1062 3147 est,
1096 3097 1210 3150 quod
1241 3096 1338 3138 atrii
1371 3096 1555 3149 quietem
1587 3096 1672 3137 ullo
1705 3095 1827 3136 modo
1859 3108 1953 3148 per—

232 3172 387 3213 turbet.
441 3173 653 3224 (116943,
689 3172 822 3212 Praei.
857 3172 968 3212 stud.
1003 3173 1092 3219 inf.)
1147 3171 1267 3222 Quod
1300 3171 1467 3223 quidem
1501 3171 1746 3212 mandatum
1779 3170 1952 3222 perinde

2144 2851 2157 2916 *³²2
2155 2820 2157 2831 Α

2142 3030 2154 3207 ψτ-μᾴ-Δᾈψ
2143 2918 2157 3016 „4-1-:22
