<?xml version="1.0" encoding="UTF-8"?>
<!DOCTYPE html PUBLIC "-//W3C//DTD XHTML 1.0 Transitional//EN"
    "http://www.w3.org/TR/xhtml1/DTD/xhtml1-transitional.dtd">
<html xmlns="http://www.w3.org/1999/xhtml" xml:lang="en" lang="en">
 <head>
  <title>
</title>
<meta http-equiv="Content-Type" content="text/html;charset=utf-8" />
  <meta name='ocr-system' content='tesseract 3.04.00' />
  <meta name='ocr-capabilities' content='ocr_page ocr_carea ocr_par ocr_line ocrx_word'/>
</head>
<body>
  <div class='ocr_page' id='page_1' title='image "./ratiostudiorumet16jesu_0514.png"; bbox 0 0 2164 3535; ppageno 0'>
   <div class='ocr_carea' id='block_1_1' title="bbox 219 211 1689 254">
    <p class='ocr_par' dir='ltr' id='par_1_1' title="bbox 219 211 1689 254">
     <span class='ocr_line' id='line_1_1' title="bbox 219 211 1689 254; baseline 0.002 -9"><span class='ocrx_word' id='word_1_1' title='bbox 219 214 304 254; x_wconf 85' lang='lat'>490</span> <span class='ocrx_word' id='word_1_2' title='bbox 482 211 693 247; x_wconf 86' lang='lat' dir='ltr'>Beibericht</span> <span class='ocrx_word' id='word_1_3' title='bbox 719 212 783 246; x_wconf 87' lang='lat' dir='ltr'>der</span> <span class='ocrx_word' id='word_1_4' title='bbox 810 211 1239 246; x_wconf 63' lang='lat' dir='ltr'>Studien-Kommissiire</span> <span class='ocrx_word' id='word_1_5' title='bbox 1266 223 1330 247; x_wconf 87' lang='lat' dir='ltr'>zur</span> <span class='ocrx_word' id='word_1_6' title='bbox 1354 212 1396 247; x_wconf 82' lang='lat' dir='ltr'>R.</span> <span class='ocrx_word' id='word_1_7' title='bbox 1424 217 1466 247; x_wconf 85' lang='lat' dir='ltr'>st.</span> <span class='ocrx_word' id='word_1_8' title='bbox 1493 223 1559 248; x_wconf 91' lang='lat' dir='ltr'>von</span> <span class='ocrx_word' id='word_1_9' title='bbox 1589 216 1689 250; x_wconf 81' lang='lat'>1832.</span> 
     </span>
    </p>
   </div>
   <div class='ocr_carea' id='block_1_2' title="bbox 757 504 1404 571">
    <p class='ocr_par' dir='ltr' id='par_1_2' title="bbox 757 504 1404 571">
     <span class='ocr_line' id='line_1_2' title="bbox 757 504 1404 571; baseline 0.002 -18"><span class='ocrx_word' id='word_1_10' title='bbox 757 504 946 571; x_wconf 82' lang='lat' dir='ltr'>Leges</span> <span class='ocrx_word' id='word_1_11' title='bbox 988 505 1404 555; x_wconf 80' lang='lat' dir='ltr'>Praemioruni.</span> 
     </span>
    </p>
   </div>
   <div class='ocr_carea' id='block_1_3' title="bbox 217 644 1949 775">
    <p class='ocr_par' dir='ltr' id='par_1_3' title="bbox 217 644 1949 775">
     <span class='ocr_line' id='line_1_3' title="bbox 355 644 1949 698; baseline 0 -11"><span class='ocrx_word' id='word_1_12' title='bbox 355 645 404 687; x_wconf 91' lang='lat' dir='ltr'>N.</span> <span class='ocrx_word' id='word_1_13' title='bbox 430 646 504 689; x_wconf 81' lang='lat'>95.</span> <span class='ocrx_word' id='word_1_14' title='bbox 566 645 638 687; x_wconf 90' lang='lat' dir='ltr'>Ad</span> <span class='ocrx_word' id='word_1_15' title='bbox 673 657 773 698; x_wconf 82' lang='lat' dir='ltr'>reg.</span> <span class='ocrx_word' id='word_1_16' title='bbox 801 647 836 686; x_wconf 86' lang='lat'>1.</span> <span class='ocrx_word' id='word_1_17' title='bbox 898 644 1105 686; x_wconf 85' lang='lat' dir='ltr'>Addenda</span> <span class='ocrx_word' id='word_1_18' title='bbox 1136 646 1311 687; x_wconf 87' lang='lat' dir='ltr'>fuerunt</span> <span class='ocrx_word' id='word_1_19' title='bbox 1342 645 1533 698; x_wconf 88' lang='lat' dir='ltr'>praemia</span> <span class='ocrx_word' id='word_1_20' title='bbox 1564 658 1641 698; x_wconf 86' lang='lat' dir='ltr'>pro</span> <span class='ocrx_word' id='word_1_21' title='bbox 1673 644 1949 688; x_wconf 87' lang='lat' dir='ltr'>facultatibus</span> 
     </span>
     <span class='ocr_line' id='line_1_4' title="bbox 217 720 1595 775; baseline -0.001 -13"><span class='ocrx_word' id='word_1_22' title='bbox 217 720 482 775; x_wconf 77' lang='lat' dir='ltr'>accessoriis,</span> <span class='ocrx_word' id='word_1_23' title='bbox 514 724 562 762; x_wconf 78' lang='lat' dir='ltr'>ut.</span> <span class='ocrx_word' id='word_1_24' title='bbox 594 720 707 763; x_wconf 87' lang='lat' dir='ltr'>adsit</span> <span class='ocrx_word' id='word_1_25' title='bbox 738 721 866 762; x_wconf 85' lang='lat' dir='ltr'>etiam</span> <span class='ocrx_word' id='word_1_26' title='bbox 898 720 941 761; x_wconf 90' lang='lat' dir='ltr'>in</span> <span class='ocrx_word' id='word_1_27' title='bbox 972 720 1023 762; x_wconf 90' lang='lat' dir='ltr'>iis</span> <span class='ocrx_word' id='word_1_28' title='bbox 1057 720 1354 762; x_wconf 77' lang='lat' dir='ltr'>aemulationis</span> <span class='ocrx_word' id='word_1_29' title='bbox 1387 720 1595 763; x_wconf 90' lang='lat' dir='ltr'>stimulus.</span> 
     </span>
    </p>
   </div>
   <div class='ocr_carea' id='block_1_4' title="bbox 217 812 1950 942">
    <p class='ocr_par' dir='ltr' id='par_1_4' title="bbox 217 812 1950 942">
     <span class='ocr_line' id='line_1_5' title="bbox 354 812 1950 868; baseline 0.001 -13"><span class='ocrx_word' id='word_1_30' title='bbox 354 813 404 855; x_wconf 88' lang='lat' dir='ltr'>N.</span> <span class='ocrx_word' id='word_1_31' title='bbox 429 813 507 857; x_wconf 84' lang='lat'>96.</span> <span class='ocrx_word' id='word_1_32' title='bbox 560 812 630 855; x_wconf 91' lang='lat' dir='ltr'>Ad</span> <span class='ocrx_word' id='word_1_33' title='bbox 663 825 750 865; x_wconf 81' lang='lat' dir='ltr'>reg</span> <span class='ocrx_word' id='word_1_34' title='bbox 787 814 824 854; x_wconf 79' lang='lat'>2.</span> <span class='ocrx_word' id='word_1_35' title='bbox 878 813 1112 855; x_wconf 88' lang='lat' dir='ltr'>Immutata</span> <span class='ocrx_word' id='word_1_36' title='bbox 1144 816 1223 868; x_wconf 85' lang='lat' dir='ltr'>est,</span> <span class='ocrx_word' id='word_1_37' title='bbox 1256 816 1305 855; x_wconf 90' lang='lat' dir='ltr'>ut</span> <span class='ocrx_word' id='word_1_38' title='bbox 1336 813 1547 855; x_wconf 88' lang='lat' dir='ltr'>scribendi</span> <span class='ocrx_word' id='word_1_39' title='bbox 1579 817 1794 856; x_wconf 84' lang='lat' dir='ltr'>certamen</span> <span class='ocrx_word' id='word_1_40' title='bbox 1822 814 1950 856; x_wconf 88' lang='lat' dir='ltr'>etiam</span> 
     </span>
     <span class='ocr_line' id='line_1_6' title="bbox 217 887 1188 942; baseline -0.001 -11"><span class='ocrx_word' id='word_1_41' title='bbox 217 888 464 931; x_wconf 80' lang='lat' dir='ltr'>accessoriis</span> <span class='ocrx_word' id='word_1_42' title='bbox 495 887 773 931; x_wconf 87' lang='lat' dir='ltr'>facultatibus</span> <span class='ocrx_word' id='word_1_43' title='bbox 806 888 1010 942; x_wconf 88' lang='lat' dir='ltr'>applicari</span> <span class='ocrx_word' id='word_1_44' title='bbox 1043 889 1188 942; x_wconf 82' lang='lat' dir='ltr'>possit.</span> 
     </span>
    </p>
   </div>
   <div class='ocr_carea' id='block_1_5' title="bbox 216 980 1951 1338">
    <p class='ocr_par' dir='ltr' id='par_1_5' title="bbox 216 980 1951 1338">
     <span class='ocr_line' id='line_1_7' title="bbox 354 980 1950 1037; baseline 0.001 -14"><span class='ocrx_word' id='word_1_45' title='bbox 354 981 403 1023; x_wconf 88' lang='lat' dir='ltr'>N.</span> <span class='ocrx_word' id='word_1_46' title='bbox 430 982 501 1025; x_wconf 89' lang='lat'>97.</span> <span class='ocrx_word' id='word_1_47' title='bbox 563 980 634 1022; x_wconf 89' lang='lat' dir='ltr'>Ad</span> <span class='ocrx_word' id='word_1_48' title='bbox 666 993 766 1034; x_wconf 83' lang='lat' dir='ltr'>reg.</span> <span class='ocrx_word' id='word_1_49' title='bbox 793 983 830 1022; x_wconf 82' lang='lat'>5.</span> <span class='ocrx_word' id='word_1_50' title='bbox 896 980 1002 1023; x_wconf 88' lang='lat' dir='ltr'>Cum</span> <span class='ocrx_word' id='word_1_51' title='bbox 1034 994 1190 1035; x_wconf 80' lang='lat' dir='ltr'>magna</span> <span class='ocrx_word' id='word_1_52' title='bbox 1221 985 1334 1025; x_wconf 86' lang='lat' dir='ltr'>esset</span> <span class='ocrx_word' id='word_1_53' title='bbox 1365 982 1610 1036; x_wconf 88' lang='lat' dir='ltr'>opinionum</span> <span class='ocrx_word' id='word_1_54' title='bbox 1651 981 1950 1037; x_wconf 80' lang='lat' dir='ltr'>discrepantia,</span> 
     </span>
     <span class='ocr_line' id='line_1_8' title="bbox 218 1056 1950 1113; baseline -0.001 -14"><span class='ocrx_word' id='word_1_55' title='bbox 218 1060 364 1099; x_wconf 86' lang='lat' dir='ltr'>utrum</span> <span class='ocrx_word' id='word_1_56' title='bbox 398 1056 608 1098; x_wconf 88' lang='lat' dir='ltr'>scribendi</span> <span class='ocrx_word' id='word_1_57' title='bbox 641 1057 826 1110; x_wconf 86' lang='lat' dir='ltr'>spatium</span> <span class='ocrx_word' id='word_1_58' title='bbox 864 1069 999 1110; x_wconf 85' lang='lat' dir='ltr'>usque</span> <span class='ocrx_word' id='word_1_59' title='bbox 1022 1056 1074 1098; x_wconf 85' lang='lat' dir='ltr'>ad</span> <span class='ocrx_word' id='word_1_60' title='bbox 1108 1069 1327 1100; x_wconf 86' lang='lat' dir='ltr'>occassum</span> <span class='ocrx_word' id='word_1_61' title='bbox 1351 1057 1450 1100; x_wconf 91' lang='lat' dir='ltr'>solis</span> <span class='ocrx_word' id='word_1_62' title='bbox 1483 1057 1801 1111; x_wconf 82' lang='lat' dir='ltr'>prorogandum</span> <span class='ocrx_word' id='word_1_63' title='bbox 1824 1060 1950 1113; x_wconf 84' lang='lat' dir='ltr'>esset,</span> 
     </span>
     <span class='ocr_line' id='line_1_9' title="bbox 216 1131 1950 1186; baseline 0 -12"><span class='ocrx_word' id='word_1_64' title='bbox 216 1131 494 1174; x_wconf 88' lang='lat' dir='ltr'>statuendum</span> <span class='ocrx_word' id='word_1_65' title='bbox 527 1132 786 1185; x_wconf 75' lang='lat' dir='ltr'>putavimus,</span> <span class='ocrx_word' id='word_1_66' title='bbox 819 1135 868 1174; x_wconf 93' lang='lat' dir='ltr'>ut</span> <span class='ocrx_word' id='word_1_67' title='bbox 889 1133 1045 1174; x_wconf 83' lang='lat' dir='ltr'>Rector</span> <span class='ocrx_word' id='word_1_68' title='bbox 1068 1131 1244 1185; x_wconf 83' lang='lat' dir='ltr'>Collegii</span> <span class='ocrx_word' id='word_1_69' title='bbox 1277 1145 1354 1185; x_wconf 90' lang='lat' dir='ltr'>pro</span> <span class='ocrx_word' id='word_1_70' title='bbox 1387 1145 1465 1175; x_wconf 86' lang='lat' dir='ltr'>sna</span> <span class='ocrx_word' id='word_1_71' title='bbox 1495 1132 1725 1186; x_wconf 88' lang='lat' dir='ltr'>prudentia</span> <span class='ocrx_word' id='word_1_72' title='bbox 1756 1135 1799 1174; x_wconf 91' lang='lat' dir='ltr'>et</span> <span class='ocrx_word' id='word_1_73' title='bbox 1823 1133 1950 1186; x_wconf 75' lang='lat' dir='ltr'>Juxta</span> 
     </span>
     <span class='ocr_line' id='line_1_10' title="bbox 217 1207 1951 1261; baseline 0 -12"><span class='ocrx_word' id='word_1_74' title='bbox 217 1221 340 1250; x_wconf 89' lang='lat' dir='ltr'>usum</span> <span class='ocrx_word' id='word_1_75' title='bbox 384 1208 605 1261; x_wconf 83' lang='lat' dir='ltr'>regionum</span> <span class='ocrx_word' id='word_1_76' title='bbox 636 1210 806 1261; x_wconf 87' lang='lat' dir='ltr'>tempus</span> <span class='ocrx_word' id='word_1_77' title='bbox 839 1207 1032 1260; x_wconf 81' lang='lat' dir='ltr'>definiat,</span> <span class='ocrx_word' id='word_1_78' title='bbox 1075 1208 1198 1250; x_wconf 87' lang='lat' dir='ltr'>modo</span> <span class='ocrx_word' id='word_1_79' title='bbox 1232 1208 1347 1250; x_wconf 89' lang='lat' dir='ltr'>ultra</span> <span class='ocrx_word' id='word_1_80' title='bbox 1379 1220 1575 1251; x_wconf 88' lang='lat' dir='ltr'>occasum</span> <span class='ocrx_word' id='word_1_81' title='bbox 1608 1208 1708 1250; x_wconf 90' lang='lat' dir='ltr'>solis</span> <span class='ocrx_word' id='word_1_82' title='bbox 1741 1220 1823 1249; x_wconf 91' lang='lat' dir='ltr'>non</span> <span class='ocrx_word' id='word_1_83' title='bbox 1856 1219 1951 1261; x_wconf 93' lang='lat' dir='ltr'>pro-</span> 
     </span>
     <span class='ocr_line' id='line_1_11' title="bbox 218 1282 1861 1338; baseline -0.001 -14"><span class='ocrx_word' id='word_1_84' title='bbox 218 1282 438 1333; x_wconf 77' lang='lat' dir='ltr'>trahatur3</span> <span class='ocrx_word' id='word_1_85' title='bbox 472 1283 566 1325; x_wconf 89' lang='lat' dir='ltr'>dein</span> <span class='ocrx_word' id='word_1_86' title='bbox 599 1283 917 1338; x_wconf 87' lang='lat' dir='ltr'>insinuandum,</span> <span class='ocrx_word' id='word_1_87' title='bbox 950 1295 1002 1324; x_wconf 89' lang='lat' dir='ltr'>ne</span> <span class='ocrx_word' id='word_1_88' title='bbox 1037 1283 1151 1325; x_wconf 90' lang='lat' dir='ltr'>ultra</span> <span class='ocrx_word' id='word_1_89' title='bbox 1184 1285 1207 1324; x_wconf 78' lang='lat'>5</span> <span class='ocrx_word' id='word_1_90' title='bbox 1232 1283 1297 1324; x_wconf 89' lang='lat' dir='ltr'>vel</span> <span class='ocrx_word' id='word_1_91' title='bbox 1330 1295 1402 1325; x_wconf 84' lang='lat' dir='ltr'>sex</span> <span class='ocrx_word' id='word_1_92' title='bbox 1432 1283 1560 1325; x_wconf 87' lang='lat' dir='ltr'>horas</span> <span class='ocrx_word' id='word_1_93' title='bbox 1593 1282 1861 1325; x_wconf 86' lang='lat' dir='ltr'>extendatur.</span> 
     </span>
    </p>
   </div>
   <div class='ocr_carea' id='block_1_6' title="bbox 214 1375 1951 1581">
    <p class='ocr_par' dir='ltr' id='par_1_6' title="bbox 214 1375 1951 1581">
     <span class='ocr_line' id='line_1_12' title="bbox 355 1375 1951 1431; baseline 0.001 -15"><span class='ocrx_word' id='word_1_94' title='bbox 355 1376 403 1417; x_wconf 85' lang='lat' dir='ltr'>N.</span> <span class='ocrx_word' id='word_1_95' title='bbox 429 1376 503 1420; x_wconf 83' lang='lat'>98.</span> <span class='ocrx_word' id='word_1_96' title='bbox 555 1375 627 1417; x_wconf 92' lang='lat' dir='ltr'>Ad</span> <span class='ocrx_word' id='word_1_97' title='bbox 658 1388 755 1429; x_wconf 84' lang='lat' dir='ltr'>reg.</span> <span class='ocrx_word' id='word_1_98' title='bbox 782 1377 819 1418; x_wconf 81' lang='lat'>8.</span> <span class='ocrx_word' id='word_1_99' title='bbox 877 1379 926 1418; x_wconf 77' lang='grc'>19</span> <span class='ocrx_word' id='word_1_100' title='bbox 960 1375 1386 1430; x_wconf 83' lang='lat' dir='ltr'>Statuimusjudices</span> <span class='ocrx_word' id='word_1_101' title='bbox 1419 1375 1544 1417; x_wconf 90' lang='lat' dir='ltr'>duos</span> <span class='ocrx_word' id='word_1_102' title='bbox 1578 1375 1655 1418; x_wconf 88' lang='lat' dir='ltr'>vel</span> <span class='ocrx_word' id='word_1_103' title='bbox 1690 1378 1819 1431; x_wconf 82' lang='lat' dir='ltr'>treS,</span> <span class='ocrx_word' id='word_1_104' title='bbox 1851 1375 1951 1429; x_wconf 79' lang='lat' dir='ltr'>quia</span> 
     </span>
     <span class='ocr_line' id='line_1_13' title="bbox 214 1450 1950 1507; baseline -0.001 -13"><span class='ocrx_word' id='word_1_105' title='bbox 214 1452 249 1494; x_wconf 88' lang='lat' dir='ltr'>si</span> <span class='ocrx_word' id='word_1_106' title='bbox 282 1452 393 1493; x_wconf 90' lang='lat' dir='ltr'>inter</span> <span class='ocrx_word' id='word_1_107' title='bbox 425 1451 530 1494; x_wconf 88' lang='lat' dir='ltr'>duos</span> <span class='ocrx_word' id='word_1_108' title='bbox 564 1456 629 1494; x_wconf 89' lang='lat' dir='ltr'>est</span> <span class='ocrx_word' id='word_1_109' title='bbox 661 1451 910 1507; x_wconf 89' lang='lat' dir='ltr'>concordia,</span> <span class='ocrx_word' id='word_1_110' title='bbox 943 1452 1059 1494; x_wconf 88' lang='lat' dir='ltr'>tertii</span> <span class='ocrx_word' id='word_1_111' title='bbox 1091 1452 1241 1494; x_wconf 87' lang='lat' dir='ltr'>inutile</span> <span class='ocrx_word' id='word_1_112' title='bbox 1274 1455 1340 1494; x_wconf 88' lang='lat' dir='ltr'>est</span> <span class='ocrx_word' id='word_1_113' title='bbox 1364 1451 1595 1505; x_wconf 76' lang='lat' dir='ltr'>judiciu1n3</span> <span class='ocrx_word' id='word_1_114' title='bbox 1629 1451 1752 1505; x_wconf 89' lang='lat' dir='ltr'>proin</span> <span class='ocrx_word' id='word_1_115' title='bbox 1785 1450 1852 1493; x_wconf 91' lang='lat' dir='ltr'>hic</span> <span class='ocrx_word' id='word_1_116' title='bbox 1885 1462 1950 1493; x_wconf 91' lang='lat' dir='ltr'>so-</span> 
     </span>
     <span class='ocr_line' id='line_1_14' title="bbox 216 1527 1480 1581; baseline 0 -12"><span class='ocrx_word' id='word_1_117' title='bbox 216 1527 304 1569; x_wconf 90' lang='lat' dir='ltr'>lum</span> <span class='ocrx_word' id='word_1_118' title='bbox 338 1527 498 1569; x_wconf 88' lang='lat' dir='ltr'>assumi</span> <span class='ocrx_word' id='word_1_119' title='bbox 531 1527 657 1570; x_wconf 89' lang='lat' dir='ltr'>debet</span> <span class='ocrx_word' id='word_1_120' title='bbox 688 1527 729 1569; x_wconf 90' lang='lat' dir='ltr'>in</span> <span class='ocrx_word' id='word_1_121' title='bbox 764 1540 864 1569; x_wconf 89' lang='lat' dir='ltr'>casu</span> <span class='ocrx_word' id='word_1_122' title='bbox 898 1527 1135 1570; x_wconf 82' lang='lat' dir='ltr'>discordiae</span> <span class='ocrx_word' id='word_1_123' title='bbox 1167 1527 1480 1581; x_wconf 82' lang='lat' dir='ltr'>suffragiorum.</span> 
     </span>
    </p>
   </div>
   <div class='ocr_carea' id='block_1_7' title="bbox 214 1619 1952 1815">
    <p class='ocr_par' dir='ltr' id='par_1_7' title="bbox 214 1619 1952 1815">
     <span class='ocr_line' id='line_1_15' title="bbox 354 1619 1948 1676; baseline -0.001 -14"><span class='ocrx_word' id='word_1_124' title='bbox 354 1622 405 1663; x_wconf 73' lang='lat'>29</span> <span class='ocrx_word' id='word_1_125' title='bbox 442 1621 739 1674; x_wconf 82' lang='lat' dir='ltr'>Expungimus</span> <span class='ocrx_word' id='word_1_126' title='bbox 776 1632 932 1661; x_wconf 89' lang='lat' dir='ltr'>»unum</span> <span class='ocrx_word' id='word_1_127' title='bbox 959 1623 1034 1661; x_wconf 86' lang='lat' dir='ltr'>aut</span> <span class='ocrx_word' id='word_1_128' title='bbox 1066 1621 1292 1676; x_wconf 86' lang='lat' dir='ltr'>alterum«,</span> <span class='ocrx_word' id='word_1_129' title='bbox 1327 1620 1427 1674; x_wconf 86' lang='lat' dir='ltr'>quia</span> <span class='ocrx_word' id='word_1_130' title='bbox 1458 1620 1499 1661; x_wconf 88' lang='lat' dir='ltr'>in</span> <span class='ocrx_word' id='word_1_131' title='bbox 1532 1619 1746 1673; x_wconf 87' lang='lat' dir='ltr'>plerisque</span> <span class='ocrx_word' id='word_1_132' title='bbox 1779 1619 1948 1673; x_wconf 89' lang='lat' dir='ltr'>provin-</span> 
     </span>
     <span class='ocr_line' id='line_1_16' title="bbox 216 1695 1952 1751; baseline -0.002 -12"><span class='ocrx_word' id='word_1_133' title='bbox 216 1696 288 1739; x_wconf 92' lang='lat' dir='ltr'>ciis</span> <span class='ocrx_word' id='word_1_134' title='bbox 306 1697 395 1750; x_wconf 83' lang='lat' dir='ltr'>jam</span> <span class='ocrx_word' id='word_1_135' title='bbox 429 1710 519 1739; x_wconf 85' lang='lat' dir='ltr'>mos</span> <span class='ocrx_word' id='word_1_136' title='bbox 551 1696 744 1751; x_wconf 79' lang='lat' dir='ltr'>invaluit,</span> <span class='ocrx_word' id='word_1_137' title='bbox 778 1698 826 1736; x_wconf 85' lang='lat' dir='ltr'>ut</span> <span class='ocrx_word' id='word_1_138' title='bbox 850 1695 944 1748; x_wconf 90' lang='lat' dir='ltr'>plus</span> <span class='ocrx_word' id='word_1_139' title='bbox 979 1708 1106 1749; x_wconf 89' lang='lat' dir='ltr'>quam</span> <span class='ocrx_word' id='word_1_140' title='bbox 1131 1709 1241 1737; x_wconf 89' lang='lat' dir='ltr'>unus</span> <span class='ocrx_word' id='word_1_141' title='bbox 1275 1700 1350 1737; x_wconf 86' lang='lat' dir='ltr'>aut</span> <span class='ocrx_word' id='word_1_142' title='bbox 1372 1696 1481 1738; x_wconf 85' lang='lat' dir='ltr'>alter</span> <span class='ocrx_word' id='word_1_143' title='bbox 1511 1698 1731 1748; x_wconf 85' lang='lat' dir='ltr'>tamquam</span> <span class='ocrx_word' id='word_1_144' title='bbox 1757 1707 1952 1737; x_wconf 85' lang='lat' dir='ltr'>accessor</span> 
     </span>
     <span class='ocr_line' id='line_1_17' title="bbox 214 1773 468 1815; baseline -0.004 -1"><span class='ocrx_word' id='word_1_145' title='bbox 214 1773 468 1815; x_wconf 87' lang='lat' dir='ltr'>nominetur.</span> 
     </span>
    </p>
   </div>
   <div class='ocr_carea' id='block_1_8' title="bbox 215 1863 1951 2295">
    <p class='ocr_par' dir='ltr' id='par_1_8' title="bbox 215 1863 1951 2295">
     <span class='ocr_line' id='line_1_18' title="bbox 354 1863 1951 1918; baseline -0.002 -11"><span class='ocrx_word' id='word_1_146' title='bbox 354 1865 403 1907; x_wconf 91' lang='lat' dir='ltr'>N.</span> <span class='ocrx_word' id='word_1_147' title='bbox 429 1867 507 1909; x_wconf 92' lang='lat'>99.</span> <span class='ocrx_word' id='word_1_148' title='bbox 571 1865 640 1906; x_wconf 90' lang='lat' dir='ltr'>Ad</span> <span class='ocrx_word' id='word_1_149' title='bbox 673 1868 832 1918; x_wconf 74' lang='lat' dir='ltr'>1·eg.5).</span> <span class='ocrx_word' id='word_1_150' title='bbox 896 1864 1052 1907; x_wconf 87' lang='lat' dir='ltr'>Addita</span> <span class='ocrx_word' id='word_1_151' title='bbox 1084 1868 1149 1907; x_wconf 87' lang='lat' dir='ltr'>est</span> <span class='ocrx_word' id='word_1_152' title='bbox 1180 1865 1221 1906; x_wconf 90' lang='lat' dir='ltr'>in</span> <span class='ocrx_word' id='word_1_153' title='bbox 1254 1864 1335 1906; x_wconf 82' lang='lat' dir='ltr'>fine</span> <span class='ocrx_word' id='word_1_154' title='bbox 1368 1864 1561 1906; x_wconf 86' lang='lat' dir='ltr'>clausula</span> <span class='ocrx_word' id='word_1_155' title='bbox 1596 1864 1726 1906; x_wconf 90' lang='lat' dir='ltr'>»nisi</span> <span class='ocrx_word' id='word_1_156' title='bbox 1759 1863 1951 1905; x_wconf 87' lang='lat' dir='ltr'>alicubi</span> 
     </span>
     <span class='ocr_line' id='line_1_19' title="bbox 216 1939 1951 1994; baseline -0.002 -11"><span class='ocrx_word' id='word_1_157' title='bbox 216 1944 347 1991; x_wconf 68' lang='lat' dir='ltr'>etc«,</span> <span class='ocrx_word' id='word_1_158' title='bbox 380 1942 479 1994; x_wconf 83' lang='lat' dir='ltr'>quia</span> <span class='ocrx_word' id='word_1_159' title='bbox 511 1942 549 1983; x_wconf 89' lang='lat' dir='ltr'>in</span> <span class='ocrx_word' id='word_1_160' title='bbox 584 1940 839 1994; x_wconf 86' lang='lat' dir='ltr'>quibusdam</span> <span class='ocrx_word' id='word_1_161' title='bbox 873 1940 1131 1993; x_wconf 74' lang='lat' dir='ltr'>regionibus,</span> <span class='ocrx_word' id='word_1_162' title='bbox 1163 1940 1352 1993; x_wconf 85' lang='lat' dir='ltr'>praemia</span> <span class='ocrx_word' id='word_1_163' title='bbox 1384 1939 1584 1992; x_wconf 88' lang='lat' dir='ltr'>praemiis</span> <span class='ocrx_word' id='word_1_164' title='bbox 1618 1939 1835 1981; x_wconf 86' lang='lat' dir='ltr'>cumulare</span> <span class='ocrx_word' id='word_1_165' title='bbox 1867 1951 1951 1981; x_wconf 90' lang='lat' dir='ltr'>non</span> 
     </span>
     <span class='ocr_line' id='line_1_20' title="bbox 215 2014 1951 2068; baseline -0.001 -11"><span class='ocrx_word' id='word_1_166' title='bbox 215 2016 331 2057; x_wconf 88' lang='lat' dir='ltr'>licet:</span> <span class='ocrx_word' id='word_1_167' title='bbox 381 2015 493 2057; x_wconf 88' lang='lat' dir='ltr'>unde</span> <span class='ocrx_word' id='word_1_168' title='bbox 540 2016 734 2068; x_wconf 84' lang='lat' dir='ltr'>quamvis</span> <span class='ocrx_word' id='word_1_169' title='bbox 778 2015 849 2068; x_wconf 88' lang='lat' dir='ltr'>qui</span> <span class='ocrx_word' id='word_1_170' title='bbox 891 2014 1031 2056; x_wconf 90' lang='lat' dir='ltr'>meriti</span> <span class='ocrx_word' id='word_1_171' title='bbox 1073 2018 1175 2056; x_wconf 89' lang='lat' dir='ltr'>sunt</span> <span class='ocrx_word' id='word_1_172' title='bbox 1214 2014 1487 2056; x_wconf 85' lang='lat' dir='ltr'>nominentur</span> <span class='ocrx_word' id='word_1_173' title='bbox 1518 2014 1661 2067; x_wconf 76' lang='lat' dir='ltr'>primi,</span> <span class='ocrx_word' id='word_1_174' title='bbox 1714 2014 1951 2068; x_wconf 87' lang='lat' dir='ltr'>praemium</span> 
     </span>
     <span class='ocr_line' id='line_1_21' title="bbox 216 2089 1949 2143; baseline -0.001 -11"><span class='ocrx_word' id='word_1_175' title='bbox 216 2094 356 2132; x_wconf 82' lang='lat' dir='ltr'>tamen</span> <span class='ocrx_word' id='word_1_176' title='bbox 390 2091 546 2133; x_wconf 82' lang='lat' dir='ltr'>transit</span> <span class='ocrx_word' id='word_1_177' title='bbox 578 2091 630 2132; x_wconf 91' lang='lat' dir='ltr'>ad</span> <span class='ocrx_word' id='word_1_178' title='bbox 664 2091 898 2132; x_wconf 88' lang='lat' dir='ltr'>secundum</span> <span class='ocrx_word' id='word_1_179' title='bbox 931 2090 1237 2141; x_wconf 80' lang='lat' dir='ltr'>haereditario,</span> <span class='ocrx_word' id='word_1_180' title='bbox 1272 2094 1320 2131; x_wconf 87' lang='lat' dir='ltr'>ut</span> <span class='ocrx_word' id='word_1_181' title='bbox 1351 2091 1491 2143; x_wconf 86' lang='lat' dir='ltr'>ajunt,</span> <span class='ocrx_word' id='word_1_182' title='bbox 1519 2090 1616 2143; x_wconf 89' lang='lat' dir='ltr'>jure</span> <span class='ocrx_word' id='word_1_183' title='bbox 1692 2089 1949 2143; x_wconf 89' lang='lat' dir='ltr'>Hujusmodi</span> 
     </span>
     <span class='ocr_line' id='line_1_22' title="bbox 215 2164 1950 2221; baseline -0.001 -13"><span class='ocrx_word' id='word_1_184' title='bbox 215 2166 480 2209; x_wconf 85' lang='lat' dir='ltr'>transmissio</span> <span class='ocrx_word' id='word_1_185' title='bbox 523 2167 665 2208; x_wconf 88' lang='lat' dir='ltr'>fovere</span> <span class='ocrx_word' id='word_1_186' title='bbox 706 2169 850 2219; x_wconf 86' lang='lat' dir='ltr'>potest</span> <span class='ocrx_word' id='word_1_187' title='bbox 891 2165 1175 2219; x_wconf 85' lang='lat' dir='ltr'>quorumdam</span> <span class='ocrx_word' id='word_1_188' title='bbox 1218 2166 1504 2221; x_wconf 74' lang='lat' dir='ltr'>alacritatem,</span> <span class='ocrx_word' id='word_1_189' title='bbox 1553 2165 1625 2219; x_wconf 88' lang='lat' dir='ltr'>qui</span> <span class='ocrx_word' id='word_1_190' title='bbox 1668 2164 1854 2219; x_wconf 88' lang='lat' dir='ltr'>alioquin</span> <span class='ocrx_word' id='word_1_191' title='bbox 1899 2164 1950 2206; x_wconf 90' lang='lat' dir='ltr'>de</span> 
     </span>
     <span class='ocr_line' id='line_1_23' title="bbox 215 2241 930 2295; baseline -0.003 -12"><span class='ocrx_word' id='word_1_192' title='bbox 215 2242 400 2295; x_wconf 89' lang='lat' dir='ltr'>primatu</span> <span class='ocrx_word' id='word_1_193' title='bbox 433 2254 609 2295; x_wconf 88' lang='lat' dir='ltr'>prorsus</span> <span class='ocrx_word' id='word_1_194' title='bbox 643 2241 930 2294; x_wconf 88' lang='lat' dir='ltr'>desperarent.</span> 
     </span>
    </p>
   </div>
   <div class='ocr_carea' id='block_1_9' title="bbox 215 2333 1951 2691">
    <p class='ocr_par' dir='ltr' id='par_1_9' title="bbox 215 2333 1951 2691">
     <span class='ocr_line' id='line_1_24' title="bbox 355 2333 1951 2387; baseline -0.001 -11"><span class='ocrx_word' id='word_1_195' title='bbox 355 2335 404 2376; x_wconf 82' lang='lat' dir='ltr'>N.</span> <span class='ocrx_word' id='word_1_196' title='bbox 429 2336 535 2378; x_wconf 86' lang='lat' dir='ltr'>loo.</span> <span class='ocrx_word' id='word_1_197' title='bbox 597 2334 667 2376; x_wconf 86' lang='lat' dir='ltr'>Ad</span> <span class='ocrx_word' id='word_1_198' title='bbox 700 2347 797 2387; x_wconf 78' lang='lat' dir='ltr'>reg.</span> <span class='ocrx_word' id='word_1_199' title='bbox 826 2336 889 2376; x_wconf 76' lang='grc'>12.</span> <span class='ocrx_word' id='word_1_200' title='bbox 954 2334 1118 2387; x_wconf 81' lang='lat' dir='ltr'>Regula</span> <span class='ocrx_word' id='word_1_201' title='bbox 1159 2334 1218 2375; x_wconf 90' lang='lat' dir='ltr'>sic</span> <span class='ocrx_word' id='word_1_202' title='bbox 1259 2334 1492 2376; x_wconf 88' lang='lat' dir='ltr'>constituta</span> <span class='ocrx_word' id='word_1_203' title='bbox 1533 2337 1621 2387; x_wconf 88' lang='lat' dir='ltr'>est,</span> <span class='ocrx_word' id='word_1_204' title='bbox 1664 2339 1713 2375; x_wconf 90' lang='lat' dir='ltr'>ut</span> <span class='ocrx_word' id='word_1_205' title='bbox 1753 2334 1858 2376; x_wconf 89' lang='lat' dir='ltr'>bene</span> <span class='ocrx_word' id='word_1_206' title='bbox 1890 2333 1951 2375; x_wconf 93' lang='lat' dir='ltr'>in-</span> 
     </span>
     <span class='ocr_line' id='line_1_25' title="bbox 216 2408 1949 2463; baseline -0.001 -11"><span class='ocrx_word' id='word_1_207' title='bbox 216 2411 435 2463; x_wconf 78' lang='lat' dir='ltr'>telligatur</span> <span class='ocrx_word' id='word_1_208' title='bbox 475 2410 659 2452; x_wconf 88' lang='lat' dir='ltr'>formula</span> <span class='ocrx_word' id='word_1_209' title='bbox 694 2409 861 2460; x_wconf 78' lang='lat' dir='ltr'>»Quod</span> <span class='ocrx_word' id='word_1_210' title='bbox 901 2409 1022 2451; x_wconf 81' lang='lat' dir='ltr'>felix</span> <span class='ocrx_word' id='word_1_211' title='bbox 1057 2413 1162 2451; x_wconf 86' lang='lat' dir='ltr'>etc«</span> <span class='ocrx_word' id='word_1_212' title='bbox 1208 2422 1290 2450; x_wconf 90' lang='lat' dir='ltr'>non</span> <span class='ocrx_word' id='word_1_213' title='bbox 1335 2408 1488 2451; x_wconf 87' lang='lat' dir='ltr'>debere</span> <span class='ocrx_word' id='word_1_214' title='bbox 1531 2409 1709 2462; x_wconf 81' lang='lat' dir='ltr'>singulis</span> <span class='ocrx_word' id='word_1_215' title='bbox 1750 2409 1949 2462; x_wconf 86' lang='lat' dir='ltr'>praemiis</span> 
     </span>
     <span class='ocr_line' id='line_1_26' title="bbox 215 2484 1948 2539; baseline 0 -12"><span class='ocrx_word' id='word_1_216' title='bbox 215 2486 454 2539; x_wconf 72' lang='lat' dir='ltr'>praemitti,</span> <span class='ocrx_word' id='word_1_217' title='bbox 500 2486 574 2528; x_wconf 85' lang='lat' dir='ltr'>sed</span> <span class='ocrx_word' id='word_1_218' title='bbox 622 2485 813 2527; x_wconf 88' lang='lat' dir='ltr'>eamdem</span> <span class='ocrx_word' id='word_1_219' title='bbox 861 2485 983 2526; x_wconf 87' lang='lat' dir='ltr'>simul</span> <span class='ocrx_word' id='word_1_220' title='bbox 1034 2484 1303 2538; x_wconf 82' lang='lat' dir='ltr'>praemisisse</span> <span class='ocrx_word' id='word_1_221' title='bbox 1350 2484 1556 2527; x_wconf 84' lang='lat' dir='ltr'>sufficere.</span> <span class='ocrx_word' id='word_1_222' title='bbox 1627 2486 1681 2527; x_wconf 74' lang='lat'>29</span> <span class='ocrx_word' id='word_1_223' title='bbox 1717 2484 1948 2527; x_wconf 88' lang='lat' dir='ltr'>Omisimus</span> 
     </span>
     <span class='ocr_line' id='line_1_27' title="bbox 217 2559 1949 2614; baseline -0.001 -11"><span class='ocrx_word' id='word_1_224' title='bbox 217 2574 386 2604; x_wconf 88' lang='lat' dir='ltr'>carmen</span> <span class='ocrx_word' id='word_1_225' title='bbox 429 2561 470 2603; x_wconf 91' lang='lat' dir='ltr'>in</span> <span class='ocrx_word' id='word_1_226' title='bbox 511 2561 679 2603; x_wconf 88' lang='lat' dir='ltr'>laudem</span> <span class='ocrx_word' id='word_1_227' title='bbox 722 2561 953 2613; x_wconf 83' lang='lat' dir='ltr'>victorum,</span> <span class='ocrx_word' id='word_1_228' title='bbox 1003 2560 1102 2613; x_wconf 92' lang='lat' dir='ltr'>quia</span> <span class='ocrx_word' id='word_1_229' title='bbox 1139 2560 1181 2600; x_wconf 93' lang='lat' dir='ltr'>in</span> <span class='ocrx_word' id='word_1_230' title='bbox 1220 2559 1398 2601; x_wconf 85' lang='lat' dir='ltr'>materia</span> <span class='ocrx_word' id='word_1_231' title='bbox 1439 2559 1690 2614; x_wconf 87' lang='lat' dir='ltr'>plerumque</span> <span class='ocrx_word' id='word_1_232' title='bbox 1732 2559 1865 2602; x_wconf 85' lang='lat' dir='ltr'>sterili</span> <span class='ocrx_word' id='word_1_233' title='bbox 1907 2562 1949 2602; x_wconf 95' lang='lat' dir='ltr'>et</span> 
     </span>
     <span class='ocr_line' id='line_1_28' title="bbox 217 2635 1593 2691; baseline -0.001 -13"><span class='ocrx_word' id='word_1_234' title='bbox 217 2648 384 2690; x_wconf 86' lang='lat' dir='ltr'>semper</span> <span class='ocrx_word' id='word_1_235' title='bbox 420 2636 631 2691; x_wconf 88' lang='lat' dir='ltr'>uniformi,</span> <span class='ocrx_word' id='word_1_236' title='bbox 664 2635 891 2689; x_wconf 88' lang='lat' dir='ltr'>insipidum</span> <span class='ocrx_word' id='word_1_237' title='bbox 925 2635 1138 2676; x_wconf 87' lang='lat' dir='ltr'>ordinarie</span> <span class='ocrx_word' id='word_1_238' title='bbox 1170 2646 1339 2676; x_wconf 89' lang='lat' dir='ltr'>carmen</span> <span class='ocrx_word' id='word_1_239' title='bbox 1370 2638 1593 2688; x_wconf 84' lang='lat' dir='ltr'>pangetur.</span> 
     </span>
    </p>
   </div>
  </div>
 </body>
</html>
