2164 3535
557 228 740 262 Deutsche
766 225 1125 269 Reformvorschlage
1150 224 1209 259 fiir
1233 224 1291 259 die
1317 223 1359 259 R.
1386 228 1428 259 st.
1459 226 1556 260 1829.
1837 227 1918 269 387

199 367 249 409 (10
282 367 591 421 professoribus
624 366 935 422 philosophiae,
975 379 1027 408 ne
1059 365 1142 408 sint
1175 364 1230 407 ad
1261 364 1472 407 novitates
1505 364 1626 418 proni
1659 367 1734 406 aut
1765 363 1920 417 ingenii

197 442 320 484 nimis
352 442 484 484 liberi.

334 522 407 564 Ad
439 535 536 576 reg.
562 524 629 565 20.
683 523 787 565 Cum
810 522 934 565 hodie
955 523 1062 565 tanti
1085 523 1160 565 fiat
1180 523 1493 579 mathematica,
1525 525 1569 565 et
1590 522 1716 576 hujus
1739 521 1923 575 cognitio

198 598 238 639 in
273 597 454 651 physicis
488 597 718 651 disciplinis
751 600 974 650 tantopere
1006 598 1061 640 sit
1082 598 1335 651 necessaria,
1367 597 1538 641 videtur
1559 598 1650 652 ejus
1673 609 1823 639 cursus
1848 610 1923 651 per

197 675 335 713 totum
368 672 659 726 philosophiae
691 675 880 727 tempus,
918 672 960 713 id
993 676 1078 722 est,
1117 685 1192 725 per
1224 672 1330 716 duos
1362 676 1438 715 aut
1467 675 1555 715 tres
1595 684 1726 714 annos
1766 671 1924 714 durare

198 746 364 801 dehere,
388 747 448 788 ita
471 746 654 801 quidem,
678 749 726 786 ut
748 745 937 798 quotidie
960 746 1015 787 sit
1037 746 1162 788 lectio
1184 760 1259 800 per
1280 747 1429 789 horam
1453 747 1674 801 integram.
1710 746 1922 797 Ceterum,

198 821 259 862 uti
302 820 444 875 hodie,
486 821 547 863 ita
588 833 757 874 quoque
791 821 881 874 jam
914 821 1011 863 olim
1044 821 1086 862 in
1119 822 1313 874 pluribus
1345 821 1570 864 Societatis
1603 821 1787 874 collegiis
1820 833 1923 863 usus

197 899 308 950 erat,
341 898 389 936 ut
419 895 514 948 plus
547 895 750 948 temporis
783 895 962 938 mathesi
996 895 1330 949 impenderetur,
1364 909 1492 950 quam
1523 896 1640 938 initio
1675 909 1923 939 concessum

197 969 348 1012 fuerat.

336 1050 407 1092 Ad
439 1063 537 1104 reg.
563 1053 629 1093 21.
693 1051 812 1094 Licet
842 1052 884 1093 in
916 1051 1129 1105 plerisque
1161 1051 1366 1107 collegiis,
1405 1052 1557 1094 saltem
1588 1056 1708 1094 extra
1741 1052 1922 1107 Italiam,

199 1125 280 1166 alia
311 1125 366 1167 sit
397 1125 438 1166 111
471 1138 550 1167 11511
583 1130 626 1167 et
657 1126 857 1179 prolixior
888 1126 1129 1168 scholarum
1159 1126 1322 1181 divisio,
1355 1126 1523 1169 videtur
1544 1130 1684 1169 tamen
1707 1128 1924 1180 antiquior

199 1200 418 1242 retinenda
451 1204 511 1252 et,
555 1201 625 1243 ubi
657 1214 739 1242 non
773 1205 837 1243 est
868 1201 1049 1255 amplius
1082 1201 1121 1242 in
1156 1201 1315 1255 rigore,
1358 1201 1524 1243 omnino
1558 1201 1841 1258 restituenda,
1883 1206 1926 1244 et

198 1275 285 1317 suis
317 1274 488 1328 quidem
519 1275 770 1317 nominibus.
824 1275 1026 1318 Rationes
1058 1279 1170 1331 sunt,
1203 1279 1374 1329 praeter
1404 1288 1490 1331 eas,
1523 1288 1633 1329 quae
1663 1276 1705 1318 in
1727 1276 1924 1319 instituto

198 1349 483 1405 reperiuntur,
515 1352 760 1403 sequentes:
799 1353 833 1391 1.
868 1350 1118 1406 Novatores,
1152 1351 1404 1405 praesertim
1436 1351 1478 1393 in
1511 1350 1662 1403 Gallia,
1696 1351 1796 1393 vitio
1830 1363 1922 1393 ver-

197 1426 295 1465 tunt
315 1424 679 1477 praeceptoribus,
714 1425 888 1466 nimium
911 1429 1005 1467 octo
1029 1429 1104 1467 aut
1125 1426 1310 1479 plurium
1334 1439 1542 1468 annorum
1564 1430 1731 1479 tempus
1755 1426 1922 1480 linguae

199 1499 353 1540 latinae
377 1499 656 1541 addiscendae
686 1499 891 1553 impendi:
925 1512 1034 1553 quae
1057 1500 1235 1554 obJectio
1259 1513 1491 1554 numquam
1507 1502 1605 1555 jure
1627 1501 1738 1543 facta
1760 1500 1925 1555 fuisset,

198 1574 232 1615 si
264 1576 561 1628 praeceptores
595 1574 816 1628 antiquum
839 1574 1064 1617 Societatis
1096 1588 1257 1617 morem
1287 1575 1580 1626 retinuissent3
1615 1577 1652 1617 2.
1688 1575 1782 1617 Non
1806 1575 1922 1617 aliud

200 1648 367 1690 videtur
398 1649 538 1702 aptius
572 1648 823 1703 remedium,
864 1661 947 1702 quo
981 1650 1262 1703 opportunius
1296 1653 1454 1693 vitetur
1486 1651 1696 1706 confusio,
1729 1663 1839 1703 quae
1872 1650 1924 1692 ob

199 1724 410 1766 diversam
447 1723 688 1765 scholarum
728 1723 974 1766 divisionem
1006 1725 1162 1779 oritur,
1205 1725 1241 1767 si
1268 1726 1378 1767 forte
1410 1725 1602 1778 magistri
1634 1738 1681 1767 ex
1716 1737 1800 1767 una
1831 1737 1925 1779 pro-

200 1799 336 1841 vincia
366 1799 407 1840 in
440 1798 564 1840 aliam
597 1799 650 1840 ad
683 1798 940 1854 docendum,
980 1802 1056 1841 aut
1086 1799 1280 1853 discipuli
1313 1799 1366 1842 ad
1399 1799 1645 1842 discendum
1676 1800 1924 1849 mittuntum

201 1875 237 1916 3.
272 1874 364 1916 Non
398 1874 553 1916 desunt
583 1874 623 1915 111
655 1874 882 1916 Germania
914 1877 957 1916 et
988 1873 1140 1930 Gallia,
1172 1887 1248 1916 1100
1280 1875 1407 1917 etiam
1440 1874 1554 1928 apud
1578 1875 1732 1928 Belgas
1764 1878 1807 1917 et
1828 1874 1926 1917 Hel-

200 1954 316 1990 110105
358 1948 677 2002 perspicacioris
719 1948 874 2001 ingenii
915 1949 1011 2004 viri,
1054 1949 1125 2002 qui
1169 1962 1245 2003 per
1286 1949 1398 1991 illius
1439 1949 1652 1992 divisionis
1684 1950 1925 2003 neglectum

200 2023 333 2077 magis
374 2027 698 2078 praeceptorum
742 2023 960 2066 commodo
1005 2036 1133 2077 quam
1166 2023 1468 2078 discipulorum
1500 2024 1674 2067 utilitati
1707 2025 1926 2079 provisum

202 2098 332 2141 fuisse
364 2099 617 2149 existiment„
650 2102 693 2141 et
724 2098 947 2152 antiquum
979 2098 1156 2152 proinde
1188 2111 1348 2141 morem
1381 2099 1549 2141 omnino
1582 2099 1836 2142 desiderent.

339 2173 410 2215 Ad
448 2185 545 2226 reg.
577 2175 644 2215 37.
707 2173 1032 2216 Anniversariae
1070 2174 1311 2217 vacationes
1349 2187 1427 2229 pro
1465 2173 1618 2217 scholis
1656 2174 1926 2217 inferioribus

202 2261 311 2290 nunc
357 2248 514 2301 ubique
559 2249 665 2290 fere
712 2251 902 2302 tempore
949 2249 1148 2301 aequales
1196 2252 1315 2303 sunt,
1362 2249 1659 2302 longioresque
1699 2262 1775 2303 pro
1823 2249 1924 2290 solis

202 2323 493 2376 superioribus
532 2323 738 2365 classibus
777 2327 1040 2366 statuuntur.
1104 2324 1160 2365 Et
1201 2324 1401 2377 qnoniam
1433 2324 1709 2367 intermediae
1741 2324 1925 2377 plurium

205 2398 368 2439 dierum
410 2398 650 2442 vacationes
693 2398 931 2440 studiorum
979 2410 1150 2440 cursum
1198 2398 1430 2452 plurimum
1476 2399 1728 2452 perturbare
1775 2399 1924 2453 solent,

204 2471 324 2514 facile
361 2473 704 2526 supprimunt-um
746 2476 787 2515 et
825 2473 966 2526 potius
998 2473 1310 2526 protrahuntur
1342 2485 1520 2516 annuae.
1583 2473 1691 2515 Hinc
1723 2474 1927 2527 conjicere

205 2547 315 2597 licet,
348 2547 449 2600 qnid
481 2548 614 2601 magis
647 2548 887 2594 conveniat:
921 2548 995 2590 sed
1027 2548 1231 2601 quidquid
1255 2547 1407 2591 dehac
1430 2560 1474 2591 re
1495 2551 1726 2601 statuatur,
1760 2549 1926 2590 omnino

206 2622 439 2664 cavendnm
471 2626 549 2678 est,
581 2626 629 2664 ut
659 2623 701 2664 in
733 2624 937 2676 cujusque
968 2623 1208 2676 provinciae
1240 2622 1424 2676 collegiis
1457 2622 1605 2666 eadem
1637 2623 1794 2677 ubique
1818 2624 1924 2666 ratio

206 2700 410 2740 servetur.

669 2894 762 2948 §a
826 2894 897 2936 De
939 2893 1152 2946 regulis
1194 2895 1464 2937 Rectoris.

347 2997 418 3038 Ad
451 3009 549 3050 reg.
587 2998 650 3038 13.
705 2997 799 3038 Duo
843 3009 918 3050 pro
959 2998 1122 3040 ratione
1161 2998 1363 3052 temporis
1401 2999 1467 3040 hic
1508 2997 1696 3040 notanda
1727 3002 1844 3040 sunt:
1886 3003 1928 3040 et

210 3072 368 3125 primo
401 3071 584 3126 quidem⁷
617 3073 761 3113 utrum
793 3071 929 3112 adhuc
952 3083 977 3112 a
1008 3072 1200 3115 studiosa
1224 3074 1450 3126 juventute
1482 3073 1524 3115 in
1555 3073 1711 3114 nostris
1741 3072 1925 3124 collegiis

212 3146 448 3188 comoedias
481 3150 555 3188 aut
585 3145 827 3199 tragoedias
861 3147 1170 3198 repraesentari
1203 3147 1409 3201 expediat.
1477 3147 1579 3188 Mihi
1610 3147 1799 3201 quidem,
1836 3160 1929 3200 per-

1655 3216 1721 3250 25*
