2164 3535
325 235 349 275 *2
584 239 587 243 '
757 234 950 278 Catalogus
976 239 1173 278 perpetuus
1201 234 1318 269 Germ.
1347 235 1431 278 Sup.
1461 238 1627 271 1602—4.

324 373 418 426 gine
460 374 649 428 1604s5]
687 374 929 416 habituram
956 375 1093 416 locum
1132 375 1183 416 ob
1219 375 1535 419 multitudinem
1572 378 1897 433 exemplarium,
1941 391 2049 432 quae

323 448 602 503 Typographo
636 451 778 504 (quem
811 462 991 503 aequum
1025 454 1090 492 est
1113 450 1351 492 indemnem
1374 455 1605 505 praestare,
1640 465 1736 494 cum
1757 454 1876 496 iussu
1900 458 2045 496 nostro

323 524 557 575 excuderit)
591 523 727 566 adhuc
759 527 1000 578 supersunt.
1051 525 1159 567 Huic
1189 530 1338 578 postea
1369 527 1594 569 immutata
1617 528 1800 570 statione
1823 530 2049 571 succedent

322 599 580 654 Philippicae
603 599 919 645 Demosthenis:
953 600 1100 642 eadem
1133 601 1184 643 de
1217 614 1345 644 causa
1379 604 1569 645 retentae
1601 607 1702 645 sunt
1732 603 1810 646 hoc
1843 604 2050 646 duntaxat

322 687 431 716 anno
464 675 680 728 Epistolae
713 675 983 725 Nazianzeni,
1016 676 1170 729 quibus
1202 680 1350 730 postea
1383 677 1576 731 Synnesii
1609 677 1884 720 sufficientur.

461 750 637 801 Quando
670 751 766 792 libri
798 751 838 792 111
873 753 1045 793 auctore
1078 756 1224 794 notato
1256 754 1399 806 plures
1433 758 1552 805 sunt,
1592 767 1719 807 quam
1752 754 1917 796 absolui
1955 767 2048 808 pos-

321 825 418 875 sint,
451 838 576 879 penes
612 825 874 868 Praefectum
908 827 972 869 vel
1004 828 1327 882 Praeceptorem
1361 830 1459 879 erit,
1500 830 1576 872 hos
1610 831 1684 871 aut
1716 830 1808 872 illos
1849 830 2045 883 deligere.

321 902 368 943 V.
401 915 462 955 gr.
496 903 690 955 signatur
721 903 799 945 hoc
842 916 950 945 anno
984 904 1161 959 Seneca,
1202 905 1413 957 deligatur
1454 919 1503 947 ex
1542 919 1590 947 eo
1629 919 1703 959 pro
1738 905 1914 947 arbitrio
1947 905 2046 946 Tra—

320 977 481 1030 goedia.

457 1053 547 1095 Hoc
586 1066 694 1094 anno
737 1056 955 1107 ponuntur
991 1056 1097 1096 Acta
1138 1055 1480 1109 Apostolorum1)
1524 1056 1564 1097 in
1608 1055 1835 1098 Rhetorica
1875 1055 1917 1097 in
1962 1055 2047 1096 die-

319 1127 396 1169 bus
430 1128 654 1177 Sabbathi,
702 1132 797 1182 post
835 1143 990 1172 aunum
1030 1131 1219 1173 snccedit
1260 1132 1413 1185 aliquis
1454 1144 1503 1173 ex
1542 1132 1812 1185 Panegyricis
1856 1131 1894 1172 J.
1930 1130 2046 1173 Chri-

318 1205 495 1246 sostomi
528 1205 637 1260 [sic]

457 1280 573 1322 Libri
615 1293 781 1336 omnes,
823 1282 893 1335 qui
937 1281 1131 1335 deinceps
1176 1282 1217 1323 111
1257 1282 1508 1335 Catalogum
1552 1282 1740 1333 venient,
1789 1281 2044 1335 prostabunt

319 1356 537 1409 Augustae
559 1356 672 1410 apud
691 1357 924 1399 Willerum.
975 1358 1115 1408 Quare
1144 1370 1325 1411 quorum
1347 1358 1541 1400 intererit
1562 1371 1632 1400 eos
1654 1361 1822 1399 mature
1844 1358 2046 1410 poterunt

317 1444 559 1484 procurare.

458 1507 538 1549 Vbi
580 1508 706 1550 tertia
745 1508 1033 1550 Grammatica
1071 1522 1154 1550 non
1195 1510 1322 1551 fuerit
1361 1509 1591 1552 distributa
1630 1510 1671 1551 in
1715 1509 1821 1550 duos
1861 1507 2045 1558 ordines,

320 1582 375 1623 ibi
424 1582 520 1625 libri
567 1583 607 1624 in
655 1584 847 1637 catalogo
895 1585 1060 1628 divisim
1108 1586 1242 1627 notati
1290 1588 1493 1628 notentur
1539 1585 1818 1641 coniunctim,
1864 1583 2044 1626 sublatis

318 1658 527 1699 tollendis.

455 1734 502 1775 In
542 1734 739 1777 inferiore
780 1735 925 1777 ordine
964 1737 1034 1778 3²¹?
1077 1736 1234 1778 Classis
1275 1736 1590 1779 Grammaticae
1631 1738 1848 1791 posuimus
1891 1738 2048 1792 Alpha-

317 1808 462 1850 betum
495 1810 724 1857 Graecum,
766 1812 917 1853 imitati
955 1812 1103 1854 Patres
1142 1813 1306 1861 (sirallos,
1349 1814 1420 1866 qui
1461 1814 1725 1855 exactissime
1766 1826 1921 1855 nouam
1954 1818 2042 1855 stu-

319 1884 483 1926 diorum
535 1886 712 1928 formam
761 1892 953 1940 seruant;
1003 1901 1078 1941 per
1129 1888 1411 1942 Alphabetum
1463 1892 1604 1929 autem
1650 1889 1923 1941 intelligimus
1972 1902 2043 1930 no-

318 1959 453 2001 titiam
495 1960 658 2013 legendi
700 1966 741 2003 et
779 1963 1008 2011 scribendi,
1050 1963 1143 2016 plus
1188 1964 1227 2004 111
1261 1963 1434 2005 Graecis
1476 1964 1528 2004 ab
1571 1963 1635 2005 his
1668 1964 1833 2016 pusillis
1864 1976 1946 2004 non
1981 1976 2044 2004 re-

319 2035 515 2091 quiritur.

810 2307 1013 2361 Libri
1069 2307 1562 2363 Caniculares-

1006 2414 1128 2457 (Ibin.
1155 2415 1228 2450 fol.
1256 2415 1353 2459 2422)

458 2516 496 2549 In
530 2516 598 2550 den
633 2516 870 2561 Hundstagen
905 2518 1050 2560 (diebus
1083 2520 1285 2563 caniculae,
1321 2522 1375 2554 23.
1401 2519 1478 2552 ε11111
1513 2518 1566 2551 bis
1598 2520 1642 2551 23
1682 2518 1794 2560 Aug.)
1828 2517 1948 2552 wurde
1983 2518 2041 2552 die

320 2573 450 2607 Schule
484 2574 640 2617 weniger
674 2579 797 2618 streng
831 2576 1015 2619 gehalten,
1053 2577 1124 2610 und
1160 2587 1197 2611 es
1230 2577 1375 2611 wurden
1407 2576 1508 2610 mehr
1541 2574 1816 2609 unterhaltende
1850 2576 2038 2610 Auktoren

319 2631 473 2675 gelesen.

457 2737 757 2790 Subiungimus
789 2738 932 2789 libros,
965 2752 1070 2792 quos
1103 2753 1177 2793 pro
1211 2739 1421 2781 arbitratu
1451 2743 1494 2780 et
1517 2739 1680 2781 delectu
1703 2751 1777 2792 per
1799 2739 2038 2780 vacationes

319 2813 561 2865 praelegere
594 2814 895 2867 Praeceptor-es
928 2819 1127 2867 poterunt
1168 2829 1262 2858 cum
1304 2816 1517 2869 praescitu
1550 2814 1777 2875 Praefecti,
1819 2814 1942 2856 modo
1973 2813 2039 2854 hic

319 2888 504 2929 delectus
538 2892 704 2930 mature
735 2888 822 2939 fiat,
854 2894 899 2931 vt
931 2890 971 2930 in
1004 2894 1193 2943 tempore
1224 2890 1319 2932 libri
1354 2891 1490 2931 curari
1524 2890 1696 2943 possint.

458 3062 480 3105 ¹)
508 3061 557 3094 Es
584 3060 794 3095 erschienen
821 3062 982 3096 mehrere
1011 3063 1221 3105 Ausgaben:
1248 3063 1341 3096 Acta
1368 3062 1623 3106 Apostolorum
1650 3072 1777 3105 graece
1803 3067 1838 3096 et
1864 3062 1973 3096 latine
2000 3061 2034 3094 in

318 3120 468 3161 gratiam
488 3119 670 3153 studiosae
685 3120 884 3163 juventutis
903 3121 1098 3164 separatim
1112 3121 1222 3155 edita.
1261 3119 1472 3164 Ingolstadii
1495 3123 1580 3155 1595
1609 3122 1681 3163 12⁰,
1709 3123 1831 3164 spater
1851 3119 2034 3153 Monachii

320 3179 417 3221 1612,
444 3177 611 3220 Dilingae
642 3180 737 3212 1665.
