2164 3535
450 238 659 273 Beibericht
684 237 748 273 der
773 238 1200 273 Studien-Kommissare
1230 249 1294 272 zur
1319 238 1360 272 R.
1389 242 1431 272 st.
1459 248 1525 272 von
1555 241 1652 274 1832.
1832 242 1914 283 493

190 378 427 432 corrigendi
459 379 629 421 modum
661 391 744 421 non
777 382 1034 422 censuerunt
1065 378 1354 432 reponendum
1386 378 1428 420 in
1452 379 1712 421 correctione
1734 380 1915 435 privata,

191 453 310 507 cujus
354 457 494 496 tamen
537 454 765 496 utilitatem
803 465 886 495 non
929 457 1106 506 negant,
1150 453 1359 507 siquidem
1391 454 1583 496 eamdem
1616 454 1845 497 admittant
1876 455 1916 496 in

191 540 274 581 reg.
303 531 350 570 21
388 529 730 585 accommodata,
772 529 846 571 sed
889 529 1125 571 breviorem
1158 533 1201 571 et
1231 530 1619 583 infrequentiorem.
1684 530 1767 571 Sed
1798 543 1919 583 prae-

191 602 333 645 ferunt
364 605 668 646 correctionem
690 604 916 658 publicam,
949 604 1049 657 quia
1081 608 1266 658 censent,
1300 605 1551 658 magistrum
1575 605 1646 647 uni
1669 605 1916 659 corrigendo

190 678 401 720 intentum
443 680 580 721 minus
625 680 845 722 attendere
886 692 1010 733 posse
1053 680 1144 722 aliis
1189 680 1266 722 sibi
1310 681 1432 733 quasi
1473 681 1703 736 derelictis,
1746 684 1788 723 et
1821 681 1921 734 quia

191 753 541 796 exercitationum
585 759 752 808 tempus
794 755 1084 808 multiplicatis
1120 754 1296 797 Scholae
1337 756 1526 798 materiis
1559 756 1639 798 fuit
1670 755 1921 798 contrahen-

192 828 311 881 dum;
354 830 470 871 nulla
510 834 651 871 autem
694 829 938 871 exercitatio
981 828 1145 871 facilius
1187 833 1230 872 et
1271 830 1420 872 minori
1461 831 1714 873 detrimento
1757 834 1918 874 contra-

193 903 395 955 hebatur,
437 918 565 957 quam
609 905 832 947 correctio:
877 910 924 946 ut
965 910 1103 947 tamen
1146 906 1236 958 ejus
1270 905 1430 947 utilitas
1463 906 1502 947 in
1537 906 1679 959 plures
1713 910 1919 960 manaret,

193 978 382 1020 eamdem
415 979 625 1032 publicam
659 982 867 1021 statuunt.
932 980 987 1021 Et
1018 979 1207 1033 profecto
1241 980 1274 1021 si
1306 980 1517 1023 industria
1548 981 1812 1023 aemulorum
1848 981 1920 1023 ad-

193 1053 383 1107 hibetur,
427 1067 535 1107 quae
568 1067 652 1107 reg.
679 1056 728 1096 21
771 1054 1026 1096 accommod.
1061 1054 1326 1108 insinuatur,
1367 1055 1402 1096 si
1442 1055 1760 1108 quaestionibus
1794 1056 1920 1098 variis

192 1128 362 1170 fovetur
403 1129 648 1171 auditorum
691 1130 894 1185 attentio,
937 1129 1058 1171 adest
1096 1142 1179 1183 quo
1212 1129 1435 1172 utilissime
1468 1135 1732 1184 occupantur
1763 1144 1920 1185 omnes,

194 1203 292 1245 dum
334 1217 444 1246 1111115
483 1205 722 1258 corrigitur.
784 1205 831 1246 In
866 1203 1026 1246 Scholis
1058 1208 1280 1258 praeterea
1312 1205 1649 1257 Grammaticae,
1689 1206 1730 1248 in
1764 1207 1917 1259 quibus

194 1281 444 1335 plerumque
477 1283 529 1324 ad
563 1283 737 1325 verbum
771 1283 956 1325 dictatur
989 1286 1031 1324 et
1064 1282 1258 1325 redditur
1290 1281 1516 1334 scriptum,
1556 1281 1681 1322 11111115
1715 1282 1919 1323 correctio

194 1357 316 1409 quasi
347 1357 541 1399 omnibus
575 1358 775 1411 prodesse
807 1362 962 1412 potest.
1014 1359 1122 1399 Nam
1156 1371 1240 1410 reg.
1267 1359 1320 1399 :22
1347 1357 1554 1411 jubentur
1587 1369 1731 1398 omnes
1764 1357 1920 1399 habere

195 1432 375 1474 alterum
415 1434 653 1487 exemplum
692 1435 953 1487 scriptionis,
996 1435 1107 1487 quod
1148 1434 1226 1487 ipsi
1268 1447 1343 1486 per
1375 1432 1585 1486 publicam
1621 1433 1922 1475 correctionem

195 1508 436 1550 emendent:
461 1522 544 1551 uno
569 1510 713 1563 itaque
736 1514 777 1551 et
801 1510 933 1551 altero
959 1513 1160 1560 correcto,
1177 1509 1328 1563 jubeat
1346 1508 1551 1561 Magister
1574 1508 1676 1550 alios
1696 1508 1923 1561 discipulos

194 1583 333 1636 legere
366 1597 485 1626 suam
509 1585 794 1638 scriptionem,
827 1598 955 1638 quam
973 1586 1061 1638 jam
1086 1597 1238 1636 magna
1261 1597 1308 1625 ex
1333 1588 1453 1637 parte
1476 1583 1743 1625 emendatam
1769 1583 1924 1625 habere

196 1658 367 1705 debent:
392 1663 434 1700 et
455 1660 576 1702 facile
599 1660 688 1713 ipse
712 1661 951 1713 perspiciet,
970 1660 1069 1714 quid
1094 1660 1365 1701 emolumenti
1389 1673 1436 1701 ex
1461 1659 1640 1700 aliorum
1664 1659 1923 1701 correctione

196 1734 248 1775 ad
281 1747 400 1776 suam
424 1736 759 1777 emendationem
783 1735 1013 1777 hauserint.
1063 1735 1184 1786 Quod
1208 1738 1375 1788 spectat
1398 1734 1525 1775 dubia
1549 1735 1623 1791 [et]
1650 1735 1923 1776 directionem

196 1808 522 1862 discipulorum,
565 1810 672 1852 aliae
714 1814 814 1853 sunt
854 1811 1117 1859 occasiones,
1160 1811 1200 1851 in
1243 1810 1396 1863 quibus
1439 1810 1617 1852 feliciter
1648 1809 1751 1851 haec
1785 1810 1926 1850 omnia

196 1885 405 1937 praestari
446 1889 650 1940 possunt,
701 1886 880 1927 maxime
923 1898 1016 1927 cum
1061 1885 1201 1927 adsint
1243 1886 1434 1938 privatae
1476 1885 1781 1937 correctiones,
1829 1884 1926 1926 licet

196 1960 334 2002 minus
375 1960 629 2014 frequentes.
693 1961 1007 2014 Discipulorum
1051 1960 1311 2013 diligentiam
1344 1960 1407 2001 vel
1451 1960 1665 2013 pigritiam
1708 1959 1829 2001 facile
1865 1959 1924 2000 di-

197 2035 361 2088 gnoscit
382 2036 586 2089 Magister
618 2036 844 2078 lectionum
868 2036 1128 2085 recitatione,
1162 2036 1498 2088 quaestionibus,
1532 2036 1771 2077 Authorum
1804 2047 1925 2088 prae-

196 2110 396 2163 lectione,
428 2112 731 2165 scriptionibus
776 2111 818 2152 111
851 2110 1004 2153 Schola
1037 2114 1133 2152 etc:
1179 2111 1239 2152 ita
1273 2112 1319 2152 ut
1350 2110 1491 2152 nullus
1523 2111 1578 2151 sit
1611 2109 1926 2163 discipulorum,

198 2186 270 2238 qui
303 2199 328 2228 a
358 2186 563 2239 Magistro
597 2186 908 2240 aliquantulum
941 2187 1005 2228 sui
1039 2185 1158 2228 officii
1192 2171 1328 2239 perito
1367 2198 1449 2227 non
1492 2188 1694 2227 noscatur
1730 2185 1844 2227 intus
1886 2190 1927 2227 et

197 2261 236 2302 in
270 2261 556 2304 interioribus.
621 2261 808 2303 Tandem
841 2264 940 2302 sunt
977 2262 1237 2315 Provinciae,
1270 2261 1311 2302 in
1344 2260 1498 2314 quibus
1521 2273 1674 2314 parcus
1698 2259 1925 2301 admodum

199 2341 264 2379 est
294 2337 558 2390 privatorum
591 2337 898 2379 correctionum
933 2350 1049 2385 usus,
1082 2337 1122 2378 in
1155 2336 1308 2389 quibus
1341 2339 1802 2389 tamenpraeceptores
1826 2347 1923 2388 gau-

201 2411 301 2454 dent
341 2412 643 2466 discipulorum
686 2425 858 2454 suorum
898 2411 1073 2467 fiducia,
1115 2415 1313 2465 parentes
1347 2411 1526 2453 maxime
1558 2410 1664 2451 filios
1699 2410 1750 2452 ad
1785 2409 1927 2451 studia

202 2492 377 2543 urgent,
420 2488 576 2541 optime
613 2487 833 2541 judicatur
875 2486 926 2528 de
966 2487 1201 2540 paedagogi
1240 2487 1418 2540 alicujus
1456 2485 1609 2539 peritia
1641 2486 1705 2527 vel
1747 2485 1926 2539 ineptia:

199 2563 320 2616 proin
364 2562 653 2605 efficacissima
696 2562 798 2605 haec
830 2562 964 2604 bonae
1005 2561 1265 2604 educationis
1299 2561 1545 2615 adjumenta
1576 2574 1651 2603 nec
1682 2561 1819 2604 solum
1851 2573 1927 2603 nec

201 2638 428 2693 praecipue
476 2651 500 2680 a
545 2638 721 2692 privatis
771 2637 1101 2680 correctionibus
1145 2636 1382 2679 mutuanda
1423 2638 1534 2678 sunt.
1606 2637 1651 2678 P.
1687 2637 1926 2690 Deputatus

202 2714 353 2756 Italiae
387 2716 528 2756 censet
558 2717 803 2768 praeterea,
847 2712 1111 2755 retinendam
1145 2712 1364 2765 antiquam
1398 2711 1670 2754 correctionis
1703 2712 1926 2762 rationem,

202 2790 302 2843 quia
347 2790 510 2832 interea
554 2789 681 2831 variis
728 2788 1097 2830 exercitationibus
1145 2787 1384 2830 formantur
1423 2789 1612 2841 juvenes.
1686 2786 1768 2829 Sed
1811 2790 1861 2829 19
1893 2788 1928 2828 si

204 2865 407 2908 correctio
440 2865 610 2919 publica
641 2863 689 2905 fit
720 2877 767 2906 eo
800 2864 946 2917 modo,
989 2876 1072 2916 quo
1105 2863 1428 2919 praescribitur,
1462 2863 1542 2905 erit
1573 2863 1817 2905 exercitatio
1851 2875 1927 2916 pro

204 2944 295 2983 tota
318 2941 481 2983 Schola.
545 2944 598 2983 29
632 2940 968 2982 Exercitationes
1000 2940 1040 2981 in
1073 2939 1230 2992 regulis
1264 2938 1515 2992 specialibus
1547 2938 1789 2991 propositae
1814 2937 1927 2979 aliud

205 3018 372 3070 tempus
405 3016 483 3059 sibi
515 3029 682 3059 sumere
714 3019 915 3069 possunt,
958 3018 1006 3056 ut
1037 3018 1156 3068 patet
1188 3028 1209 3056 e
1241 3028 1326 3067 reg.
1360 3013 1470 3055 Prof.
1505 3014 1629 3054 Hum.
1665 3016 1707 3054 et
1739 3012 1925 3054 Gramm.

344 3098 394 3139 N.
419 3099 514 3142 107.
575 3097 644 3139 Ad
678 3110 775 3151 reg.
801 3098 867 3139 22.
932 3095 1134 3151 Additur,
1174 3099 1223 3137 ut
1253 3095 1467 3149 Magistri,
1507 3097 1714 3147 quantum
1746 3097 1927 3147 possunt

207 3172 400 3229 saepius,
433 3173 677 3215 emendatas
711 3172 958 3226 scriptiones
993 3171 1170 3220 dictentg
1214 3170 1440 3212 utilissima
1472 3172 1536 3211 est
1567 3169 1812 3211 exercitatio
1847 3168 1928 3212 dis-
