2164 3535
235 173 318 213 472
501 170 711 206 Beibericht
735 171 799 206 der
826 171 1256 208 Studien-Kommissare
1284 184 1349 208 zur
1374 173 1414 208 R.
1443 178 1486 209 st.
1512 185 1581 209 von
1610 178 1708 212 1832.

236 314 378 367 legum
418 317 493 356 aut
533 313 832 355 inscitiae
873 315 948 355 aut
988 313 1411 367 negligentiae
1452 315 1648 358 videatur
1689 329 1781 360 esse
1819 319 1976 362 adscri-

237 390 436 433 bendum.

376 466 602 508 Caeterum
635 476 857 515 memores.
890 477 965 507 nos
999 465 1053 507 ad
1085 465 1462 523 consultationem,
1493 480 1574 510 non
1608 481 1708 511 vero
1741 469 1795 511 ad
1828 469 1978 512 defini-

239 541 397 583 tionem
445 553 587 583 rerum
635 540 984 594 gravissimarum
1031 554 1123 583 esse
1171 541 1424 597 deputatos,
1475 543 1605 586 libere
1649 544 1819 598 quidem
1861 558 1972 599 quae

239 617 445 659 sentimus
489 615 763 672 proferimus,
810 618 855 657 at
902 616 1028 658 simul
1076 620 1249 670 paratos
1297 630 1373 660 nos
1422 618 1673 672 profitemur
1711 620 1765 662 ad
1807 621 1976 664 sincero

242 693 443 746 obsequio
487 692 776 746 recipiendum
817 691 1024 746 quidquid
1067 692 1249 746 Majores
1289 694 1425 736 nostri
1463 694 1506 736 in
1550 695 1694 738 oblata
1735 696 1976 739 studiorum

240 768 630 812 accommodatione
662 769 975 812 immutandum
1008 769 1217 811 duxerint.

381 966 497 1016 Quae
529 967 703 1019 regulae
734 966 896 1008 nullam
928 965 1098 1008 affixam
1128 970 1275 1009 notam
1306 967 1395 1010 sive
1434 980 1659 1010 numerum
1697 970 1980 1023 marginalem

243 1041 414 1084 affixum
456 1041 633 1097 habent,
682 1042 868 1084 omnium
903 1042 1064 1097 judicio
1104 1043 1355 1097 probantur.
1432 1045 1609 1087 Numeri
1652 1045 1694 1086 in
1732 1045 1797 1087 his
1840 1045 1982 1088 obser-

239 1120 485 1162 vationibus
518 1121 764 1162 referuntur
796 1119 850 1161 ad
881 1133 1080 1163 numeros
1112 1120 1369 1173 marginales
1404 1121 1446 1162 in
1481 1121 1647 1164 ratione
1675 1121 1917 1164 studiorum
1940 1125 1983 1165 et

240 1195 456 1251 Subjectas
489 1196 647 1238 habent
677 1196 881 1247 rationes,
916 1208 992 1238 cur
1024 1195 1215 1249 regulam
1248 1196 1649 1239 accommodandam
1682 1196 1892 1239 duximus.

749 1531 1018 1599 Regulae
1062 1531 1484 1585 Provincialis

387 1670 437 1712 N.
461 1672 497 1715 1.
557 1670 629 1712 Ad
661 1684 760 1725 reg.
785 1673 821 1713 ⁶2.
869 1672 1009 1714 Prov.
1074 1672 1225 1715 Visum
1257 1675 1322 1715 est
1353 1671 1595 1714 addendum
1627 1674 1677 1714 et
1717 1671 1981 1727 scientiis,

249 1759 343 1788 cum
375 1746 442 1788 hic
474 1747 720 1790 Praefectus
752 1748 983 1802 praecipue
1012 1748 1262 1802 praevidere
1295 1748 1450 1790 debeat
1481 1747 1635 1790 scholis
1675 1747 1982 1803 superioribus,

250 1823 291 1864 in
323 1822 478 1876 quibus
511 1823 712 1866 scientiae
745 1823 1029 1867 dominantur.

388 1910 438 1952 N.
464 1911 505 1954 2.
557 1909 629 1951 Ad
661 1923 757 1964 reg.
784 1912 822 1963 2,
857 1912 894 1953 3.
949 1910 1062 1954 Satis
1086 1914 1218 1965 patet,
1252 1912 1401 1966 quanti
1424 1912 1625 1954 momenti
1656 1911 1713 1954 sit
1733 1911 1981 1953 Praefectus

252 1987 294 2028 in
327 1986 500 2041 studiis,
534 1987 682 2039 quanti
713 1987 835 2039 proin
867 1987 922 2029 sit
953 2000 1122 2041 quoque
1156 1988 1376 2043 momenti,
1419 1990 1467 2029 ut
1499 1988 1589 2042 ejus
1622 1987 1854 2029 auctoritas
1904 1986 1983 2028 sub

253 2065 433 2107 Rectore
465 2067 752 2113 conservetur,
785 2066 827 2105 et
857 2077 909 2106 ne
942 2064 1157 2106 convictus
1190 2064 1370 2106 maxime
1403 2064 1455 2105 ab
1488 2065 1579 2117 ejus
1611 2076 1655 2105 se
1687 2063 1849 2104 solutos
1882 2061 1984 2114 legi-

254 2141 334 2183 bus
367 2139 618 2182 existiment.

394 2215 443 2257 N.
474 2216 515 2258 3.
583 2214 654 2255 Ad
694 2226 791 2267 reg.
824 2216 859 2256 54
943 2215 1214 2268 Expungitur
1258 2228 1337 2257 vox
1396 2214 1730 2265 scholastica,
1780 2213 1880 2267 quia
1923 2213 1984 2255 in-

256 2291 440 2345 vidiosa,
482 2290 582 2343 quia
620 2290 686 2333 hic
718 2303 800 2332 non
832 2291 971 2332 minus
1004 2290 1232 2344 Theologia
1262 2291 1445 2345 positiva
1476 2303 1604 2344 quam
1634 2290 1890 2332 scholastica
1918 2302 1984 2332 re-

258 2366 453 2420 quiritur.

395 2442 444 2483 N.
469 2442 511 2485 4.
573 2441 642 2483 Ad
676 2455 771 2495 reg.
798 2444 834 2484 6.
898 2441 1062 2484 Sufficit
1102 2456 1177 2496 pro
1218 2442 1297 2485 hoc
1337 2443 1478 2485 studio
1509 2442 1718 2486 indicasse
1749 2442 1978 2494 biennium,

259 2518 358 2572 quin
393 2518 446 2559 ad
478 2521 614 2560 certos
648 2530 779 2560 annos
813 2518 1131 2575 determinetur,
1164 2522 1255 2560 tum
1287 2519 1386 2572 quia
1416 2518 1660 2573 hujusmodi
1681 2518 1977 2561 determinatio

261 2593 605 2635 deliberationem
637 2593 912 2636 Provincialis
954 2594 1129 2636 nimium
1162 2594 1358 2648 impedit,
1401 2598 1492 2636 tum
1523 2594 1703 2636 maxime
1734 2594 1832 2647 quia
1873 2593 1985 2635 infra

260 2669 408 2722 regula
431 2672 453 2709 9
488 2669 563 2722 §L
598 2669 812 2711 biennium
844 2683 993 2712 unum
1025 2670 1277 2723 Theologiae
1299 2670 1463 2726 morali,
1496 2670 1715 2712 alterum
1747 2669 1983 2723 scripturae

262 2757 408 2788 sacrae
440 2744 705 2787 adscribitur.

398 2819 447 2861 N.
472 2820 513 2863 5.
574 2820 646 2861 Ad
678 2833 775 2873 reg.
801 2823 836 2861 7.
900 2821 1072 2863 Additio
1111 2822 1224 2863 facta
1263 2825 1328 2863 est
1365 2834 1413 2863 ex
1455 2824 1594 2863 mente
1627 2819 1804 2863 Constit.
1844 2833 1882 2874 p.
1909 2819 1980 2862 IV.

264 2907 296 2935 c.
325 2896 374 2936 1⁴2
418 2896 488 2948 §2
528 2898 569 2937 et
615 2896 854 2937 necessaria
900 2899 965 2938 est
1004 2909 1080 2949 pro
1121 2897 1344 2950 provinciis
1386 2896 1696 2949 Transalpinis,
1742 2895 1784 2937 in
1828 2895 1982 2949 quibus

264 2970 404 3021 magni
444 2970 550 3011 fiunt
592 2970 669 3012 hoc
710 2973 900 3024 tempore
942 2971 1111 3024 linguae
1156 2972 1319 3014 indicae
1366 2972 1488 3025 quasi
1536 2972 1673 3014 fontes
1719 2974 1983 3014 caeterarum

266 3045 520 3098 linguarum,
550 3045 634 3087 imo
666 3048 708 3088 et
739 3046 1016 3088 traditionum
1047 3047 1343 3089 Mosa'icarum.

403 3120 452 3162 N.
478 3121 521 3164 6.
584 3121 653 3162 Ad
687 3135 782 3175 reg.
808 3122 846 3164 8.
909 3122 1130 3176 Expuncto
1174 3122 1451 3177 »penitus‹‚
1492 3122 1605 3176 quod
1646 3122 1832 3165 severius
1872 3122 1984 3165 vide-
