2164 3535
172 163 254 204 238
664 159 774 192 Arme
803 157 1004 192 Studenten
1029 157 1066 189 in
1092 154 1288 198 Augsburg
1315 156 1414 190 1609.

172 312 411 354 corporum,
444 300 678 354 profectum
711 310 974 341 communem
1006 297 1047 338 in
1079 296 1232 338 litteris
1264 298 1306 338 et
1337 296 1510 351 pietate,
1545 307 1673 348 quem
1704 293 1893 336 Societas

171 375 250 418 hoc
281 388 358 418 suo
391 375 535 418 labore
566 374 746 417 maxime
777 376 955 427 spectat.

310 453 347 493 2.
395 451 568 493 Nullum
601 449 799 491 admittet
829 448 895 490 vel
926 447 1121 490 excludet
1151 446 1282 488 inscio
1304 446 1498 488 Rectore.
1553 445 1648 487 Non
1672 444 1894 486 admitten-

171 530 243 568 tur
274 530 416 568 autem
447 525 667 581 illegitimi,
700 523 955 578 vagabundi,
987 522 1095 564 male
1126 522 1296 577 morati,
1329 521 1403 564 sed
1436 521 1570 563 bonae
1601 521 1704 574 spei,
1737 520 1895 574 quique

174 602 227 644 ad
266 601 496 644 secundam
535 600 705 642 minime
746 599 933 642 scholam
965 597 1278 640 Grammaticae
1309 597 1450 639 idonei
1480 596 1566 638 sint
1597 599 1639 638 et
1671 597 1897 649 (quantum

172 677 321 720 ceteris
352 677 526 731 paribus
557 675 647 719 fieri
679 678 837 730 potest)
871 674 996 729 periti
1028 674 1229 716 Musicae.

310 754 348 795 3.
396 752 565 794 Clavem
598 752 776 794 alteram
809 763 932 793 arcae
962 762 1200 804 pauperum
1231 749 1320 803 ipse
1350 748 1574 801 custodiet,
1606 747 1784 789 alteram
1807 758 1899 800 pro-

172 832 345 870 curator
376 840 519 870 eorum
553 830 765 880 externus,
797 827 863 868 cui
896 825 1158 880 praescribet
1188 836 1394 878 expensas
1425 828 1512 866 tam
1535 822 1748 865 ordinarie
1771 834 1900 875 quam

173 903 508 946 extraordinarie
548 916 625 957 pro
665 903 724 945 eis
766 902 993 945 faciendas.
1055 900 1120 942 Ab
1161 900 1311 942 eodem
1343 900 1471 942 etiam
1503 899 1680 953 singulis
1714 898 1899 952 angarijs

174 979 334 1033 accepti
366 982 409 1022 et
439 979 609 1032 expensi
640 979 848 1021 rationem
880 978 1033 1031 exigat.

310 1057 350 1096 4.
396 1055 573 1096 Praeter
619 1054 808 1108 privatas
858 1052 1165 1095 admonitiones
1212 1052 1388 1106 singulis
1436 1051 1650 1094 mensibus
1697 1049 1890 1091 omnibus

175 1144 261 1173 una
301 1130 566 1184 congregatis
607 1130 814 1172 salutaria
854 1130 1015 1171 monita
1057 1128 1196 1183 dabit,
1243 1131 1286 1170 et
1324 1131 1373 1170 ut
1413 1130 1637 1181 sequentes
1678 1126 1791 1179 leges
1832 1125 1893 1166 in-

176 1207 330 1250 violate
361 1206 414 1248 ab
446 1206 640 1248 omnibus
672 1205 970 1248 custodiantur
1001 1204 1179 1246 curabit.

454 1615 617 1681 Leges
655 1632 935 1681 pauperum
976 1613 1418 1663 Scholasticorum.
1486 1614 1628 1660 1609.

752 1707 873 1752 (Ibid.
899 1708 972 1743 fol.
1000 1706 1103 1742 3481)
1128 1706 1168 1742 et
1193 1706 1331 1749 3492.)

320 1828 356 1867 1.
402 1825 671 1868 Meminerint
707 1825 1025 1868 benefactorum
1057 1824 1316 1866 liberalitate
1348 1821 1402 1863 ad
1433 1820 1668 1875 profectum
1701 1832 1826 1861 suum
1858 1819 1899 1860 in

178 1901 336 1954 pietate
368 1903 410 1942 et
441 1901 593 1943 litteris
627 1913 722 1943 cum
750 1900 985 1954 gratiarum
1009 1900 1172 1941 actione
1197 1898 1277 1949 uti3
1311 1910 1395 1951 quo
1419 1896 1585 1938 nomine
1614 1900 1656 1938 et
1678 1908 1755 1949 pro
1778 1895 1901 1936 bene-

179 1975 431 2031 factoribus,
464 1980 552 2017 tam
584 1976 688 2018 vivis
721 1988 849 2029 quani
882 1974 1111 2028 defunctis,
1143 1973 1332 2027 quotidie
1365 1972 1501 2014 Deum
1533 1971 1718 2013 orabunt
1749 1973 1791 2012 et
1823 1970 1903 2012 vir-

180 2055 272 2093 tute
310 2054 440 2105 atque
481 2051 700 2104 diligentia
730 2050 1038 2104 condiscipulos
1072 2052 1147 2091 aut
1178 2060 1381 2102 superare
1414 2050 1489 2089 aut
1521 2050 1634 2089 certe
1665 2057 1903 2099 exaequare

182 2126 449 2169 contendent.

321 2204 358 2243 2.
406 2203 464 2244 Vt
493 2201 674 2255 vagandi
697 2201 986 2244 occasionibus
1010 2201 1149 2243 aditus
1172 2199 1475 2254 praecludatur
1506 2232 1515 2240 .
1540 2232 1547 2240 .
1583 2211 1619 2240 v.
1643 2210 1774 2251 supra
1803 2210 1842 2238 n.
1866 2198 1903 2238 5.

319 2278 356 2319 3.
404 2277 672 2320 Habitabunt
710 2277 899 2319 honestis
937 2277 1039 2319 locis
1079 2290 1127 2319 ex
1168 2276 1339 2319 consilio
1378 2275 1518 2317 Patris
1559 2274 1643 2316 bini
1688 2273 1752 2315 vel
1802 2284 1903 2326 qua-

182 2352 312 2403 terni3
352 2353 512 2409 quiete⁷
545 2352 631 2406 pie,
663 2356 707 2394 et
736 2352 912 2395 honeste
945 2365 1039 2394 cum
1072 2352 1266 2394 omnibus
1299 2354 1443 2403 agent:
1478 2349 1711 2392 diversoria
1742 2352 1784 2391 et
1816 2361 1902 2390 ma-

181 2428 319 2470 lorum
359 2428 576 2470 hominum
616 2428 830 2470 consortia
869 2428 1087 2482 vitabunt3
1130 2429 1353 2479 surgentes
1392 2425 1576 2467 orabunt
1613 2438 1688 2478 per
1718 2424 1904 2466 medium

183 2503 507 2557 quadrantem¹)
540 2503 657 2546 flexis
688 2503 888 2557 genibus;
921 2503 1125 2546 abeuntes
1158 2502 1347 2544 cubitum
1379 2514 1454 2554 per
1486 2501 1665 2542 alterum
1696 2499 1905 2542 conscien-

183 2580 286 2621 tiam
318 2579 619 2621 examinabunt
648 2582 690 2620 et
721 2592 765 2622 se
797 2591 959 2632 suaque
991 2579 1079 2620 Deo
1113 2577 1484 2620 commendabunt.

321 2668 360 2707 4.
408 2666 592 2719 Regulas
643 2665 1000 2708 Scholasticorum
1049 2664 1243 2707 omnibus
1291 2675 1532 2705 communes
1578 2663 1658 2716 ipsi
1705 2663 1905 2716 peculiari

185 2740 327 2783 studio
360 2740 585 2783 observare
616 2741 863 2791 studebunt,
894 2744 1023 2794 atque
1052 2740 1092 2781 in
1115 2739 1253 2792 specie
1275 2738 1400 2780 horas
1425 2738 1590 2791 privato
1615 2737 1754 2779 studio
1778 2737 1907 2791 (lepu-

185 2817 337 2858 tandas
370 2817 430 2858 ita
461 2816 729 2868 distribuent,
763 2819 890 2869 prout
912 2815 1117 2868 Magistro
1150 2818 1192 2856 et
1214 2813 1432 2855 Praefecto
1467 2813 1704 2855 studiorum
1734 2813 1905 2865 probari

186 2892 480 2934 intellexerint.

326 3053 353 3095 ¹)
380 3051 479 3085 Oben
506 3063 538 3086 n.
561 3055 596 3086 11
630 3063 715 3096 »per
733 3052 842 3087 horae
860 3052 1132 3096 quadrantem«.
1172 3050 1367 3087 Vielleicht
1392 3051 1439 3086 ist
1464 3051 1544 3086 hier
1569 3051 1792 3095 integrum
1818 3054 1906 3084 statt

188 3108 343 3146 medium
368 3120 413 3143 zu
440 3110 548 3145 lesen.
