2164 3535
239 270 293 310 92
869 267 1101 303 Schriftliche
1128 267 1339 312 Uebungen.

238 409 444 451 nodosum
478 409 703 452 admodum
737 410 802 452 vel
835 421 1034 462 asperum
1065 408 1252 462 reperire
1284 409 1380 451 est?
1415 409 1537 460 Quod
1569 410 1603 451 si
1635 410 1821 453 salebras
1854 411 1964 465 ejus-

238 484 350 526 modi
382 488 458 527 aut
487 485 619 528 nodos
651 485 744 528 ideo
768 485 949 527 fortasse
980 484 1318 538 complectendos
1343 484 1551 539 ducimus,
1587 488 1631 527 ut
1652 486 1964 539 provectiorum

238 563 280 601 et
309 560 475 613 ingenio
499 560 571 613 qui
592 564 816 614 praestant
839 559 1142 612 discipulorum
1167 571 1423 601 exacuamus
1446 559 1714 615 industriam,
1737 560 1802 602 vel
1825 573 1966 602 aemu-

237 635 437 677 lationem
478 635 715 677 foveamus:
758 635 841 676 alia
882 634 1017 676 multa
1058 633 1247 688 profecto
1288 637 1545 689 suppetunt,
1589 635 1742 688 quibus
1785 635 1844 677 illi
1887 635 1967 689 ipsi

238 712 524 763 exerceantur,
557 715 605 752 ut
637 711 816 764 amplius
849 709 976 752 etiam
1009 713 1050 751 et
1080 708 1302 763 proficiant
1324 709 1555 752 identidem
1579 714 1622 752 et
1643 710 1839 753 ardorem
1869 723 1965 765 pro-

236 784 399 827 ficiendi
433 788 629 839 augeant,
663 785 763 839 quin
794 785 983 838 asperari
1005 787 1231 838 propterea
1252 785 1532 839 scriptionum
1556 785 1747 827 themata
1771 789 1968 840 oporteat

237 860 460 914 nimiisque
491 860 533 902 id
566 873 697 913 genus
729 860 851 902 nodis
887 860 1108 914 implicari.

550 1264 797 1313 Themata
850 1283 911 1313 zu
972 1265 1302 1314 lateinischen
1363 1264 1652 1313 Aufs‘atzen.

682 1404 750 1446 De
795 1404 1079 1458 scriptione
1123 1417 1209 1446 seu
1252 1405 1520 1447 Thematis.

719 1484 922 1530 (Wagner,
949 1484 1168 1520 Instructio
1193 1494 1233 1529 p.
1253 1484 1489 1529 242—249.)

470 1588 708 1622 »Persuasum
743 1588 811 1622 sibi
846 1587 979 1622 habeat
1005 1587 1185 1631 Magister
1195 1615 1203 1631 ,
1237 1587 1348 1631 probe
1381 1588 1567 1622 institutos
1603 1588 1802 1633 discipulos
1835 1588 1967 1632 quique

376 1657 444 1680 non
472 1646 673 1681 declamare
701 1647 815 1681 solum
843 1646 906 1681 sed
931 1651 966 1680 et
984 1646 1169 1690 egregium
1189 1645 1275 1690 quid
1295 1657 1358 1680 suo
1378 1651 1490 1680 marte
1511 1646 1670 1681 scribere
1690 1646 1822 1691 norint,
1848 1656 1968 1680 veram

377 1715 455 1739 esse
482 1710 517 1739 et
544 1705 687 1739 unicam
713 1704 878 1738 docentis
904 1703 1080 1738 laudem«
1135 1704 1294 1747 Wagner
1320 1715 1353 1748 p.
1372 1706 1438 1739 258

352 1809 593 1851 Secundum
630 1809 835 1861 Regulam
874 1809 1088 1851 mensibus
1126 1809 1303 1862 singulis
1343 1809 1555 1851 orationes
1595 1809 1786 1862 singulae
1831 1810 1967 1852 absol-

239 1885 413 1933 vendae,
447 1897 678 1938 earumque
710 1884 853 1926 thema
885 1885 949 1926 vel
981 1885 1022 1926 in
1054 1885 1265 1939 Principio
1297 1885 1470 1936 Mensis,
1510 1885 1573 1926 vel
1605 1885 1781 1937 singulis
1813 1885 1968 1927 hebdo-

237 1960 371 2002 madis
404 1973 480 2013 par
511 1963 655 2013 partes
689 1960 935 2002 dictandum
968 1964 1102 2015 esset,
1144 1960 1272 2014 idque
1305 1960 1450 2011 breve,
1495 1959 1608 2013 quod
1639 1962 1781 2002 tamen
1824 1973 1967 2002 omnes

237 2035 439 2077 orationis
470 2041 628 2089 partes,
662 2049 761 2077 suos
785 2036 886 2077 item
909 2036 1037 2089 locos,
1071 2034 1435 2089 amplificationes,
1467 2035 1625 2088 figuras
1657 2035 1823 2077 habeat.
1878 2036 1968 2077 Hoc

237 2122 335 2152 vero
368 2114 415 2151 ut
445 2111 486 2151 in
519 2111 567 2152 iis
600 2111 830 2153 Provinciis
862 2110 951 2153 fieri
983 2111 1130 2165 possit,
1162 2111 1201 2151 in
1236 2110 1390 2164 quibus
1422 2123 1586 2152 summa
1608 2111 1860 2153 Rhetoricae
1886 2110 1965 2165 Cy-

238 2185 373 2238 priani
398 2186 487 2238 Jam
518 2186 559 2227 in
584 2186 870 2228 Humanitatis
903 2186 1036 2228 classe
1070 2186 1318 2239 explicatur,
1352 2189 1396 2227 at
1427 2186 1539 2238 apud
1573 2199 1647 2228 nos
1679 2186 1731 2228 ad
1755 2186 1967 2229 orationes

239 2260 396 2313 gradus
428 2260 516 2302 fieri
555 2261 722 2314 nequit,
766 2264 995 2314 antequam
1036 2265 1198 2314 primus
1241 2265 1282 2303 et
1325 2261 1534 2303 secundus
1576 2260 1714 2303 Suarii
1757 2261 1862 2303 liber
1902 2274 1968 2303 ex-

240 2336 447 2389 planetur.
511 2336 686 2377 Interim
718 2340 863 2378 nostro
898 2349 1013 2377 more
1045 2336 1192 2389 primis
1226 2336 1422 2377 nimirum
1457 2339 1642 2389 quatuor
1673 2340 1748 2378 aut
1779 2337 1967 2390 quinque

239 2410 453 2452 mensibus
491 2411 726 2463 singulares
769 2410 1089 2453 exercitationes
1132 2410 1367 2463 dictantur,
1410 2414 1732 2464 praeceptorum
1774 2412 1968 2465 explana-

240 2486 344 2527 tioni
377 2486 699 2539 respondentes:
733 2490 782 2527 ut
813 2486 960 2540 primis
993 2486 1159 2527 duobus
1198 2486 1413 2527 mensibus
1446 2486 1497 2527 de
1528 2486 1629 2527 locis
1662 2490 1703 2528 et
1741 2485 1966 2540 amplifica-

239 2561 370 2607 tione2
404 2562 678 2615 sequentibus
711 2561 876 2603 duobus
902 2561 953 2603 de
982 2561 1215 2611 aflectibus,
1249 2566 1291 2603 et
1323 2561 1786 2614 argumentationibus3
1819 2561 1966 2614 quinto

239 2636 290 2677 de
320 2635 476 2689 figuris.
540 2636 742 2679 Semestri
775 2637 907 2679 altero
942 2637 1154 2679 orationes
1187 2637 1436 2679 scribentur.

378 2723 476 2764 Tria
498 2736 595 2764 vero
618 2726 718 2765 sunt
734 2724 987 2765 Thematum
1010 2736 1180 2777 genera,
1202 2724 1384 2778 primum
1408 2724 1521 2777 quod
1540 2724 1803 2765 elaboratum
1826 2723 1966 2777 appel-

239 2798 394 2851 lemus,
427 2811 521 2839 cuin
553 2799 729 2840 materia
771 2799 912 2852 aliqua
943 2800 1004 2841 ita
1030 2800 1117 2853 Jam
1152 2799 1335 2852 digesta,
1374 2801 1416 2841 et
1454 2799 1494 2840 in
1535 2799 1722 2841 ordinem
1763 2799 1967 2841 collocata

241 2873 440 2928 dictatur,
472 2876 520 2914 ut
554 2877 723 2926 praeter
747 2873 1036 2915 dilatationem
1062 2874 1244 2927 aliquam
1270 2878 1311 2915 et
1333 2876 1581 2916 ornamenta
1603 2872 1704 2914 nihil
1727 2872 1965 2915 addendum

240 2949 295 2990 sit
326 2962 350 2990 a
378 2948 660 2991 Scholaribus.
724 2949 839 2990 Haec
873 2949 1077 3002 singulari
1110 2962 1211 2991 cura
1244 2962 1291 2990 ac
1323 2949 1541 3001 diligentia
1563 2948 1820 3003 elaboranda
1851 2951 1964 3003 sunt,

240 3036 334 3065 cum
366 3036 442 3076 pro
474 3023 644 3065 modulo
677 3024 775 3078 sint,
808 3024 1075 3077 multumque
1108 3024 1160 3065 ad
1193 3024 1426 3078 profectum
1458 3023 1673 3064 meliorem
1702 3022 1870 3064 faciant.

376 3109 569 3151 Alterum
602 3110 884 3152 Summarium
920 3123 1141 3163 vocemus,
1180 3123 1274 3153 cum
1312 3111 1405 3164 plus
1438 3111 1527 3164 jam
1566 3109 1725 3163 aliquid
1763 3109 1966 3152 tribuitur

243 3184 478 3239 discipulis,
517 3189 559 3226 et
600 3199 764 3227 summa
806 3189 973 3227 tantum
1017 3186 1175 3241 capita,
1219 3190 1264 3227 ut
1306 3186 1482 3227 Partitio
1526 3185 1747 3237 orationis,
1791 3185 1963 3238 ejusque
