2164 3535
208 231 289 272 388
568 229 752 264 Deutsche
779 229 1141 274 Reformvorschlage
1167 229 1226 265 fur
1254 230 1312 265 die
1338 231 1381 266 R.
1408 236 1450 266 st.
1480 235 1578 268 1829.

203 368 345 422 pensis
387 369 570 423 quaein
614 372 843 422 utramque
880 372 1046 423 partem
1090 369 1247 412 adferri
1290 371 1429 413 solent
1469 372 1725 428 rationibus,
1770 373 1938 415 omnino

204 444 385 500 videtur,
418 445 537 487 illum
569 458 744 499 morem,
777 444 848 487 ubi
878 458 961 487 non
994 445 1120 501 viget,
1153 445 1322 488 minime
1354 446 1709 490 introducendum
1741 460 1848 503 esse,
1880 448 1939 490 ita

205 524 368 576 tamen,
412 523 460 562 ut
493 519 596 562 nihil
627 519 852 575 impediat,
895 520 1120 574 quominus
1153 520 1314 574 aliquid
1353 521 1596 575 huJ'usmodi
1627 522 1668 563 in
1709 522 1942 564 extraordi—

204 596 323 639 nario
347 595 533 649 quodam
567 608 667 638 casu
701 595 890 649 permitti
923 596 1075 648 possit:
1108 595 1225 651 haec,
1259 599 1468 650 quantum
1491 599 1672 651 constat,
1706 597 1939 639 communis

205 674 269 713 est
300 670 459 724 opinio3
493 670 568 713 sed
601 684 650 713 ex
683 671 818 714 altera
849 674 994 726 parte,
1028 671 1224 713 eumdem
1257 684 1418 715 morem
1450 672 1492 714 in
1524 684 1605 714 usu
1632 673 1722 726 jam
1753 673 1940 726 positum
1969 659 1972 661 Δ

204 745 362 799 passim
392 758 475 788 non
506 745 632 788 modo
665 746 754 788 sine
787 745 1013 797 dedecore,
1046 759 1194 788 verum
1226 746 1355 789 etiam
1387 759 1483 789 cum
1515 747 1657 790 fructu
1680 750 1723 790 et
1755 748 1938 790 utilitate

204 820 456 863 multimoda
497 821 670 864 retineri
713 834 858 877 posse,
901 824 943 864 et
975 825 1062 863 tam
1105 822 1254 875 procul
1298 823 1447 866 abesse
1490 823 1649 866 abusus
1690 824 1939 877 periculum,

205 909 334 950 quam
375 896 533 953 abfuit,
575 910 670 940 cum
713 897 821 939 ratio
864 897 1103 940 studiorum
1145 898 1330 952 primum
1373 898 1641 940 conderetur.
1705 899 1939 941 Secundo

205 972 440 1015 notandum
480 972 669 1028 videtur,
706 973 796 1027 jam
833 976 1074 1025 temporum
1117 974 1270 1016 rationi
1303 986 1385 1016 non
1425 986 1517 1017 esse
1560 974 1848 1025 consentiens,
1892 979 1940 1016 ut

206 1048 446 1091 comoediae
487 1052 563 1090 aut
608 1048 854 1102 tragoediae
895 1048 1024 1090 latine
1071 1051 1383 1102 proponantur:
1430 1049 1505 1091 sed
1546 1053 1594 1090 ut
1640 1049 1780 1091 decori
1822 1050 1937 1102 leges

206 1125 340 1167 multo
372 1124 507 1177 magis
540 1124 582 1166 in
614 1124 760 1176 lingua
792 1123 1021 1166 vernacula
1052 1124 1185 1177 probe
1217 1127 1454 1166 serventur.
1469 1126 1497 1176 ¹)

475 1368 569 1420 ς3.
631 1367 702 1409 De
745 1366 959 1420 regulis
1001 1365 1287 1408 Praefecti
1331 1366 1667 1409 Studiorum.

348 1470 420 1512 Ad
453 1483 551 1523 reg.
587 1472 652 1512 30.
707 1471 963 1524 Temporum
985 1471 1095 1513 ratio
1128 1471 1331 1525 postulat,
1364 1471 1517 1522 utiam
1550 1471 1620 1512 alii
1654 1471 1747 1513 libri
1771 1475 1941 1525 praeter

209 1545 454 1599 adsignatos
486 1545 643 1589 nostris
676 1545 943 1589 auditoribus
983 1546 1223 1588 tradantur.
1287 1547 1444 1588 Parum
1476 1546 1599 1588 hodie
1631 1546 1813 1588 efficient
1845 1560 1939 1588 cum

209 1621 437 1663 Aristotele
469 1624 512 1663 et
543 1621 583 1662 in
616 1633 712 1662 eum
756 1621 1088 1671 commentariis3
1132 1634 1279 1662 verum
1320 1621 1448 1663 etiam
1481 1621 1590 1663 male
1632 1621 1873 1678 proficient,
1905 1622 1941 1663 si

210 1697 414 1750 incipiant
446 1696 685 1750 promiscue
718 1696 857 1749 legere
890 1709 1184 1750 quaecumque
1217 1709 1327 1739 nova
1358 1696 1398 1738 in
1431 1696 1568 1739 lucem
1601 1697 1833 1752 prodeunt,
1866 1710 1940 1739 nec

211 1784 306 1813 raro
346 1771 637 1823 inveniuntur,
682 1771 754 1824 qui
786 1784 809 1812 c
842 1772 1041 1813 continua
1074 1771 1391 1824 ephemeridum
1434 1772 1680 1825 (Journaux)
1714 1776 1756 1814 et
1788 1772 1941 1814 disser-

210 1846 545 1888 tatiuncularum
606 1846 786 1889 lectione
849 1846 1078 1888 maximum
1140 1846 1301 1888 solidae
1359 1845 1576 1888 doctrinae
1638 1846 1938 1889 detrimentum

212 1922 442 1975 patiantur.
506 1922 691 1964 Annales
725 1922 776 1964 de
816 1922 942 1963 rebus
984 1920 1285 1975 philosophicis
1318 1933 1365 1963 ac
1406 1921 1589 1975 physicis
1622 1926 1670 1963 ut
1711 1922 1940 1975 plurimum

214 1997 524 2050 professoribus
557 2009 605 2038 ac
638 1997 781 2039 studia
814 1996 1104 2050 repetentibus
1138 1996 1372 2038 conducere
1404 1996 1613 2039 videntur.

214 2254 308 2305 §AL
370 2252 441 2294 De
483 2252 695 2305 regulis
738 2252 1159 2305 professoribus
1201 2252 1553 2306 superiorum
1605 2252 1940 2296 facultatum

880 2333 1271 2376 communibus.

349 2449 421 2491 Ad
453 2461 551 2502 reg.
575 2451 613 2491 9.
677 2449 878 2500 Quaestio
911 2449 1063 2502 agitari
1094 2450 1216 2503 solet,
1250 2451 1394 2492 utrum
1424 2449 1466 2491 in
1489 2448 1687 2492 docendis
1710 2450 1939 2503 superiori-

212 2526 290 2567 bus
322 2524 598 2567 facultatibus
630 2524 791 2567 dictare
822 2526 1033 2578 praestet,
1067 2537 1118 2566 an
1152 2537 1251 2567 vero
1278 2525 1402 2578 juxta
1434 2527 1645 2566 tractatus
1678 2524 1788 2578 typis
1820 2537 1938 2566 man-

213 2600 334 2642 datos
374 2600 593 2654 explicare.
658 2600 706 2641 In
738 2599 932 2653 pluribus
965 2599 1316 2642 universitatibus
1349 2599 1604 2653 rejiciuntur
1635 2599 1852 2642 auditores
1885 2599 1938 2641 ad

214 2687 285 2717 eos
317 2678 533 2730 auctores,
579 2674 650 2728 qui
684 2687 771 2717 rem
805 2688 829 2716 a
861 2674 1099 2728 professore
1131 2674 1421 2727 explicandam
1454 2677 1652 2717 accurate
1683 2677 1938 2726 tractarunt,

213 2762 261 2791 ac
291 2750 453 2792 interea
484 2750 698 2803 professor
722 2750 846 2803 juxta
878 2749 1050 2803 propria
1080 2762 1158 2791 sua
1179 2749 1340 2803 scripta
1362 2749 1596 2791 doctrinam
1619 2749 1832 2804 proponit,
1866 2749 1938 2802 qui

213 2825 339 2866 etiam
358 2837 461 2867 usus
478 2825 519 2866 in
543 2824 753 2866 nonnullis
772 2824 872 2866 locis
895 2824 1194 2878 praevaluerat
1216 2827 1315 2866 ante
1335 2824 1556 2866 Societatis
1580 2824 1935 2877 suppressionem.

214 2899 323 2941 Alibi
364 2899 597 2941 traduntur
636 2899 902 2941 auditoribus
943 2901 1153 2941 tractatus
1195 2898 1479 2952 compendiosi
1521 2899 1579 2940 ita
1623 2898 1849 2954 compacti,
1890 2903 1939 2940 ut

214 2974 463 3028 interposita
494 2974 658 3028 paginis
692 2973 840 3016 charta
871 2974 967 3016 alba
997 2973 1252 3016 adnotandis
1274 2973 1562 3027 professorum
1585 2974 1936 3028 explicationibus

347 3113 374 3155 1)
400 3112 441 3146 In
476 3111 539 3146 der
565 3111 661 3145 That
696 3110 838 3146 werden
867 3111 959 3154 jetzt
993 3111 1051 3145 die
1078 3110 1339 3146 Schuldramen
1373 3110 1409 3144 in
1443 3111 1507 3145 der
1531 3111 1824 3156 Muttersprache
1858 3111 1936 3146 auf-

213 3168 367 3211 gefuhrt.
