2164 3535
531 226 693 261 Aelteste
721 225 888 260 Statuten
915 224 978 259 des
1004 223 1140 259 Wirzb.
1165 223 1455 259 Pr.-Seminars.
1495 225 1595 258 1608.
1842 225 1922 267 301

206 379 377 409 mensae
409 365 594 409 audient.
648 365 750 407 nihil
782 365 879 407 inde
910 365 976 407 vel
1006 364 1127 418 panis
1160 363 1225 407 vel
1256 363 1395 406 carnis
1427 361 1493 404 vel
1525 361 1686 404 obsonii
1719 361 1925 418 auferent,

205 442 312 484 alias
345 441 533 495 graviter
565 454 589 483 a
617 443 789 494 regente
810 440 1054 494 punientur.
1108 439 1212 481 actis
1236 438 1399 493 gratiis,
1432 449 1516 491 quo
1539 440 1745 479 venerunt
1767 437 1926 493 ordine,

204 516 257 558 ad
297 517 388 558 loca
428 516 676 558 recreationi
715 518 881 557 statuta
912 527 957 557 se
988 514 1215 557 conferent.
1280 516 1447 566 tempus
1481 514 1624 554 autem
1655 512 1927 554 recreationis

204 604 229 633 a
260 591 438 645 prandio
471 593 514 632 et
545 602 676 632 coena
707 590 787 632 erit
819 589 943 631 unius
976 589 1119 644 horae,
1152 601 1235 642 quo
1269 592 1461 642 tempore
1493 587 1695 630 honestae
1724 590 1766 629 et
1787 587 1928 629 mode-

203 668 322 707 ratae
360 665 548 718 corporis
590 664 841 706 recreationi
880 675 958 705 suo
997 663 1177 716 quisque
1209 663 1250 704 in
1281 663 1373 705 loco
1406 662 1585 704 vacabit.
1648 662 1737 703 ludi
1771 665 1928 717 autem,

204 740 358 794 quibus
404 739 635 789 vacabunt,
684 741 811 780 erunt
856 738 986 793 pilae,
1033 736 1256 790 globorum
1303 740 1346 779 et
1393 737 1591 779 similium
1637 737 1925 779 honestorum.

204 816 362 858 alumni
405 827 548 858 omnes
589 817 761 856 cantum
801 813 967 855 discant
997 812 1115 865 signo
1149 811 1202 853 ad
1234 811 1313 853 hoc
1346 811 1458 853 dato.
1520 824 1596 854 nec
1628 811 1822 865 deinceps
1854 812 1929 854 ulli

204 889 257 931 ad
289 889 586 941 sacerdotium,
618 888 698 930 nisi
730 887 861 941 probe
893 889 1065 929 cantum
1095 886 1304 940 noverint,
1337 886 1631 928 admittentur.
1694 899 1719 928 a
1749 886 1830 929 fine
1862 900 1926 929 re-

206 965 428 1007 creationis
469 965 523 1007 ad
563 963 706 1007 studia
748 962 959 1005 redibunt.
1021 964 1250 1014 antequam
1295 961 1467 1004 studere
1505 961 1729 1017 incipiant,
1781 974 1930 1004 censor

205 1040 458 1082 orationem:
508 1039 732 1081 »Actiones
776 1040 945 1079 nostras
983 1039 1089 1078 etc«
1130 1035 1348 1087 recitabit,
1399 1047 1527 1089 quam
1566 1048 1710 1077 omnes
1751 1039 1928 1092 attente,

205 1115 342 1168 capite
374 1118 537 1170 aperto,
571 1113 754 1156 audient.
805 1125 890 1166 qua
922 1111 1035 1153 dicta
1066 1111 1281 1153 silentium
1314 1111 1401 1153 alta
1424 1123 1525 1153 voce
1546 1110 1713 1152 indicet.
1762 1113 1805 1151 et
1825 1110 1930 1153 haec

206 1191 339 1232 oratio
380 1190 499 1232 initio
543 1189 781 1231 studiorum
821 1200 988 1241 semper
1027 1187 1108 1229 erit
1145 1185 1470 1240 praemittenda.
1532 1184 1768 1227 studebunt
1799 1185 1929 1228 donec

205 1266 388 1319 primum
421 1264 475 1307 ad
507 1263 671 1307 scholas
713 1263 879 1316 signum
919 1261 1054 1304 detur.
1119 1274 1202 1315 quo
1241 1261 1340 1302 dato
1385 1273 1480 1303 cum
1521 1260 1644 1303 sociis
1686 1260 1739 1302 ad
1770 1273 1931 1303 meren-

206 1340 304 1383 dam
335 1339 549 1391 accedent,
583 1338 733 1381 deinde
765 1337 911 1380 ordine
943 1350 1027 1391 quo
1059 1348 1190 1391 supra
1222 1336 1276 1378 ad
1308 1335 1488 1378 scholas.
1551 1335 1623 1378 ubi
1663 1339 1805 1378 autem
1845 1347 1932 1377 om-

205 1416 322 1458 nium
372 1415 603 1459 lectionum
652 1413 746 1455 finis
794 1413 898 1468 erit,
952 1412 1125 1454 domum
1174 1411 1334 1454 reversi
1385 1410 1582 1453 exercitio
1631 1410 1844 1453 vacabunt
1888 1410 1930 1451 in

206 1494 392 1544 aestate,
433 1491 476 1534 in
516 1491 666 1544 hyeme
706 1492 755 1531 111
796 1489 901 1531 alias
946 1488 1000 1531 ad
1039 1487 1183 1531 studia
1224 1486 1446 1542 redibunt,
1495 1485 1731 1528 studebunt
1774 1487 1930 1541 autem,

206 1567 338 1610 donec
370 1566 424 1609 ad
455 1577 644 1609 mensam
674 1564 881 1619 pulsetur.
931 1566 1029 1617 post
1060 1574 1233 1606 coenam
1264 1561 1318 1604 ad
1350 1561 1671 1617 recreationem,
1704 1560 1854 1603 deinde
1876 1560 1931 1602 ad

206 1642 350 1685 studia
387 1641 596 1684 redibunt.
660 1640 765 1682 hora
807 1642 956 1682 octava
989 1638 1089 1680 dato
1122 1637 1242 1691 signo
1274 1636 1328 1679 ad
1361 1637 1595 1679 orationem
1627 1648 1676 1678 eo
1709 1648 1754 1678 se
1785 1635 1932 1678 statim

209 1717 440 1773 conferent,
473 1720 516 1759 et
548 1728 722 1758 examen
756 1714 1037 1758 conscientiae
1069 1713 1237 1768 facient,
1269 1715 1368 1766 post
1397 1711 1523 1754 finem
1546 1711 1749 1753 orationis
1777 1710 1931 1763 singuli

208 1792 262 1835 ad
300 1792 457 1834 lectum
503 1803 596 1834 sese
642 1789 858 1833 conferent
903 1792 946 1830 et
993 1791 1223 1841 antequam
1270 1799 1419 1830 censor
1463 1787 1716 1829 »Misercre«
1765 1785 1931 1841 dixerit,

207 1880 352 1911 omnes
393 1867 436 1909 in
474 1867 582 1909 lecto
624 1867 761 1908 erunt.
824 1864 971 1907 diebus
1013 1862 1277 1905 sabbathinis
1321 1861 1393 1905 fiet
1424 1862 1665 1905 distributio
1697 1861 1931 1904 officiorum

208 1947 250 1985 et
281 1943 323 1984 in
355 1954 485 1985 coena
515 1940 861 1995 nominabuntur,
893 1939 965 1993 qui
992 1938 1144 1980 lecturi
1168 1938 1222 1980 ad
1242 1949 1446 1992 mensam,
1480 1938 1551 1990 qui
1573 1937 1787 1991 precaturi
1809 1949 1931 1979 mane

208 2021 251 2060 et
282 2017 445 2071 vesperi
479 2016 749 2071 »Miserere«,
782 2015 854 2069 qui
886 2027 1080 2057 censores
1104 2014 1393 2056 cubiculorum
1417 2017 1460 2056 et
1480 2013 1610 2056 studii
1632 2013 1779 2055 futuri.
1829 2012 1932 2054 haec

209 2095 350 2134 autem
384 2092 627 2134 distributio
660 2091 712 2133 ad
744 2090 1053 2145 praescriptum
1085 2088 1288 2143 praefecti
1320 2089 1470 2131 domus
1502 2088 1585 2131 fiet.

747 2355 823 2397 De
865 2354 1073 2397 officio
1116 2354 1397 2408 regentis.

348 2472 603 2525 Respublica
635 2471 713 2513 etsi
745 2470 914 2525 optimis
947 2470 1184 2524 praeceptis
1217 2470 1428 2511 instructa
1459 2469 1533 2525 sit,
1573 2469 1742 2511 interim
1774 2471 1930 2525 tamen,

210 2548 244 2589 si
277 2547 434 2603 desint,
476 2547 549 2600 qui
581 2550 750 2601 curent,
789 2550 838 2587 ut
869 2548 1112 2597 serventur,
1144 2544 1259 2586 illam
1292 2544 1408 2586 brevi
1442 2556 1613 2598 pessum
1645 2544 1716 2599 iri,
1748 2556 1931 2599 necesse,

209 2623 269 2664 ita
300 2622 427 2664 etiam
460 2622 501 2663 in
523 2621 602 2663 hoc
624 2622 812 2675 collegio,
846 2621 880 2662 si
905 2621 970 2662 cui
992 2620 1118 2674 hujus
1142 2632 1244 2662 cura
1267 2619 1521 2662 demandata
1544 2622 1621 2675 est,
1654 2632 1735 2661 non
1761 2619 1931 2661 assidue

208 2698 251 2739 in
288 2697 551 2739 iuventutem
593 2697 748 2750 alioqui
786 2696 890 2739 satis
922 2708 1099 2749 pronam
1133 2695 1187 2737 ad
1219 2695 1376 2736 malum
1408 2694 1605 2748 inspiciat
1636 2698 1678 2736 et
1709 2694 1933 2747 diligenter

210 2775 418 2827 attendat,
451 2784 552 2813 num
584 2784 694 2824 quae
720 2771 849 2813 semel
872 2773 984 2812 recte
1005 2770 1268 2823 praescripta
1291 2773 1528 2823 serventur,
1561 2768 1645 2810 labi
1669 2769 1931 2822 disciplinam

210 2860 315 2901 opus
348 2851 424 2890 est.
478 2850 527 2889 ut
556 2847 702 2901 itaque
733 2859 882 2900 regens
914 2845 1036 2887 istius
1068 2845 1218 2887 domus
1250 2844 1384 2887 officio
1417 2857 1495 2886 suo
1527 2844 1568 2885 in
1601 2843 1777 2886 ecclesia
1807 2856 1928 2896 peru-

208 2923 271 2964 tili
313 2926 355 2964 et
394 2922 630 2965 necessario
668 2922 798 2976 probe
839 2921 1042 2974 fungatur
1082 2920 1326 2974 multosque
1366 2920 1419 2961 ad
1461 2920 1625 2961 vineam
1665 2918 1820 2961 domini
1863 2931 1930 2959 ex-

211 2997 428 3040 colendam
460 2997 674 3050 operarios
706 2997 911 3052 instruat,
954 3009 1023 3050 ea,
1066 3008 1174 3049 quae
1206 2999 1465 3049 sequuntur,
1503 3007 1579 3048 pro
1613 2994 1720 3036 virili
1762 3005 1931 3036 servare

209 3072 409 3114 studebit.

350 3147 482 3188 Extra
514 3146 734 3199 collegium
766 3159 849 3187 non
881 3145 1169 3200 pernoctabit,
1202 3146 1335 3187 multo
1369 3145 1506 3186 minus
1538 3144 1656 3198 urbe,
1688 3147 1736 3184 ut
1768 3142 1932 3195 aliquot
