2164 3535
249 210 330 251 226
779 207 1053 251 Heranbildung
1078 208 1141 243 der
1173 207 1311 242 Lehrer
1339 211 1436 243 1622.

247 348 476 401 tragoediis
517 349 697 390 maxime
736 346 1027 389 observandae
1066 350 1168 389 sunt
1207 346 1370 401 figurae
1410 350 1717 392 sententiarum
1746 349 1962 393 affectibus

248 428 548 477 congruentes;
590 436 639 465 ac
676 423 852 477 proinde
884 423 1141 476 tragicorum
1173 422 1297 464 lectio
1331 424 1559 477 plurimum
1591 425 1862 468 emolumenti
1895 427 1966 469 ad-

248 500 330 541 fert
361 499 413 541 ad
446 499 671 549 orationes,
705 510 814 551 quae
848 502 948 539 sunt
979 499 1020 539 in
1053 497 1222 540 sublimi
1253 510 1421 551 genere.

386 576 437 617 39
473 573 593 624 Quod
615 573 668 615 ad
690 573 843 615 verba
874 577 915 615 et
944 573 1154 627 phrases
1177 573 1343 627 attinet,
1379 586 1465 628 eas,
1497 587 1606 628 quae
1628 575 1682 617 ad
1703 577 1967 631 majestatem

247 650 402 692 heroici
436 649 630 692 carminis
664 649 890 703 pertinent,
923 648 1093 701 collegit
1114 660 1163 689 ex
1185 651 1274 689 toto
1294 648 1474 701 Virgilio
1498 649 1575 691 Iul.
1596 649 1784 704 Scaliger
1805 664 1894 706 cap.
1917 653 1968 694 13

248 724 316 766 lib.
341 726 367 765 4
398 724 599 778 poeticae.
655 724 778 767 Unde
813 723 909 765 licet
940 722 1110 765 modum
1143 723 1302 766 discere
1336 724 1463 766 etiam
1496 726 1680 778 tragicas
1703 726 1968 769 observandi.

247 800 310 841 De
341 799 479 850 modo,
511 812 594 852 quo
623 798 906 852 amplificatur
927 802 969 840 et
991 798 1116 840 rebus
1140 799 1487 841 accommodatur
1509 805 1672 857 poema,
1705 802 1794 854 agit
1815 801 1968 855 Georg.

248 874 462 917 Fabritius
505 874 571 916 lib.
599 876 622 914 (3
663 876 705 916 et
746 873 1033 916 Bernardinus
1066 873 1320 916 Parthenius
1363 876 1388 916 l.
1414 876 1477 917 ΙΙΙ
1520 889 1552 917 c.
1577 879 1602 917 4
1647 877 1698 918 de
1739 877 1972 919 imitatione

247 950 430 1003 poetica:
465 950 516 992 de
549 950 850 1005 compositione
883 949 1113 1002 virgiliana
1144 949 1233 991 Jac.
1268 950 1486 992 Pontanus
1519 952 1559 993 in
1593 952 1773 1006 dialogo,
1805 952 1876 1005 qui
1908 953 1970 993 in-

246 1025 447 1068 scribitur
476 1026 630 1068 Actias.

956 1291 1115 1347 Caput
1147 1292 1263 1334 vm.

850 1396 936 1445 De
989 1396 1372 1446 historicis.

384 1513 446 1554 De
475 1511 685 1554 historicis
719 1512 904 1555 breviter
935 1513 1132 1567 adjungo,
1166 1513 1392 1555 Caesarem
1425 1513 1534 1555 Inter
1564 1513 1656 1555 illos
1686 1526 1768 1555 non
1792 1514 1966 1569 censeri,

246 1588 319 1631 sed
360 1601 452 1631 esse
493 1589 716 1641 legendum
758 1589 904 1631 eodem
937 1588 1080 1639 modo,
1125 1602 1207 1642 quo
1241 1589 1446 1643 epistolae
1479 1589 1706 1631 Ciceronis.
1767 1589 1967 1632 Historici

246 1676 344 1717 ergo
377 1664 586 1718 principes
618 1668 718 1706 sunt
749 1663 960 1706 Salustius
994 1667 1036 1706 et
1068 1664 1236 1719 Livius,
1279 1677 1384 1717 quos
1418 1664 1583 1717 legendi
1624 1663 1795 1705 modum
1834 1664 1968 1706 disces

247 1752 293 1781 ex
326 1739 415 1781 Jac.
443 1739 622 1781 Pontani
655 1739 753 1781 dial.
788 1740 854 1781 cit.
921 1740 1086 1782 Livium
1118 1744 1296 1793 propter
1328 1739 1662 1792 magnitudinem
1695 1739 1896 1781 historiae
1927 1742 1970 1781 et

246 1814 457 1867 quandam
496 1815 698 1857 orationis
738 1815 1023 1867 granditatem
1056 1815 1224 1856 imitatu
1257 1815 1490 1856 faciliorem
1523 1815 1806 1857 existimarem
1838 1814 1967 1868 priori

247 1889 336 1931 loco
378 1890 621 1943 legendum;
663 1889 735 1931 sed
777 1890 904 1931 vincit
936 1903 1030 1931 eum
1065 1889 1280 1932 Salustius
1310 1889 1556 1945 prudentia,
1600 1890 1802 1931 orationis
1834 1890 1971 1931 brevi-

246 1968 348 2015 tate,
381 1965 590 2007 suavitate
623 1969 664 2006 et
696 1965 924 2014 celeritate,
960 1977 1066 2017 quas
1100 1965 1283 2007 virtutes
1307 1978 1357 2006 ne
1385 1965 1475 2017 ipse
1498 1964 1666 2018 quidem
1690 1964 1833 2006 Livius
1857 1977 1969 2006 asse-

247 2040 318 2093 qui
350 2041 499 2093 potuit.
563 2040 762 2083 Cavenda
793 2043 934 2082 tamen
969 2042 1068 2081 sunt
1100 2040 1234 2082 multa
1267 2041 1443 2093 antiqua
1474 2040 1514 2081 in
1549 2040 1754 2091 Salustio,
1787 2052 1968 2093 quorum

248 2115 423 2157 indicem
455 2116 630 2169 praebet
661 2115 787 2156 editio
820 2115 892 2157 illa
924 2115 1141 2157 Putziana.

979 2405 1136 2461 Caput
1169 2405 1238 2450 ΙΧ.

784 2510 869 2559 De
925 2529 1042 2560 usu
1096 2511 1437 2560 lectionis.

390 2626 667 2671 Vehementer
698 2627 828 2682 probo
852 2629 897 2671 L.
923 2630 1082 2673 Annaei
1105 2629 1288 2672 Senecae
1306 2629 1512 2683 judicium
1545 2641 1608 2682 ep.
1633 2630 1671 2679 2,
1704 2627 1744 2669 in
1769 2639 1854 2680 qua
1875 2628 1966 2667 tum

249 2701 351 2753 alia,
393 2705 483 2744 tum
524 2703 626 2745 haec
658 2703 709 2746 de
741 2704 918 2746 lectione
951 2705 1175 2758 praecipit:
1226 2708 1274 2747 19
1312 2705 1436 2747 certis
1468 2704 1643 2757 ingeniis
1676 2702 1892 2744 immorari
1925 2704 1968 2742 et

250 2777 444 2818 innutriri
487 2780 674 2831 oportet,
717 2779 752 2821 si
793 2780 892 2822 velis
935 2780 1094 2833 aliquid
1134 2780 1328 2831 trahere,
1371 2780 1484 2832 quod
1526 2779 1567 2821 in
1612 2778 1750 2820 animo
1789 2776 1966 2818 firmiter

248 2852 405 2895 sedeat.
478 2853 628 2906 Itaque
670 2854 851 2910 suadeo,
899 2865 974 2909 per
1015 2868 1145 2897 unum
1188 2855 1252 2897 vel
1294 2855 1474 2896 alterum
1515 2866 1670 2896 annum
1712 2853 1787 2895 hos
1831 2852 1966 2893 solum

249 2930 432 2983 autores,
466 2927 516 2969 de
538 2928 691 2981 quibus
713 2930 889 2982 egimus,
920 2930 1024 2983 legi:
1058 2930 1108 2972 de
1138 2942 1220 2984 quo
1244 2943 1280 2971 v.
1306 2929 1494 2983 Lipsium
1518 2942 1550 2971 c.
1569 2931 1615 2970 11
1642 2941 1705 2981 ep.
1729 2927 1882 2978 instit.;
1915 2950 1963 2955 ——

250 3004 300 3044 29
336 3002 540 3045 Probatos
573 3015 739 3057 semper
770 3005 928 3057 legere,
971 3009 1014 3047 et
1044 3006 1078 3048 si
1111 3005 1279 3058 quando
1313 3004 1365 3046 ad
1398 3004 1501 3046 alios
1534 3003 1743 3045 divertere
1781 3001 1965 3051 libuerit,

250 3077 302 3118 ad
335 3078 496 3130 priores
528 3078 636 3129 redi,
680 3104 729 3110 —-
773 3081 824 3122 3¹)
858 3080 963 3122 Cum
996 3081 1129 3122 multa
1160 3080 1434 3134 percurreris,
1468 3092 1597 3120 unum
1631 3090 1819 3130 excerpe,
1851 3075 1965 3129 quod

250 3152 318 3193 illo
351 3153 417 3195 die
450 3166 709 3207 concoquas:
744 3168 1002 3208 concoquere
1035 3159 1175 3197 autem
1209 3158 1273 3195 cst
1306 3155 1345 3195 in
1380 3167 1503 3196 suum
1539 3166 1661 3195 usum
1694 3152 1895 3204 redigere.
