2164 3535
511 222 677 256 Statuten
702 221 765 256 des
790 220 925 255 Kolner
950 219 1290 255 Clericalseminars.
1341 219 1410 255 Um
1439 222 1537 255 1615.
1803 223 1884 264 317

917 525 1143 581 Agenda

429 618 482 658 in
531 617 945 670 assumptione
990 617 1332 660 cuiuslibet
1378 617 1624 660 Alumni.

304 732 593 785 Assumptioni
625 731 850 773 cuiuslibet
881 732 1051 773 Alumni
1083 732 1279 774 intersint
1310 746 1453 776 omnes
1486 733 1654 775 Domini
1684 734 1887 786 Deputati

166 807 219 848 ab
250 807 599 861 Archiepiscopo,
642 806 767 848 simul
799 818 890 848 cum
923 807 1051 848 Patre
1084 807 1292 859 Regente„
1327 820 1374 849 ac
1407 808 1458 849 de
1491 809 1701 850 communi
1735 808 1889 851 delibe-

166 882 330 924 ratione
362 885 405 924 et
436 894 643 923 consensu
675 880 750 923 fiat
781 882 1030 935 assumptio.

305 956 490 1006 Quilibet
521 955 727 997 Alumnus
759 955 801 996 in
833 955 1027 1009 ingressu
1059 956 1158 998 edat
1189 955 1283 998 fidei
1318 957 1635 1010 professionem.

303 1031 580 1073 Describatur
620 1043 696 1084 per
736 1031 1022 1074 Secretarium
1065 1030 1286 1085 Seminarij
1331 1032 1373 1073 in
1415 1032 1522 1074 libro
1565 1033 1619 1074 ad
1659 1033 1737 1075 hoc
1768 1047 1891 1087 prae-

166 1108 317 1160 parato
349 1106 496 1148 Annus
529 1108 572 1148 et
603 1105 691 1148 dies
726 1106 1038 1159 Assumptionis
1080 1106 1171 1148 siue
1209 1107 1427 1159 ingressus
1466 1107 1672 1161 cuiusque
1705 1109 1890 1163 Alumni‚

167 1181 328 1223 Nomen
351 1183 394 1223 et
413 1181 584 1236 familia,
617 1181 706 1223 eius
728 1181 872 1235 Aetas,
905 1181 1057 1237 patria,
1090 1181 1207 1224 locus
1230 1182 1491 1238 Nativitatis‚
1515 1182 1722 1239 Conditio⁷
1755 1184 1887 1236 quali-

168 1259 278 1298 tates
310 1256 401 1299 siue
432 1256 593 1299 talenta
625 1258 668 1298 et
698 1255 891 1298 doctrina
923 1269 997 1298 seu
1030 1256 1294 1312 litteratura,
1337 1257 1523 1311 itemque
1567 1258 1609 1299 in
1651 1258 1891 1311 praedictas

170 1331 430 1374 conditiones
461 1332 575 1374 facta
605 1331 842 1385 promissio‚
875 1335 917 1373 et
947 1331 1044 1374 fidei
1076 1331 1294 1385 professio.

306 1417 423 1459 Idem
454 1417 690 1460 faciendum
725 1418 836 1460 circa
867 1417 1167 1473 dimissionem,
1199 1418 1233 1460 si
1263 1432 1389 1472 quem
1411 1420 1640 1462 Alumnum
1672 1433 1721 1462 ex
1744 1433 1896 1463 caussa

169 1491 324 1534 dimitti
357 1492 638 1546 contingeret3
672 1505 781 1546 quae
814 1493 1002 1535 dimissio
1034 1493 1252 1546 explicatis
1275 1494 1401 1536 simul
1424 1496 1584 1538 caussis
1607 1508 1632 1537 a
1654 1495 1890 1538 Secretario

169 1579 338 1620 quoque
368 1567 585 1620 praedicto
618 1568 726 1609 libro
759 1568 1039 1610 inscribenda.

363 1877 628 1922 Ulterius
669 1880 1075 1924 constituenda
1115 1881 1268 1924 circa
1307 1879 1709 1926 Seminarium.

312 1982 637 2026 Constituantur
669 1985 802 2038 Leges
836 1985 888 2026 ad
921 1986 1143 2041 pietatem,
1184 1986 1349 2040 studia,
1394 1986 1522 2027 vitam
1555 1990 1598 2027 et
1629 1985 1894 2028 administra-

171 2057 327 2100 tionem
359 2058 631 2101 domesticam
663 2060 933 2113 pertinentes.

313 2133 610 2177 Constituatur
640 2147 665 2176 a
697 2135 935 2178 Secretario
968 2136 1095 2178 Liber
1127 2136 1233 2178 alius
1265 2135 1489 2189 peculiaris
1522 2135 1729 2178 bonorum
1761 2139 1804 2177 et
1835 2148 1898 2177 re-

173 2208 339 2251 dituum
371 2208 590 2264 Seminarij
624 2209 815 2252 fixorum.

311 2285 419 2327 Item
460 2285 568 2328 alius
600 2285 830 2327 Redituum
872 2286 1097 2328 cuiuslibet
1137 2286 1234 2328 anni
1275 2286 1328 2328 ab
1360 2285 1555 2328 inchoato
1589 2285 1821 2328 Seminario
1854 2289 1897 2328 et

175 2360 475 2413 Expositorum
507 2373 756 2404 annuorum.

312 2435 429 2477 Alius
461 2447 629 2489 quoque
650 2435 952 2489 Expositorum
985 2436 1329 2489 quotidianorum
1361 2435 1414 2478 ab
1438 2435 1675 2477 Oeconomo
1708 2439 1897 2489 recepto—

175 2523 268 2553 rum
300 2513 343 2552 et
373 2511 678 2564 Expensarum.

918 2801 1156 2846 Forma

608 2882 977 2925 Iuramenti
1025 2881 1464 2927 Alumnorum.

316 2995 408 3048 Ego
447 2996 497 3037 N.
528 2995 602 3047 N„
658 2995 1037 3050 Archiepiscopalis
1089 2995 1308 3051 Seminarij
1365 2996 1624 3039 Coloniensis
1672 2996 1897 3050 Alumnus‚

178 3070 363 3123 spondeo
405 3082 453 3112 ac
484 3071 606 3123 juro,
653 3083 719 3113 me
759 3074 919 3113 statum
952 3071 1297 3114 Ecclesiasticum
1329 3071 1646 3125 amplexurum,
1690 3083 1738 3113 ac
1774 3071 1898 3123 juxta

178 3145 414 3186 Arbitrium
455 3148 498 3186 et
536 3145 784 3187 mandatum
825 3145 912 3188 ΒΨ
954 3145 1268 3200 Archiepiscopi
1311 3146 1571 3188 Coloniensis
1610 3145 1898 3197 cuiuscunque
