2164 3535
214 193 304 265 Νι214
756 220 1031 263 Heranbildung
1057 217 1121 252 der
1145 217 1284 252 Lehrer
1311 220 1410 253 1622.

360 361 394 403 Ε
426 360 706 415 phrasibus
738 360 834 401 illae
865 360 905 401 in
941 359 1084 412 primis
1116 362 1215 401 sunt
1248 357 1557 407 observandae,
1601 369 1710 409 quae
1750 358 1947 411 propriae

222 439 322 479 sunt
360 439 583 490 poetarum
627 438 674 476 ut
715 448 740 476 a
779 434 989 477 communi
1031 433 1231 487 loquendi
1278 445 1394 474 more
1441 435 1484 474 et
1529 432 1765 474 necessario
1812 433 1946 485 magis

223 512 402 561 alienae3
436 511 582 564 quales
615 512 715 551 sunt
750 513 798 552 19
833 522 928 551 cum
959 521 1026 551 res
1060 509 1202 562 aliqua
1233 508 1466 561 explicatur
1498 520 1572 560 per
1602 507 1659 557 id,
1695 507 1810 560 quod
1831 507 1947 549 illam

222 586 446 635 antecedit,
479 588 526 627 ut
556 585 597 626 in
628 585 700 626 illo
735 584 852 626 »Non
883 587 1024 625 tamen
1049 587 1146 625 ante
1168 582 1268 624 mihi
1290 583 1565 636 languescent
1586 582 1745 624 lumina
1769 584 1915 624 morte.
1926 595 1944 623 «

222 661 343 712 Quod
385 661 495 703 enim
526 660 805 712 languescant
834 658 1015 713 lumina,
1059 657 1270 701 antecedit
1301 660 1493 700 mortem.
1558 657 1614 698 Et
1644 656 1686 698 in
1719 657 1789 699 illo
1825 657 1948 699 »Pul-

226 749 317 778 sam
349 735 527 777 hiemem
561 734 632 776 Sol
666 746 821 776 aureus
854 734 939 787 egit
971 733 1058 776 Sub
1090 736 1254 775 terras«
1288 733 1313 774 i.
1348 746 1381 775 e.
1416 733 1589 774 ineunte
1622 745 1730 775 vere.
1784 734 1836 775 ‘29
1867 732 1949 775 Per

221 824 291 864 ea,
339 823 450 864 quae
489 809 727 851 necessario
773 809 892 863 sequi
934 809 1089 863 solent,
1137 812 1185 850 ut
1224 821 1319 851 cum
1361 807 1499 850 dicere
1541 808 1686 858 vellet,
1736 807 1947 861 Daphnim

221 885 460 928 ascendisse
502 885 541 926 in
587 885 771 937 coelum,
813 885 874 926 ita
910 885 1079 926 extulit:
1130 898 1208 926 »—
1243 884 1425 925 miratur
1463 882 1605 925 lumen
1648 882 1813 936 Olympi
1860 882 1948 924 Sub

221 961 486 1016 pedibusque
517 959 633 1002 videt
663 959 796 1001 nubes
830 962 872 1001 et
903 959 1044 1001 sidera
1074 959 1304 1012 Daphnis«
1370 957 1575 1014 Sequitur
1606 958 1736 1013 enim,
1770 961 1837 1011 ut,
1877 958 1948 1013 qui

223 1037 263 1078 in
315 1036 476 1079 coelum
526 1035 736 1089 ascendit,
787 1035 891 1076 haec
942 1034 1083 1076 videre
1121 1035 1267 1087 possit.
1335 1034 1443 1076 Item
1488 1034 1649 1076 »saltus
1691 1032 1826 1075 reficit
1859 1034 1948 1087 jam

221 1111 388 1154 roscida
419 1111 562 1165 luna«,
594 1109 709 1165 quod
740 1113 837 1163 post
868 1123 1092 1163 vesperum
1123 1109 1213 1151 fieri
1245 1109 1366 1163 solet,
1397 1122 1622 1162 vesperum
1653 1108 1792 1162 ipsum
1824 1109 1949 1161 signi-

221 1186 331 1230 ficat.
395 1188 446 1229 39
476 1186 558 1228 Per
590 1198 652 1235 ea,
686 1198 795 1240 quae
818 1185 1068 1240 plerumque
1090 1185 1290 1239 consequi
1311 1185 1462 1239 solent,
1496 1187 1544 1226 ut
1566 1184 1679 1238 apud
1702 1183 1947 1226 Horatium:

223 1263 340 1305 »Iam
380 1265 528 1315 pastor
568 1261 739 1303 umbras
783 1273 876 1303 cum
910 1273 1037 1313 grege
1069 1260 1269 1313 languido
1301 1260 1539 1314 Rivumque
1570 1258 1707 1301 fessus
1740 1259 1949 1314 quaerit«,

219 1338 245 1378 i.
281 1349 314 1379 e.
346 1337 436 1390 Jam
476 1335 671 1378 meridies
713 1338 789 1377 est.
862 1335 1117 1377 Itemillud
1161 1335 1277 1387 »Age
1315 1338 1357 1376 te
1398 1334 1608 1388 procellae
1650 1334 1773 1376 crede
1805 1335 1950 1389 veloci,

221 1412 300 1454 nisi
339 1411 471 1454 herile
511 1411 644 1452 mavis
685 1423 858 1464 carpere
890 1423 1115 1464 pensum«,
1156 1411 1181 1451 i.
1216 1423 1250 1454 e.
1283 1410 1362 1452 nisi
1394 1410 1454 1452 vis
1487 1410 1655 1452 servire.
1719 1409 1809 1452 Hoc
1841 1410 1951 1451 enim

222 1488 310 1530 fere
342 1486 483 1529 evenit
512 1486 678 1528 feminis
710 1486 751 1527 in
784 1486 1031 1528 servitutem
1066 1485 1274 1528 abductis.
1336 1487 1387 1527 4‘?
1420 1485 1501 1527 Per
1533 1498 1595 1535 ea,
1627 1498 1736 1540 quae
1769 1486 1950 1539 plerum-

223 1575 306 1617 que
338 1564 413 1603 aut
444 1574 610 1614 semper
642 1573 735 1603 cum
768 1573 814 1602 re
847 1561 1086 1615 cohaerent,
1119 1564 1167 1602 ut
1191 1561 1327 1602 »illius
1352 1573 1470 1603 aram
1494 1560 1631 1614 Saepe
1654 1564 1773 1602 tener
1794 1560 1950 1602 nostris

226 1637 279 1679 ab
312 1636 490 1679 ovilibus
521 1636 683 1678 imbuet
715 1647 893 1688 agnus«,
925 1636 950 1677 i.
983 1649 1016 1678 e.
1050 1636 1327 1683 mactabitur:
1361 1635 1461 1676 dum
1493 1635 1601 1677 enim
1635 1638 1848 1677 mactatur
1878 1635 1952 1676 im-

226 1712 318 1754 buit
349 1724 467 1754 aram
500 1711 716 1764 sanguine.
780 1711 1005 1753 Horatius:
1050 1710 1120 1753 »Si
1157 1711 1320 1764 mugiat
1359 1711 1498 1753 africis
1536 1711 1672 1752 malus
1710 1710 1950 1764 p1·00ellis«;

228 1786 329 1829 dum
369 1787 477 1829 enim
518 1789 749 1840 tempestas
791 1790 875 1842 est,
916 1786 1166 1841 plerumque
1198 1786 1296 1828 mali
1327 1787 1498 1828 navium
1531 1787 1668 1829 solent
1699 1785 1879 1827 stridere
1911 1788 1954 1827 et

227 1862 402 1915 mugire.
474 1861 638 1903 Similes
679 1861 855 1915 phrases
897 1861 1109 1913 diligentis
1152 1862 1437 1904 observatoris
1481 1862 1560 1903 erit
1604 1861 1951 1903 animadvertere.

225 1937 337 1979 Illud
378 1940 520 1978 tamen
561 1937 768 1979 monitum
810 1936 955 1991 velim,
996 1937 1170 1978 seorsim
1209 1936 1385 1990 phrases
1428 1937 1736 1991 bucolicorum,
1777 1935 1952 1978 seorsim

225 2014 470 2066 satyrarum
519 2011 763 2054 scribendas
815 2024 926 2054 esse:
980 2015 1080 2053 sunt
1127 2012 1236 2054 enim
1276 2012 1318 2053 in
1359 2013 1512 2065 satyris
1554 2012 1713 2053 multae
1755 2010 1953 2065 propriae

224 2088 413 2142 phrases.

370 2162 681 2215 Compositio
718 2162 760 2204 in
802 2163 957 2216 satyris
997 2166 1062 2204 est
1092 2163 1317 2205 liberrima..
1381 2163 1428 2205 In
1461 2163 1659 2205 bucolicis
1692 2166 1735 2204 et
1765 2162 1953 2216 epistolis

227 2237 406 2279 fluentes
452 2238 616 2278 numeri
663 2236 750 2279 fere
799 2250 820 2278 e
862 2237 1039 2291 dactylis
1087 2239 1307 2291 compositi
1355 2242 1483 2291 atque
1527 2238 1578 2280 ab
1625 2237 1696 2279 illa
1743 2237 1953 2290 gravitate

230 2312 399 2354 heroica
428 2312 591 2354 remoti.
647 2312 737 2354 Hoc
769 2325 867 2365 ergo
902 2316 1091 2366 tempore
1122 2314 1225 2356 satis
1258 2313 1338 2355 erit
1361 2313 1533 2363 discere,
1566 2312 1777 2367 quomodo
1800 2315 1950 2365 poetae

231 2399 447 2441 nunquam
488 2387 652 2429 numeri
692 2399 822 2429 causa
859 2388 1097 2430 naturalem
1135 2388 1360 2430 verborum
1403 2388 1593 2429 ordinem
1625 2390 1873 2441 pervertant
1905 2399 1953 2428 ac

232 2461 540 2515 distorqueant‚
572 2462 686 2517 quod
718 2462 827 2504 solet
857 2463 1030 2505 novellis
1062 2464 1199 2517 poetis
1233 2462 1397 2505 difficile
1428 2462 1572 2504 videri.

371 2537 468 2578 Orn
480 2541 680 2579 amenta
701 2541 871 2590 praeter
886 2537 1045 2590 figuras
1063 2538 1291 2580 verborum
1310 2541 1436 2592 (quae
1460 2537 1513 2580 ad
1537 2537 1732 2580 affectum
1757 2549 1952 2590 magnam

233 2611 315 2653 vim
354 2611 550 2665 habent),
593 2615 693 2654 sunt
734 2613 773 2653 in
816 2612 1014 2654 bucolicis
1058 2613 1098 2654 in
1131 2613 1278 2666 primis
1309 2612 1517 2667 quaedam
1550 2625 1626 2666 per
1656 2612 1828 2654 modum
1860 2624 1954 2665 par-

234 2686 392 2728 oemiae
424 2686 549 2737 dicta„
582 2691 628 2728 ut
660 2687 764 2729 illud
800 2688 1011 2729 »Nimium
1044 2700 1096 2729 ne
1128 2687 1250 2730 crede
1283 2687 1452 2741 colori«,
1485 2690 1527 2729 et
1549 2687 1651 2729 illud
1678 2686 1786 2737 »Qui
1809 2690 1954 2728 amant

233 2762 313 2815 ipsi
355 2761 434 2803 sibi
475 2762 637 2803 somnia
676 2761 881 2814 fingunt«.
946 2762 1006 2803 Ex
1049 2763 1202 2815 satyris
1235 2762 1440 2815 plurimae
1472 2762 1705 2804 sententiae
1736 2764 1953 2816 petuntur,

233 2837 347 2878 sicut
378 2840 420 2878 et
452 2849 499 2877 ex
532 2837 720 2889 epistolis
745 2836 894 2887 Ovidii,
927 2837 967 2878 in
992 2837 1145 2891 quibus
1169 2837 1296 2878 etiam
1320 2840 1419 2878 sunt
1441 2837 1654 2889 elegantes
1676 2836 1950 2885 inductiones,

233 2924 342 2965 quae
373 2911 607 2964 legentibus
640 2924 685 2953 se
716 2915 866 2964 sponte
898 2910 1091 2953 offerunt.
