2164 3535
490 219 545 252 An
573 219 629 254 die
657 219 972 253 Provinzialobern
999 219 1086 254 iiber
1112 219 1169 253 die
1194 219 1250 262 3j.
1274 219 1408 254 Philos.
1438 221 1535 255 1858.
1790 224 1871 264 577

155 357 254 398 locis
288 370 475 409 examen,
510 360 628 412 cujus
660 360 880 401 materiam
913 360 1026 412 leges
1050 361 1190 402 civiles
1213 360 1430 415 definiunt,
1463 359 1606 401 subire
1629 364 1872 411 teneantur3

153 432 193 472 in
236 431 387 474 horum
430 433 580 475 studiis
626 434 870 475 ordinandis
911 435 1045 488 maj0r
1087 434 1295 487 quaedam
1342 435 1517 478 libertas
1557 434 1874 477 Provinciarum

153 507 409 560 Praepositis
443 508 709 550 concedenda.
747 512 850 551 orat.
916 510 978 551 Ea
1018 514 1183 565 tamen,
1223 523 1382 563 quaeso
1414 511 1477 552 Ra
1514 510 1577 551 Vss}
1612 509 1672 551 ita
1714 512 1875 566 utatur,

153 585 200 622 ut
231 594 313 623 non
347 583 504 635 solum,
549 584 905 636 quemadmodum
938 585 979 626 in
1014 585 1288 627 Ordinatione
1323 585 1497 640 dicitur,
1530 586 1784 628 Nostrorum
1816 586 1876 627 in-

152 656 318 697 stitutio
350 657 451 698 nihil
483 657 579 699 inde
612 657 854 700 detrimenti
887 660 1040 713 capiat,
1073 660 1147 702 sed
1179 661 1258 714 ipsi
1288 661 1413 702 etiam
1447 662 1608 703 externi
1642 661 1695 703 ad
1724 660 1876 702 doctri-

152 743 262 783 nam,
296 732 436 784 quoad
468 732 556 774 fieri
589 736 743 787 potest,
776 734 954 775 solidam
986 735 1026 775 in
1060 735 1212 777 scholis
1245 735 1401 777 nostris
1434 735 1735 789 provehantur.

291 807 384 848 Etsi
416 807 524 848 enim
558 807 610 849 ad
643 809 778 860 majus
803 809 879 849 Dei
913 808 1162 861 obsequium
1196 810 1377 862 tempori
1401 810 1666 864 aliquantum
1689 810 1875 853 cedendo

152 881 460 937 adolescentes,
500 882 570 934 qui
604 883 824 935 gymnasia
856 886 1001 924 nostra
1044 884 1340 939 frequentant,
1383 885 1432 926 iis
1475 884 1729 940 disciplinis,
1770 898 1875 939 quas

151 969 290 998 mores
333 960 375 998 et
421 956 534 1009 leges
573 956 789 1009 regionum
833 969 935 1011 prae
983 958 1133 1000 ceteris
1182 959 1431 1015 requirunt,
1479 960 1558 1001 rite
1604 960 1875 1002 instruendos

151 1031 427 1083 assumimus3
461 1044 509 1073 eo
541 1034 682 1072 tamen
715 1031 893 1073 intentio
926 1036 969 1073 et
1001 1035 1177 1074 conatus
1209 1037 1357 1076 noster
1388 1046 1556 1088 semper
1585 1033 1685 1076 ferri
1708 1034 1875 1090 debent,

150 1110 212 1161 ut,
244 1108 451 1159 quantum
484 1106 525 1147 in
567 1106 686 1149 nobis
719 1107 794 1158 sit,
828 1107 1066 1159 juventutis
1106 1107 1316 1149 institutio
1360 1108 1412 1150 ab
1445 1109 1755 1151 eruditionis
1795 1123 1877 1151 va-

151 1182 358 1237 rietate,
391 1194 518 1235 quam
542 1183 757 1224 saeculum
781 1185 973 1224 nostrum
997 1182 1179 1234 affectat,
1214 1183 1267 1224 ad
1302 1197 1448 1226 verae
1480 1184 1732 1227 scientiae
1763 1185 1878 1228 sim-

151 1257 456 1310 plicitatem,
490 1270 597 1310 quae
630 1260 749 1298 101110
783 1261 848 1299 051
879 1257 1037 1312 11111101,
1070 1260 1230 1310 (11101110
1263 1257 1335 1300 1110
1366 1258 1609 1313 speciosior,
1641 1263 1874 1302 revocetur.

289 1338 447 1388 Quodsi
481 1342 755 1380 externorum
790 1339 1031 1380 auditorum
1064 1338 1200 1380 solida
1242 1339 1284 1380 in
1317 1339 1442 1381 rebus
1475 1339 1774 1393 philosophicis
1817 1341 1878 1382 in-

150 1413 315 1455 stitutio
349 1425 475 1455 curae
507 1413 627 1455 nobis
660 1426 752 1455 esse
785 1413 931 1456 debet:
965 1413 1097 1455 multo
1121 1414 1254 1467 magis
1288 1414 1489 1457 sollicitos
1523 1427 1598 1457 nos
1631 1428 1722 1458 esse
1755 1428 1878 1469 opor-

150 1491 226 1539 tet,
257 1491 317 1537 ut,
352 1488 452 1529 dum
485 1487 538 1529 ad
570 1501 662 1530 eam
694 1488 773 1530 sibi
805 1488 1040 1531 doctrinam
1073 1489 1400 1543 comparandam
1432 1490 1695 1545 incumbunt,
1728 1491 1769 1531 111
1798 1490 1877 1532 1)οἰ

151 1562 365 1604 Creatoris
398 1567 440 1605 et
471 1563 770 1618 Redemptoris
803 1566 936 1607 nostri
971 1566 1208 1624 cognitione
1232 1570 1275 1608 et
1305 1579 1448 1608 amore
1470 1566 1726 1608 roborentur
1749 1570 1877 1620 atque

152 1636 385 1690 proficiant.
454 1638 617 1691 Ecquid
651 1639 760 1680 enim
794 1640 958 1682 tristius
1001 1640 1189 1683 accidere
1231 1641 1350 1683 nobis
1393 1644 1560 1695 posset,
1607 1653 1733 1694 quam
1781 1641 1879 1683 ado-

151 1713 356 1755 lescentes
390 1726 438 1754 ex
471 1713 534 1755 his
567 1713 719 1756 scholis
751 1715 921 1768 prodire
955 1729 1056 1767 erga
1083 1716 1328 1768 religionem
1352 1720 1542 1758 nostram
1565 1716 1877 1758 sanctissimam

150 1787 449 1843 indifferentes,
483 1789 547 1830 vel
569 1789 720 1831 saltem
743 1802 824 1831 11011
847 1790 920 1839 ita,
954 1794 1001 1831 ut
1024 1790 1157 1841 decet,
1180 1790 1364 1846 01100105,
1398 1794 1472 1832 aut
1495 1794 1640 1833 contra
1674 1792 1876 1847 pericula,

153 1863 307 1916 quibus
331 1863 521 1916 ipsorum
555 1864 710 1905 nedum
733 1865 884 1920 pietas,
917 1865 991 1907 sed
1014 1864 1116 1907 fides
1149 1878 1318 1919 quoque
1340 1866 1433 1918 ipsa
1456 1865 1691 1920 objicietur,
1726 1878 1876 1920 parum

153 1938 370 1980 munitos?
417 1938 510 1980 Non
545 1939 714 1992 quidem
748 1939 908 1992 placuit
939 1941 1147 1995 scholam,
1180 1941 1220 1982 in
1254 1954 1339 1994 qua
1369 1954 1478 1994 quae
1511 1941 1666 1984 dicitur
1696 1941 1878 1995 philoso-

151 2013 253 2066 phia
285 2014 500 2066 religionis
535 2014 751 2066 doceatur,
786 2016 1019 2068 generatim
1051 2016 1360 2069 praescribere,
1394 2020 1621 2070 propterea
1652 2017 1764 2070 quod
1787 2017 1879 2070 plu-

152 2089 271 2143 rima,
306 2102 414 2142 quae
448 2089 486 2130 in
522 2103 570 2131 ea
602 2090 813 2132 tradenda
846 2095 1006 2143 essent,
1037 2092 1079 2133 in
1110 2092 1402 2146 Metaphysica
1434 2096 1477 2134 et
1508 2093 1658 2134 Morali
1691 2092 1878 2135 Philoso-

152 2163 251 2217 phia
281 2164 500 2217 propriam
532 2165 674 2206 sedem
707 2165 886 2221 habent,
919 2167 1082 2219 reliqua
1114 2172 1256 2209 autem
1290 2167 1343 2208 ad
1376 2168 1616 2221 religiosam
1649 2168 1877 2211 institutio-

152 2251 247 2280 nem
279 2238 400 2279 utilia
446 2241 685 2292 opportuno
718 2240 808 2281 loco
842 2241 966 2282 inseri
1010 2246 1207 2294 possunt:
1251 2246 1295 2283 at
1326 2255 1423 2284 vero
1457 2255 1505 2284 eo
1538 2243 1672 2295 magis
1704 2243 1878 2295 vigilan-

153 2313 254 2354 dum
287 2313 381 2362 erit,
414 2316 462 2355 ut
493 2313 702 2369 Magistri,
734 2327 842 2367 quae
874 2327 970 2356 eum
1003 2316 1054 2357 ob
1085 2315 1210 2358 finem
1242 2316 1282 2356 in
1307 2316 1582 2359 Ordinatione
1614 2318 1877 2371 praescripta

153 2392 267 2442 sunt,
301 2388 506 2441 singulari
539 2389 756 2442 diligentia
788 2393 1062 2442 exequantur.

295 2463 385 2513 Quo
419 2464 509 2506 loco
542 2476 624 2505 non
656 2465 1009 2517 praetermittam,
1042 2465 1143 2518 quin
1176 2478 1300 2507 usum
1333 2466 1374 2507 in
1407 2466 1550 2508 multis
1584 2466 1780 2520 Collegiis
1812 2480 1876 2510 re-

154 2541 323 2591 ceptum
360 2551 453 2580 cum
486 2538 611 2580 laude
653 2551 995 2594 commemorem,
1037 2543 1086 2581 ut
1117 2540 1276 2582 scilicet
1318 2540 1466 2583 diebus
1509 2540 1727 2584 dominicis
1760 2543 1879 2585 insti-

154 2613 267 2654 tutio
322 2613 578 2655 catechetica
628 2613 918 2667 philosophiae
971 2614 1236 2657 auditoribus
1289 2615 1606 2657 accommodata
1655 2616 1874 2658 habeatur.

153 2687 341 2730 Uberior
373 2689 482 2730 enim
515 2692 557 2730 et
589 2689 828 2730 accuratior
861 2689 1105 2741 dogmatum
1139 2693 1182 2731 et
1213 2695 1536 2743 praeceptorum
1570 2704 1787 2733 sacrorum
1812 2704 1877 2734 00-

154 2763 284 2816 gnitio
327 2775 422 2805 cum
463 2763 664 2817 pietatem
706 2764 862 2813 nutrit,
905 2766 994 2805 tum
1037 2763 1161 2806 fidem
1203 2764 1433 2807 confirmat.
1508 2766 1733 2808 Enimvero
1774 2766 1877 2808 haec

155 2838 373 2892 omnisque
406 2838 489 2880 alia
521 2838 713 2881 doctrina
744 2842 834 2880 tum
867 2839 1035 2880 demum
1066 2838 1285 2883 fructuosa
1317 2841 1415 2890 erit,
1454 2840 1489 2883 si
1521 2841 1797 2897 Praeceptor,
1829 2845 1878 2883 ut

157 2913 328 2966 regulae
358 2913 438 2967 ipsi
470 2914 786 2967 praescribunt,
828 2926 909 2955 non
943 2927 1073 2955 unum
1107 2915 1341 2958 alterumve
1374 2916 1589 2958 doctrinae
1622 2919 1770 2972 caput,
1802 2917 1877 2959 sed

157 2987 399 3030 universam
439 2989 745 3042 philosophiam
779 2990 839 3031 ita
870 2992 1057 3031 tractare
1088 2990 1281 3044 studeat,
1326 2995 1371 3033 ut
1403 2991 1619 3033 auditores
1652 2991 1704 3033 ad
1738 2992 1878 3045 cogni-

154 3062 311 3104 tionem
356 3063 421 3105 sui
455 3064 668 3106 Creatoris
712 3065 890 3119 excitet,
933 3065 1052 3117 (Reg.
1087 3064 1198 3107 Prof.
1240 3066 1338 3119 phil.
1374 3068 1413 3119 1)
1446 3069 1489 3108 et
1530 3066 1754 3120 peculiaris
1787 3068 1876 3119 eJus

157 3137 333 3179 intentio
365 3141 454 3180 tum
487 3139 528 3180 in
560 3139 833 3188 lectionibus,
875 3140 1225 3194 quotiescumque
1258 3155 1302 3184 se
1336 3141 1535 3184 obtulerit
1570 3143 1753 3193 occasio,
1786 3145 1876 3185 tum

229 3215 418 3242 Monumenta
437 3215 610 3243 Germaniae
630 3217 835 3249 paedagogica
854 3215 932 3242 XVI·
1603 3211 1647 3246 37
