2164 3535
718 189 992 234 Heranbildung
1016 190 1080 226 der
1104 190 1242 226 Lehrer
1270 194 1367 227 1700.
1819 196 1901 237 235

188 343 271 372 uno
304 330 445 383 aliquo
476 329 566 371 loco
599 329 769 372 inclusis
801 335 1099 384 argumentum
1121 332 1360 386 scriptionis
1383 332 1559 375 Latinae
1581 347 1617 375 v.
1641 346 1677 386 g.
1703 333 1905 387 epistolae

189 408 232 448 et
271 405 396 447 simul
428 405 640 460 Graecae,
682 418 791 459 quae
832 406 1082 460 scriptiones
1125 407 1378 461 colligantur
1418 420 1492 461 per
1522 408 1821 450 instructorem
1863 410 1906 450 et

189 479 342 522 dentur
372 481 446 522 Ro.
480 480 539 521 Pi.
572 480 764 536 Rectori,
802 481 875 534 qui
917 493 988 523 eas
1030 494 1176 524 censas
1216 482 1268 525 ab
1310 482 1522 536 aliquibus
1553 482 1766 537 patribus,
1808 482 1906 525 sub-

188 555 345 608 scripto
384 567 529 597 eorum
562 554 722 608 judicio
765 555 818 597 ad
850 556 1020 599 Patrem
1051 556 1355 600 Provincialem
1393 558 1548 600 mittat.
1610 557 1727 600 Idem
1764 557 1905 609 faciat,

189 629 358 683 quando
389 629 669 671 absolvuntur
698 629 868 672 Poetica
899 634 942 672 et
971 631 1012 672 in
1044 630 1125 673 fine
1157 633 1453 675 oratoriorum.
1513 633 1654 676 Pridie
1685 633 1906 675 recreatio-

189 718 289 746 num
322 717 347 746 a
377 703 552 746 meridie
582 707 822 746 tractentur
854 704 1056 748 historica
1087 708 1129 748 et
1150 707 1191 748 in
1213 707 1278 750 his
1301 720 1469 762 quoque
1491 708 1625 763 stylus
1648 711 1903 751 exerceatur.

191 780 310 823 Hora
341 781 393 822 8³1h
424 779 634 821 matutina
665 780 914 822 convenient
946 781 1000 822 ad
1032 781 1232 837 scholam,
1265 783 1306 824 in
1339 795 1423 836 qua
1444 783 1557 826 facta
1578 783 1694 826 brevi
1716 783 1907 826 oratione

193 858 241 898 19
276 855 329 897 ab
359 855 616 897 instructore
648 855 970 909 compositiones
1001 856 1280 911 corrigentur,
1313 859 1364 900 ‘29
1393 870 1468 911 per
1496 859 1678 912 aliquem
1709 872 1758 901 ex
1790 871 1908 913 repe-

192 930 379 973 tentibus
421 930 630 984 quispiam
670 929 838 971 Author
878 929 1164 973 Scholasticus
1204 931 1484 984 explicabitur
1524 936 1566 975 et
1612 937 1703 975 tum
1742 933 1908 976 Author

191 1005 485 1060 explicandus,
527 1008 617 1047 tum
660 1005 732 1059 qui
772 1005 891 1047 illum
936 1006 1144 1060 explicare
1176 1006 1345 1049 debebit
1375 1008 1553 1050 lectione
1585 1009 1775 1062 proxima
1806 1008 1908 1051 assi-

190 1081 411 1136 gnabitur,
459 1080 510 1122 39
543 1080 900 1123 examinabuntur
941 1083 983 1123 et
1021 1082 1345 1135 explicabuntur
1389 1083 1453 1125 vel
1494 1086 1721 1137 praecepta
1760 1083 1908 1126 Gram-

188 1157 367 1199 maticae
398 1156 464 1198 vel
495 1155 675 1198 Poeseos
708 1169 745 1199 v.
777 1155 898 1198 finita
927 1155 1032 1198 hora
1063 1159 1106 1199 et
1135 1157 1248 1199 facta
1281 1157 1547 1200 oratiuncula
1579 1158 1833 1201 discedatur.

327 1232 362 1273 A
394 1230 570 1285 prandio
602 1230 708 1273 hora
729 1231 917 1273 secunda
940 1244 1088 1274 rursus
1112 1232 1378 1284 convenient3
1411 1234 1454 1275 et
1474 1233 1658 1287 primum
1681 1234 1909 1287 assignabi-

191 1310 262 1349 tur
304 1310 602 1360 argumentum
643 1306 883 1360 scriptionis
926 1307 1126 1362 privatim
1166 1307 1404 1364 faciendae,
1445 1311 1496 1352 2?
1529 1321 1605 1363 per
1643 1309 1908 1362 designatum

191 1384 450 1436 repetentem
470 1381 543 1424 fiet
562 1381 858 1435 interpretatio
881 1382 1086 1439 authoris,
1117 1383 1169 1425 39
1193 1383 1460 1426 excutientur
1481 1388 1709 1438 praecepta
1726 1383 1905 1435 Graeca;

189 1461 231 1500 et
272 1458 307 1500 si
347 1457 449 1511 quid
485 1458 614 1500 fuerit
654 1457 862 1511 reliquum
905 1458 1105 1512 temporis
1148 1471 1284 1513 usque
1316 1459 1370 1501 ad
1401 1459 1548 1502 horam
1581 1460 1750 1502 tertiam
1782 1460 1910 1502 dubia

192 1536 483 1587 proponentur
514 1533 623 1575 circa
654 1532 801 1574 audita
832 1535 875 1575 et
895 1533 1006 1575 lecta
1033 1533 1104 1575 illo
1128 1533 1206 1576 die.
1240 1559 1289 1564 —
1319 1535 1447 1577 Horis
1469 1535 1642 1589 reliquis
1664 1538 1911 1578 exerceatur

194 1608 330 1662 stylus
361 1608 479 1649 iuxta
509 1608 819 1662 praescriptum
851 1608 1141 1661 instructoris;
1182 1609 1380 1663 legantur
1411 1610 1508 1652 libri
1540 1610 1592 1653 ab
1625 1611 1771 1653 eodem
1808 1611 1911 1653 assi—

195 1683 312 1737 gnati
344 1686 386 1725 et
417 1682 643 1736 aliquando
675 1683 879 1726 memoria
910 1686 1168 1727 exerceatur.

330 1757 375 1800 Si
424 1758 723 1801 instructorem
777 1771 901 1801 suum
952 1759 1191 1801 studiorum
1243 1772 1371 1802 causa
1417 1761 1637 1804 convenire
1686 1762 1909 1817 voluerint,

197 1833 352 1876 adeant
391 1833 444 1875 ab
484 1833 589 1876 hora
629 1833 778 1887 quinta
810 1834 1101 1887 pomeridiana
1130 1847 1264 1888 usque
1296 1835 1349 1877 ad
1381 1839 1561 1879 sextam:
1603 1837 1776 1892 reliquis
1808 1841 1911 1880 tem-

193 1909 366 1963 poribus
412 1921 495 1951 non
542 1908 621 1951 nisi
662 1908 866 1966 facultate
907 1909 1148 1963 superioris.
1221 1911 1312 1953 Hoc
1353 1914 1544 1966 tempore
1585 1925 1667 1954 non
1709 1913 1912 1956 accedant

189 1973 502 2038 'disputationes
534 1983 850 2039 Philosophicas
892 1989 967 2027 aut
1003 1985 1280 2042 theologicas,
1322 1986 1396 2029 sed
1438 1987 1549 2029 domi
1591 1987 1755 2031 scholas
1795 2002 1911 2032 more

192 2063 392 2102 consueto
435 2059 607 2115 adeant,
651 2073 735 2114 quo
777 2059 845 2102 die
887 2060 1196 2115 disputationes
1237 2061 1355 2104 fiunt.
1417 2063 1510 2105 Non
1550 2068 1808 2118 occupentur
1844 2077 1911 2107 ex-

192 2135 328 2177 eundo
371 2138 445 2177 aut
483 2134 628 2179 officiis
675 2135 993 2191 coadjutorum,
1038 2136 1112 2179 sed
1155 2137 1233 2179 toti
1274 2138 1358 2180 iam
1407 2138 1529 2181 dictis
1579 2139 1704 2182 rebus
1745 2153 1789 2182 se
1836 2140 1910 2182 im-

191 2209 388 2263 pendant.

329 2286 442 2328 Dent
481 2285 609 2328 semel
649 2285 800 2327 saltem
843 2286 996 2340 singuli
1040 2288 1253 2340 profectus
1295 2288 1360 2331 sui
1401 2289 1610 2343 specimen
1656 2290 1822 2343 publice
1867 2290 1908 2332 in

193 2360 372 2402 triclinio
414 2365 543 2415 prout
589 2361 836 2403 instructori
885 2361 1052 2403 illorum
1101 2375 1195 2404 cum
1242 2375 1448 2406 consensu
1493 2364 1726 2407 Reverendi
1770 2365 1909 2407 Patris

193 2435 385 2477 Rectoris
425 2436 657 2487 videbitur;
701 2436 887 2490 ejusdem
930 2438 1199 2481 instructoris
1237 2439 1318 2481 erit
1348 2440 1524 2493 singulis
1556 2440 1837 2484 determinare
1869 2445 1911 2484 et

194 2510 416 2552 materiam
448 2515 491 2553 et
521 2512 699 2554 formam
731 2512 972 2555 huiusmodi
1001 2514 1188 2557 exercitii
1211 2515 1297 2557 sive
1318 2515 1424 2557 illud
1445 2515 1519 2558 fiat
1541 2529 1590 2558 ex
1613 2515 1909 2559 Grammaticis

193 2586 280 2628 sive
312 2599 360 2628 ex
390 2586 569 2630 Poeticis
602 2587 689 2630 sive
720 2601 769 2630 ex
800 2588 1008 2631 oratoriis.

1307 2694 1473 2738 Ferdin.
1501 2695 1792 2738 Waldhauser.
