<?xml version="1.0" encoding="UTF-8"?>
<!DOCTYPE html PUBLIC "-//W3C//DTD XHTML 1.0 Transitional//EN"
    "http://www.w3.org/TR/xhtml1/DTD/xhtml1-transitional.dtd">
<html xmlns="http://www.w3.org/1999/xhtml" xml:lang="en" lang="en">
 <head>
  <title>
</title>
<meta http-equiv="Content-Type" content="text/html;charset=utf-8" />
  <meta name='ocr-system' content='tesseract 3.04.00' />
  <meta name='ocr-capabilities' content='ocr_page ocr_carea ocr_par ocr_line ocrx_word'/>
</head>
<body>
  <div class='ocr_page' id='page_1' title='image "./ratiostudiorumet16jesu_0237.png"; bbox 0 0 2164 3535; ppageno 0'>
   <div class='ocr_carea' id='block_1_1' title="bbox 713 200 1903 246">
    <p class='ocr_par' dir='ltr' id='par_1_1' title="bbox 713 200 1903 246">
     <span class='ocr_line' id='line_1_1' title="bbox 713 200 1903 246; baseline -0.007 -8"><span class='ocrx_word' id='word_1_1' title='bbox 713 202 987 246; x_wconf 85' lang='lat' dir='ltr'>Heranbildung</span> <span class='ocrx_word' id='word_1_2' title='bbox 1012 201 1076 236; x_wconf 86' lang='lat' dir='ltr'>der</span> <span class='ocrx_word' id='word_1_3' title='bbox 1099 200 1237 235; x_wconf 86' lang='lat' dir='ltr'>Lehrer</span> <span class='ocrx_word' id='word_1_4' title='bbox 1266 202 1362 235; x_wconf 83' lang='lat'>1622.</span> <span class='ocrx_word' id='word_1_5' title='bbox 1822 202 1903 244; x_wconf 79' lang='lat'>213</span> 
     </span>
    </p>
   </div>
   <div class='ocr_carea' id='block_1_2' title="bbox 171 338 1905 3177">
    <p class='ocr_par' dir='ltr' id='par_1_2' title="bbox 175 338 1904 546">
     <span class='ocr_line' id='line_1_2' title="bbox 176 338 1903 397; baseline -0.005 -10"><span class='ocrx_word' id='word_1_6' title='bbox 176 344 440 387; x_wconf 79' lang='lat' dir='ltr'>obscuriores</span> <span class='ocrx_word' id='word_1_7' title='bbox 463 343 582 386; x_wconf 91' lang='lat' dir='ltr'>nobis</span> <span class='ocrx_word' id='word_1_8' title='bbox 605 355 684 385; x_wconf 91' lang='lat' dir='ltr'>non</span> <span class='ocrx_word' id='word_1_9' title='bbox 709 345 823 397; x_wconf 91' lang='lat' dir='ltr'>sunt,</span> <span class='ocrx_word' id='word_1_10' title='bbox 855 341 968 397; x_wconf 88' lang='lat' dir='ltr'>quod</span> <span class='ocrx_word' id='word_1_11' title='bbox 990 341 1138 395; x_wconf 88' lang='lat' dir='ltr'>planas</span> <span class='ocrx_word' id='word_1_12' title='bbox 1162 352 1232 382; x_wconf 90' lang='lat' dir='ltr'>eas</span> <span class='ocrx_word' id='word_1_13' title='bbox 1254 340 1441 382; x_wconf 78' lang='lat' dir='ltr'>faciebat</span> <span class='ocrx_word' id='word_1_14' title='bbox 1463 339 1575 393; x_wconf 86' lang='lat' dir='ltr'>olim,</span> <span class='ocrx_word' id='word_1_15' title='bbox 1606 338 1741 380; x_wconf 86' lang='lat' dir='ltr'>multa</span> <span class='ocrx_word' id='word_1_16' title='bbox 1762 340 1903 380; x_wconf 87' lang='lat' dir='ltr'>tamen</span> 
     </span>
     <span class='ocr_line' id='line_1_3' title="bbox 175 412 1904 470; baseline -0.005 -9"><span class='ocrx_word' id='word_1_17' title='bbox 175 419 332 461; x_wconf 86' lang='lat' dir='ltr'>habent</span> <span class='ocrx_word' id='word_1_18' title='bbox 363 431 385 460; x_wconf 91' lang='lat' dir='ltr'>e</span> <span class='ocrx_word' id='word_1_19' title='bbox 416 418 554 460; x_wconf 91' lang='lat' dir='ltr'>media</span> <span class='ocrx_word' id='word_1_20' title='bbox 586 417 891 460; x_wconf 87' lang='lat' dir='ltr'>consuetudine</span> <span class='ocrx_word' id='word_1_21' title='bbox 922 416 1057 470; x_wconf 88' lang='lat' dir='ltr'>plebis</span> <span class='ocrx_word' id='word_1_22' title='bbox 1090 428 1292 458; x_wconf 88' lang='lat' dir='ltr'>romanae</span> <span class='ocrx_word' id='word_1_23' title='bbox 1324 414 1472 469; x_wconf 88' lang='lat' dir='ltr'>petita,</span> <span class='ocrx_word' id='word_1_24' title='bbox 1506 426 1614 467; x_wconf 88' lang='lat' dir='ltr'>quae</span> <span class='ocrx_word' id='word_1_25' title='bbox 1647 412 1768 455; x_wconf 90' lang='lat' dir='ltr'>nobis</span> <span class='ocrx_word' id='word_1_26' title='bbox 1792 424 1904 454; x_wconf 91' lang='lat' dir='ltr'>nunc</span> 
     </span>
     <span class='ocr_line' id='line_1_4' title="bbox 177 493 658 546; baseline -0.006 -10"><span class='ocrx_word' id='word_1_27' title='bbox 177 495 313 536; x_wconf 91' lang='lat' dir='ltr'>minus</span> <span class='ocrx_word' id='word_1_28' title='bbox 345 495 446 536; x_wconf 90' lang='lat' dir='ltr'>sunt</span> <span class='ocrx_word' id='word_1_29' title='bbox 477 493 658 546; x_wconf 86' lang='lat' dir='ltr'>cognita.</span> 
     </span>
    </p>

    <p class='ocr_par' dir='ltr' id='par_1_3' title="bbox 175 561 1903 770">
     <span class='ocr_line' id='line_1_5' title="bbox 312 561 1902 618; baseline -0.004 -9"><span class='ocrx_word' id='word_1_30' title='bbox 312 568 530 609; x_wconf 79' lang='lat' dir='ltr'><strong>Materia</strong></span> <span class='ocrx_word' id='word_1_31' title='bbox 555 566 903 609; x_wconf 82' lang='lat' dir='ltr'>bucolicorum</span> <span class='ocrx_word' id='word_1_32' title='bbox 927 568 1027 607; x_wconf 90' lang='lat' dir='ltr'>sunt</span> <span class='ocrx_word' id='word_1_33' title='bbox 1048 568 1271 618; x_wconf 89' lang='lat' dir='ltr'>pastorum</span> <span class='ocrx_word' id='word_1_34' title='bbox 1294 564 1634 618; x_wconf 83' lang='lat' dir='ltr'>lamentationes,</span> <span class='ocrx_word' id='word_1_35' title='bbox 1658 561 1902 617; x_wconf 85' lang='lat' dir='ltr'>certamina,</span> 
     </span>
     <span class='ocr_line' id='line_1_6' title="bbox 175 637 1903 695; baseline -0.003 -11"><span class='ocrx_word' id='word_1_36' title='bbox 175 643 383 692; x_wconf 77' lang='lat' dir='ltr'>convivia3</span> <span class='ocrx_word' id='word_1_37' title='bbox 418 640 671 683; x_wconf 88' lang='lat' dir='ltr'>adferuntur</span> <span class='ocrx_word' id='word_1_38' title='bbox 692 639 1007 694; x_wconf 87' lang='lat' dir='ltr'>similitudines,</span> <span class='ocrx_word' id='word_1_39' title='bbox 1040 640 1391 695; x_wconf 80' lang='lat' dir='ltr'>comparationeS,</span> <span class='ocrx_word' id='word_1_40' title='bbox 1425 637 1630 693; x_wconf 84' lang='lat' dir='ltr'>exempla,</span> <span class='ocrx_word' id='word_1_41' title='bbox 1653 638 1903 690; x_wconf 86' lang='lat' dir='ltr'>argumenta</span> 
     </span>
     <span class='ocr_line' id='line_1_7' title="bbox 179 713 1145 770; baseline -0.004 -12"><span class='ocrx_word' id='word_1_42' title='bbox 179 716 360 770; x_wconf 88' lang='lat' dir='ltr'>denique</span> <span class='ocrx_word' id='word_1_43' title='bbox 392 715 532 757; x_wconf 87' lang='lat' dir='ltr'>omnia</span> <span class='ocrx_word' id='word_1_44' title='bbox 563 715 615 757; x_wconf 89' lang='lat' dir='ltr'>de</span> <span class='ocrx_word' id='word_1_45' title='bbox 646 727 748 757; x_wconf 91' lang='lat' dir='ltr'>rure</span> <span class='ocrx_word' id='word_1_46' title='bbox 780 717 823 756; x_wconf 91' lang='lat' dir='ltr'>et</span> <span class='ocrx_word' id='word_1_47' title='bbox 853 713 968 756; x_wconf 90' lang='lat' dir='ltr'>silvis</span> <span class='ocrx_word' id='word_1_48' title='bbox 1001 713 1145 767; x_wconf 87' lang='lat' dir='ltr'>petita.</span> 
     </span>
    </p>

    <p class='ocr_par' dir='ltr' id='par_1_4' title="bbox 173 787 1905 1068">
     <span class='ocr_line' id='line_1_8' title="bbox 312 787 1905 845; baseline -0.003 -11"><span class='ocrx_word' id='word_1_49' title='bbox 312 791 612 845; x_wconf 87' lang='lat' dir='ltr'>Satyrarum</span> <span class='ocrx_word' id='word_1_50' title='bbox 655 792 756 832; x_wconf 89' lang='lat' dir='ltr'>sunt</span> <span class='ocrx_word' id='word_1_51' title='bbox 794 789 1009 830; x_wconf 90' lang='lat' dir='ltr'>hominum</span> <span class='ocrx_word' id='word_1_52' title='bbox 1049 788 1173 843; x_wconf 88' lang='lat' dir='ltr'>vitia,</span> <span class='ocrx_word' id='word_1_53' title='bbox 1214 800 1323 841; x_wconf 90' lang='lat' dir='ltr'>quae</span> <span class='ocrx_word' id='word_1_54' title='bbox 1354 788 1622 830; x_wconf 90' lang='lat' dir='ltr'>insectantur</span> <span class='ocrx_word' id='word_1_55' title='bbox 1652 790 1781 841; x_wconf 89' lang='lat' dir='ltr'>atque</span> <span class='ocrx_word' id='word_1_56' title='bbox 1812 787 1905 829; x_wconf 91' lang='lat' dir='ltr'>irri—</span> 
     </span>
     <span class='ocr_line' id='line_1_9' title="bbox 174 862 1900 918; baseline -0.003 -10"><span class='ocrx_word' id='word_1_57' title='bbox 174 866 276 908; x_wconf 92' lang='lat' dir='ltr'>dent</span> <span class='ocrx_word' id='word_1_58' title='bbox 316 878 366 908; x_wconf 91' lang='lat' dir='ltr'>ea</span> <span class='ocrx_word' id='word_1_59' title='bbox 404 865 491 908; x_wconf 88' lang='lat' dir='ltr'>fere</span> <span class='ocrx_word' id='word_1_60' title='bbox 533 865 703 908; x_wconf 88' lang='lat' dir='ltr'>licentia</span> <span class='ocrx_word' id='word_1_61' title='bbox 745 868 873 918; x_wconf 89' lang='lat' dir='ltr'>atque</span> <span class='ocrx_word' id='word_1_62' title='bbox 904 862 1227 915; x_wconf 79' lang='lat' dir='ltr'>inverecundia,</span> <span class='ocrx_word' id='word_1_63' title='bbox 1271 874 1356 915; x_wconf 90' lang='lat' dir='ltr'>qua</span> <span class='ocrx_word' id='word_1_64' title='bbox 1388 862 1489 904; x_wconf 90' lang='lat' dir='ltr'>olim</span> <span class='ocrx_word' id='word_1_65' title='bbox 1522 862 1665 916; x_wconf 84' lang='lat' dir='ltr'>Cynici</span> <span class='ocrx_word' id='word_1_66' title='bbox 1696 862 1900 905; x_wconf 84' lang='lat' dir='ltr'>solebant.</span> 
     </span>
     <span class='ocr_line' id='line_1_10' title="bbox 173 936 1901 994; baseline -0.002 -12"><span class='ocrx_word' id='word_1_67' title='bbox 173 940 437 994; x_wconf 79' lang='lat' dir='ltr'>Argumenta</span> <span class='ocrx_word' id='word_1_68' title='bbox 468 942 568 982; x_wconf 88' lang='lat' dir='ltr'>sunt</span> <span class='ocrx_word' id='word_1_69' title='bbox 599 939 913 993; x_wconf 88' lang='lat' dir='ltr'>similitudines,</span> <span class='ocrx_word' id='word_1_70' title='bbox 955 938 1136 994; x_wconf 85' lang='lat' dir='ltr'>apologi,</span> <span class='ocrx_word' id='word_1_71' title='bbox 1174 937 1355 991; x_wconf 87' lang='lat' dir='ltr'>fabulae,</span> <span class='ocrx_word' id='word_1_72' title='bbox 1398 936 1600 990; x_wconf 78' lang='lat' dir='ltr'>exempla,</span> <span class='ocrx_word' id='word_1_73' title='bbox 1629 937 1729 992; x_wconf 85' lang='lat' dir='ltr'>joci,</span> <span class='ocrx_word' id='word_1_74' title='bbox 1762 937 1901 979; x_wconf 90' lang='lat' dir='ltr'>omnia</span> 
     </span>
     <span class='ocr_line' id='line_1_11' title="bbox 174 1015 826 1068; baseline -0.003 -10"><span class='ocrx_word' id='word_1_75' title='bbox 174 1016 227 1058; x_wconf 88' lang='lat' dir='ltr'>ad</span> <span class='ocrx_word' id='word_1_76' title='bbox 258 1015 537 1058; x_wconf 80' lang='lat' dir='ltr'>mordendum</span> <span class='ocrx_word' id='word_1_77' title='bbox 570 1016 826 1068; x_wconf 88' lang='lat' dir='ltr'>comparata.</span> 
     </span>
    </p>

    <p class='ocr_par' dir='ltr' id='par_1_5' title="bbox 173 1085 1902 1296">
     <span class='ocr_line' id='line_1_12' title="bbox 319 1085 1902 1146; baseline -0.004 -13"><span class='ocrx_word' id='word_1_78' title='bbox 319 1091 670 1146; x_wconf 88' lang='lat' dir='ltr'>Epistolarum</span> <span class='ocrx_word' id='word_1_79' title='bbox 703 1089 887 1132; x_wconf 76' lang='lat' dir='ltr'>carmine</span> <span class='ocrx_word' id='word_1_80' title='bbox 921 1088 1178 1142; x_wconf 86' lang='lat' dir='ltr'>scriptarum</span> <span class='ocrx_word' id='word_1_81' title='bbox 1210 1087 1356 1130; x_wconf 91' lang='lat' dir='ltr'>eadem</span> <span class='ocrx_word' id='word_1_82' title='bbox 1388 1086 1477 1129; x_wconf 89' lang='lat' dir='ltr'>fere</span> <span class='ocrx_word' id='word_1_83' title='bbox 1505 1089 1570 1130; x_wconf 89' lang='lat' dir='ltr'>est</span> <span class='ocrx_word' id='word_1_84' title='bbox 1592 1085 1772 1128; x_wconf 84' lang='lat' dir='ltr'>materia</span> <span class='ocrx_word' id='word_1_85' title='bbox 1792 1098 1902 1139; x_wconf 91' lang='lat' dir='ltr'>quae</span> 
     </span>
     <span class='ocr_line' id='line_1_13' title="bbox 174 1160 1902 1223; baseline -0.004 -13"><span class='ocrx_word' id='word_1_86' title='bbox 174 1180 348 1223; x_wconf 79' lang='lat' dir='ltr'>prosae,</span> <span class='ocrx_word' id='word_1_87' title='bbox 389 1166 469 1208; x_wconf 92' lang='lat' dir='ltr'>nisi</span> <span class='ocrx_word' id='word_1_88' title='bbox 511 1165 624 1219; x_wconf 89' lang='lat' dir='ltr'>quod</span> <span class='ocrx_word' id='word_1_89' title='bbox 664 1165 705 1206; x_wconf 91' lang='lat' dir='ltr'>in</span> <span class='ocrx_word' id='word_1_90' title='bbox 748 1165 828 1206; x_wconf 92' lang='lat' dir='ltr'>illis</span> <span class='ocrx_word' id='word_1_91' title='bbox 861 1163 1038 1206; x_wconf 89' lang='lat' dir='ltr'>affectus</span> <span class='ocrx_word' id='word_1_92' title='bbox 1071 1162 1196 1216; x_wconf 91' lang='lat' dir='ltr'>paulo</span> <span class='ocrx_word' id='word_1_93' title='bbox 1226 1161 1421 1215; x_wconf 88' lang='lat' dir='ltr'>pluribus</span> <span class='ocrx_word' id='word_1_94' title='bbox 1453 1160 1791 1216; x_wconf 78' lang='lat' dir='ltr'>inductionibus,</span> <span class='ocrx_word' id='word_1_95' title='bbox 1833 1160 1902 1203; x_wconf 86' lang='lat' dir='ltr'>de—</span> 
     </span>
     <span class='ocr_line' id='line_1_14' title="bbox 173 1236 1444 1296; baseline -0.004 -11"><span class='ocrx_word' id='word_1_96' title='bbox 173 1241 486 1296; x_wconf 76' lang='lat' dir='ltr'>scriptionibus,</span> <span class='ocrx_word' id='word_1_97' title='bbox 519 1239 881 1291; x_wconf 78' lang='lat' dir='ltr'>similitudinibus,</span> <span class='ocrx_word' id='word_1_98' title='bbox 913 1237 1136 1281; x_wconf 87' lang='lat' dir='ltr'>sententiis</span> <span class='ocrx_word' id='word_1_99' title='bbox 1169 1236 1444 1290; x_wconf 83' lang='lat' dir='ltr'>explicantur.</span> 
     </span>
    </p>

    <p class='ocr_par' dir='ltr' id='par_1_6' title="bbox 173 1310 1902 1594">
     <span class='ocr_line' id='line_1_15' title="bbox 310 1310 1902 1358; baseline -0.003 0"><span class='ocrx_word' id='word_1_100' title='bbox 310 1316 580 1358; x_wconf 88' lang='lat' dir='ltr'>Formulae</span> <span class='ocrx_word' id='word_1_101' title='bbox 621 1317 892 1357; x_wconf 89' lang='lat' dir='ltr'>contextus</span> <span class='ocrx_word' id='word_1_102' title='bbox 934 1313 1001 1355; x_wconf 91' lang='lat' dir='ltr'>hic</span> <span class='ocrx_word' id='word_1_103' title='bbox 1044 1312 1192 1355; x_wconf 85' lang='lat' dir='ltr'>eodem</span> <span class='ocrx_word' id='word_1_104' title='bbox 1225 1311 1349 1354; x_wconf 89' lang='lat' dir='ltr'>modo</span> <span class='ocrx_word' id='word_1_105' title='bbox 1383 1310 1672 1354; x_wconf 86' lang='lat' dir='ltr'>observandae</span> <span class='ocrx_word' id='word_1_106' title='bbox 1703 1311 1745 1352; x_wconf 92' lang='lat' dir='ltr'>in</span> <span class='ocrx_word' id='word_1_107' title='bbox 1777 1310 1902 1354; x_wconf 90' lang='lat' dir='ltr'>buco-</span> 
     </span>
     <span class='ocr_line' id='line_1_16' title="bbox 173 1386 1899 1445; baseline -0.003 -11"><span class='ocrx_word' id='word_1_108' title='bbox 173 1393 262 1436; x_wconf 86' lang='lat' dir='ltr'>licis</span> <span class='ocrx_word' id='word_1_109' title='bbox 295 1395 337 1434; x_wconf 90' lang='lat' dir='ltr'>et</span> <span class='ocrx_word' id='word_1_110' title='bbox 358 1391 400 1433; x_wconf 92' lang='lat' dir='ltr'>in</span> <span class='ocrx_word' id='word_1_111' title='bbox 423 1390 625 1445; x_wconf 89' lang='lat' dir='ltr'>epistolis,</span> <span class='ocrx_word' id='word_1_112' title='bbox 658 1401 767 1442; x_wconf 89' lang='lat' dir='ltr'>quae</span> <span class='ocrx_word' id='word_1_113' title='bbox 789 1388 964 1431; x_wconf 88' lang='lat' dir='ltr'>affectus</span> <span class='ocrx_word' id='word_1_114' title='bbox 988 1390 1031 1430; x_wconf 93' lang='lat' dir='ltr'>et</span> <span class='ocrx_word' id='word_1_115' title='bbox 1055 1399 1194 1429; x_wconf 87' lang='lat' dir='ltr'>mores</span> <span class='ocrx_word' id='word_1_116' title='bbox 1215 1386 1433 1428; x_wconf 90' lang='lat' dir='ltr'>hominum</span> <span class='ocrx_word' id='word_1_117' title='bbox 1456 1386 1535 1428; x_wconf 92' lang='lat' dir='ltr'>sub</span> <span class='ocrx_word' id='word_1_118' title='bbox 1559 1386 1701 1428; x_wconf 89' lang='lat' dir='ltr'>oculos</span> <span class='ocrx_word' id='word_1_119' title='bbox 1724 1389 1899 1440; x_wconf 90' lang='lat' dir='ltr'>ponunt.</span> 
     </span>
     <span class='ocr_line' id='line_1_17' title="bbox 173 1463 1900 1519; baseline -0.002 -11"><span class='ocrx_word' id='word_1_120' title='bbox 173 1468 221 1509; x_wconf 94' lang='lat' dir='ltr'>V.</span> <span class='ocrx_word' id='word_1_121' title='bbox 255 1480 315 1516; x_wconf 85' lang='lat' dir='ltr'>gr.</span> <span class='ocrx_word' id='word_1_122' title='bbox 352 1465 607 1519; x_wconf 85' lang='lat' dir='ltr'>gratulantis</span> <span class='ocrx_word' id='word_1_123' title='bbox 640 1468 706 1507; x_wconf 88' lang='lat' dir='ltr'>est</span> <span class='ocrx_word' id='word_1_124' title='bbox 736 1463 860 1506; x_wconf 89' lang='lat' dir='ltr'>illud:</span> <span class='ocrx_word' id='word_1_125' title='bbox 912 1464 1173 1506; x_wconf 86' lang='lat' dir='ltr'>»Fortunate</span> <span class='ocrx_word' id='word_1_126' title='bbox 1207 1474 1351 1511; x_wconf 79' lang='lat' dir='ltr'>senex,</span> <span class='ocrx_word' id='word_1_127' title='bbox 1387 1473 1487 1515; x_wconf 88' lang='lat' dir='ltr'>ergo</span> <span class='ocrx_word' id='word_1_128' title='bbox 1519 1464 1595 1503; x_wconf 89' lang='lat' dir='ltr'>tua</span> <span class='ocrx_word' id='word_1_129' title='bbox 1626 1474 1728 1503; x_wconf 90' lang='lat' dir='ltr'>rura</span> <span class='ocrx_word' id='word_1_130' title='bbox 1758 1474 1900 1504; x_wconf 89' lang='lat' dir='ltr'>mane-</span> 
     </span>
     <span class='ocr_line' id='line_1_18' title="bbox 173 1535 1898 1594; baseline -0.004 -10"><span class='ocrx_word' id='word_1_131' title='bbox 173 1542 299 1584; x_wconf 85' lang='lat' dir='ltr'>bunt!</span> <span class='ocrx_word' id='word_1_132' title='bbox 317 1554 335 1582; x_wconf 86' lang='lat'>«</span> <span class='ocrx_word' id='word_1_133' title='bbox 388 1540 501 1583; x_wconf 90' lang='lat' dir='ltr'>Illud</span> <span class='ocrx_word' id='word_1_134' title='bbox 525 1540 724 1582; x_wconf 89' lang='lat' dir='ltr'>dolentis:</span> <span class='ocrx_word' id='word_1_135' title='bbox 759 1539 863 1594; x_wconf 89' lang='lat' dir='ltr'>»Ite,</span> <span class='ocrx_word' id='word_1_136' title='bbox 895 1550 1014 1580; x_wconf 88' lang='lat' dir='ltr'>meae</span> <span class='ocrx_word' id='word_1_137' title='bbox 1036 1537 1253 1591; x_wconf 88' lang='lat' dir='ltr'>quondam</span> <span class='ocrx_word' id='word_1_138' title='bbox 1274 1535 1371 1579; x_wconf 87' lang='lat' dir='ltr'>felix</span> <span class='ocrx_word' id='word_1_139' title='bbox 1394 1548 1541 1590; x_wconf 84' lang='lat' dir='ltr'>pecus;</span> <span class='ocrx_word' id='word_1_140' title='bbox 1574 1535 1644 1590; x_wconf 90' lang='lat' dir='ltr'>ite,</span> <span class='ocrx_word' id='word_1_141' title='bbox 1673 1535 1898 1589; x_wconf 71' lang='lat' dir='ltr'>capellae«</span> 
     </span>
    </p>

    <p class='ocr_par' dir='ltr' id='par_1_7' title="bbox 171 1616 1901 2354">
     <span class='ocr_line' id='line_1_19' title="bbox 311 1616 1901 1672; baseline -0.004 -8"><span class='ocrx_word' id='word_1_142' title='bbox 311 1622 432 1664; x_wconf 85' lang='lat' dir='ltr'>Circa</span> <span class='ocrx_word' id='word_1_143' title='bbox 463 1621 637 1663; x_wconf 88' lang='lat' dir='ltr'>verba:</span> <span class='ocrx_word' id='word_1_144' title='bbox 674 1623 723 1662; x_wconf 91' lang='grc'>19</span> <span class='ocrx_word' id='word_1_145' title='bbox 756 1619 1022 1662; x_wconf 89' lang='lat' dir='ltr'>observanda</span> <span class='ocrx_word' id='word_1_146' title='bbox 1054 1631 1200 1661; x_wconf 90' lang='lat' dir='ltr'>earum</span> <span class='ocrx_word' id='word_1_147' title='bbox 1233 1616 1495 1672; x_wconf 83' lang='lat' dir='ltr'>syllabarum</span> <span class='ocrx_word' id='word_1_148' title='bbox 1528 1616 1759 1671; x_wconf 78' lang='lat' dir='ltr'>quantitaS,</span> <span class='ocrx_word' id='word_1_149' title='bbox 1791 1629 1901 1669; x_wconf 92' lang='lat' dir='ltr'>quae</span> 
     </span>
     <span class='ocr_line' id='line_1_20' title="bbox 173 1691 1900 1751; baseline -0.004 -12"><span class='ocrx_word' id='word_1_150' title='bbox 173 1711 220 1740; x_wconf 91' lang='lat' dir='ltr'>ex</span> <span class='ocrx_word' id='word_1_151' title='bbox 253 1697 453 1751; x_wconf 86' lang='lat' dir='ltr'>prosodia</span> <span class='ocrx_word' id='word_1_152' title='bbox 483 1697 678 1750; x_wconf 82' lang='lat' dir='ltr'>cognosci</span> <span class='ocrx_word' id='word_1_153' title='bbox 711 1696 880 1749; x_wconf 78' lang='lat' dir='ltr'>nequit3</span> <span class='ocrx_word' id='word_1_154' title='bbox 914 1697 965 1737; x_wconf 78' lang='grc'>29</span> <span class='ocrx_word' id='word_1_155' title='bbox 1001 1694 1140 1735; x_wconf 88' lang='lat' dir='ltr'>omnia</span> <span class='ocrx_word' id='word_1_156' title='bbox 1168 1692 1312 1748; x_wconf 87' lang='lat' dir='ltr'>verba,</span> <span class='ocrx_word' id='word_1_157' title='bbox 1347 1704 1456 1746; x_wconf 89' lang='lat' dir='ltr'>quae</span> <span class='ocrx_word' id='word_1_158' title='bbox 1478 1695 1649 1745; x_wconf 90' lang='lat' dir='ltr'>tropum</span> <span class='ocrx_word' id='word_1_159' title='bbox 1671 1691 1900 1747; x_wconf 72' lang='lat' dir='ltr'>continent,</span> 
     </span>
     <span class='ocr_line' id='line_1_21' title="bbox 172 1766 1899 1826; baseline -0.003 -12"><span class='ocrx_word' id='word_1_160' title='bbox 172 1772 232 1814; x_wconf 87' lang='lat' dir='ltr'>ita</span> <span class='ocrx_word' id='word_1_161' title='bbox 264 1774 313 1814; x_wconf 91' lang='grc'>111</span> <span class='ocrx_word' id='word_1_162' title='bbox 343 1771 501 1826; x_wconf 90' lang='lat' dir='ltr'>passim</span> <span class='ocrx_word' id='word_1_163' title='bbox 535 1784 559 1813; x_wconf 90' lang='lat' dir='ltr'>a</span> <span class='ocrx_word' id='word_1_164' title='bbox 590 1771 725 1825; x_wconf 78' lang='lat' dir='ltr'>poetis</span> <span class='ocrx_word' id='word_1_165' title='bbox 757 1783 834 1824; x_wconf 91' lang='lat' dir='ltr'>pro</span> <span class='ocrx_word' id='word_1_166' title='bbox 866 1768 1048 1823; x_wconf 86' lang='lat' dir='ltr'>propriis</span> <span class='ocrx_word' id='word_1_167' title='bbox 1081 1770 1369 1821; x_wconf 88' lang='lat' dir='ltr'>usurpentur:</span> <span class='ocrx_word' id='word_1_168' title='bbox 1403 1770 1452 1808; x_wconf 89' lang='lat' dir='ltr'>ut</span> <span class='ocrx_word' id='word_1_169' title='bbox 1482 1778 1616 1809; x_wconf 84' lang='lat' dir='ltr'>avena</span> <span class='ocrx_word' id='word_1_170' title='bbox 1646 1769 1690 1808; x_wconf 91' lang='lat' dir='ltr'>et</span> <span class='ocrx_word' id='word_1_171' title='bbox 1711 1766 1899 1809; x_wconf 87' lang='lat' dir='ltr'>calamus</span> 
     </span>
     <span class='ocr_line' id='line_1_22' title="bbox 172 1841 1899 1903; baseline -0.003 -14"><span class='ocrx_word' id='word_1_172' title='bbox 172 1860 247 1901; x_wconf 88' lang='lat' dir='ltr'>pro</span> <span class='ocrx_word' id='word_1_173' title='bbox 280 1846 437 1903; x_wconf 88' lang='lat' dir='ltr'>fistula,</span> <span class='ocrx_word' id='word_1_174' title='bbox 470 1846 620 1889; x_wconf 86' lang='lat' dir='ltr'>ardere</span> <span class='ocrx_word' id='word_1_175' title='bbox 652 1858 727 1899; x_wconf 91' lang='lat' dir='ltr'>pro</span> <span class='ocrx_word' id='word_1_176' title='bbox 757 1858 900 1888; x_wconf 87' lang='lat' dir='ltr'>amare</span> <span class='ocrx_word' id='word_1_177' title='bbox 922 1847 965 1887; x_wconf 89' lang='lat' dir='ltr'>et</span> <span class='ocrx_word' id='word_1_178' title='bbox 985 1843 1160 1894; x_wconf 84' lang='lat' dir='ltr'>similia;</span> <span class='ocrx_word' id='word_1_179' title='bbox 1193 1844 1245 1886; x_wconf 83' lang='grc'>39</span> <span class='ocrx_word' id='word_1_180' title='bbox 1280 1842 1481 1896; x_wconf 77' lang='lat' dir='ltr'>epitheta,</span> <span class='ocrx_word' id='word_1_181' title='bbox 1512 1841 1667 1895; x_wconf 89' lang='lat' dir='ltr'>quibus</span> <span class='ocrx_word' id='word_1_182' title='bbox 1689 1841 1729 1883; x_wconf 92' lang='lat' dir='ltr'>in</span> <span class='ocrx_word' id='word_1_183' title='bbox 1753 1841 1899 1895; x_wconf 88' lang='lat' dir='ltr'>primis</span> 
     </span>
     <span class='ocr_line' id='line_1_23' title="bbox 171 1915 1900 1976; baseline -0.004 -11"><span class='ocrx_word' id='word_1_184' title='bbox 171 1924 353 1965; x_wconf 90' lang='lat' dir='ltr'>utuntur</span> <span class='ocrx_word' id='word_1_185' title='bbox 393 1924 544 1976; x_wconf 78' lang='lat' dir='ltr'>poetae</span> <span class='ocrx_word' id='word_1_186' title='bbox 584 1925 674 1964; x_wconf 88' lang='lat' dir='ltr'>tum</span> <span class='ocrx_word' id='word_1_187' title='bbox 715 1921 768 1963; x_wconf 89' lang='lat' dir='ltr'>ad</span> <span class='ocrx_word' id='word_1_188' title='bbox 809 1919 1135 1973; x_wconf 84' lang='lat' dir='ltr'>descriptionem</span> <span class='ocrx_word' id='word_1_189' title='bbox 1176 1920 1268 1960; x_wconf 88' lang='lat' dir='ltr'>tum</span> <span class='ocrx_word' id='word_1_190' title='bbox 1311 1917 1364 1960; x_wconf 92' lang='lat' dir='ltr'>ad</span> <span class='ocrx_word' id='word_1_191' title='bbox 1397 1920 1594 1960; x_wconf 90' lang='lat' dir='ltr'>ornatum</span> <span class='ocrx_word' id='word_1_192' title='bbox 1626 1919 1669 1959; x_wconf 90' lang='lat' dir='ltr'>et</span> <span class='ocrx_word' id='word_1_193' title='bbox 1699 1929 1789 1959; x_wconf 87' lang='lat' dir='ltr'>rem</span> <span class='ocrx_word' id='word_1_194' title='bbox 1820 1915 1900 1959; x_wconf 90' lang='lat' dir='ltr'>sub</span> 
     </span>
     <span class='ocr_line' id='line_1_24' title="bbox 173 1991 1899 2051; baseline -0.003 -12"><span class='ocrx_word' id='word_1_195' title='bbox 173 1998 316 2040; x_wconf 89' lang='lat' dir='ltr'>oculos</span> <span class='ocrx_word' id='word_1_196' title='bbox 349 1997 600 2051; x_wconf 87' lang='lat' dir='ltr'>ponendam.</span> <span class='ocrx_word' id='word_1_197' title='bbox 663 1996 728 2038; x_wconf 91' lang='lat' dir='ltr'>Ad</span> <span class='ocrx_word' id='word_1_198' title='bbox 762 1995 1087 2049; x_wconf 87' lang='lat' dir='ltr'>descriptionem</span> <span class='ocrx_word' id='word_1_199' title='bbox 1119 1996 1326 2048; x_wconf 87' lang='lat' dir='ltr'>petuntur</span> <span class='ocrx_word' id='word_1_200' title='bbox 1356 1992 1421 2035; x_wconf 87' lang='lat' dir='ltr'>vel</span> <span class='ocrx_word' id='word_1_201' title='bbox 1450 2005 1474 2034; x_wconf 88' lang='lat' dir='ltr'>a</span> <span class='ocrx_word' id='word_1_202' title='bbox 1497 2004 1640 2047; x_wconf 87' lang='lat' dir='ltr'>causa,</span> <span class='ocrx_word' id='word_1_203' title='bbox 1671 1994 1721 2033; x_wconf 90' lang='lat' dir='ltr'>ut</span> <span class='ocrx_word' id='word_1_204' title='bbox 1742 1991 1899 2034; x_wconf 87' lang='lat' dir='ltr'>donum</span> 
     </span>
     <span class='ocr_line' id='line_1_25' title="bbox 172 2067 1900 2128; baseline -0.005 -12"><span class='ocrx_word' id='word_1_205' title='bbox 172 2073 353 2128; x_wconf 88' lang='lat' dir='ltr'>cereale,</span> <span class='ocrx_word' id='word_1_206' title='bbox 394 2072 459 2115; x_wconf 91' lang='lat' dir='ltr'>vel</span> <span class='ocrx_word' id='word_1_207' title='bbox 490 2085 516 2114; x_wconf 92' lang='lat' dir='ltr'>a</span> <span class='ocrx_word' id='word_1_208' title='bbox 546 2071 704 2126; x_wconf 87' lang='lat' dir='ltr'>patria,</span> <span class='ocrx_word' id='word_1_209' title='bbox 748 2074 796 2113; x_wconf 91' lang='lat' dir='ltr'>ut</span> <span class='ocrx_word' id='word_1_210' title='bbox 827 2070 1076 2113; x_wconf 85' lang='lat' dir='ltr'>Larissaeus</span> <span class='ocrx_word' id='word_1_211' title='bbox 1109 2068 1313 2122; x_wconf 90' lang='lat' dir='ltr'>Achilles,</span> <span class='ocrx_word' id='word_1_212' title='bbox 1355 2067 1528 2110; x_wconf 89' lang='lat' dir='ltr'>hircana</span> <span class='ocrx_word' id='word_1_213' title='bbox 1560 2067 1736 2122; x_wconf 78' lang='lat' dir='ltr'>TygriS,</span> <span class='ocrx_word' id='word_1_214' title='bbox 1780 2067 1844 2109; x_wconf 91' lang='lat' dir='ltr'>vel</span> <span class='ocrx_word' id='word_1_215' title='bbox 1875 2080 1900 2109; x_wconf 88' lang='lat' dir='ltr'>a</span> 
     </span>
     <span class='ocr_line' id='line_1_26' title="bbox 173 2142 1898 2204; baseline -0.005 -13"><span class='ocrx_word' id='word_1_216' title='bbox 173 2160 360 2204; x_wconf 87' lang='lat' dir='ltr'>munere,</span> <span class='ocrx_word' id='word_1_217' title='bbox 392 2150 440 2190; x_wconf 92' lang='lat' dir='ltr'>ut</span> <span class='ocrx_word' id='word_1_218' title='bbox 471 2149 691 2190; x_wconf 90' lang='lat' dir='ltr'>menstrua</span> <span class='ocrx_word' id='word_1_219' title='bbox 722 2146 836 2200; x_wconf 89' lang='lat' dir='ltr'>luna,</span> <span class='ocrx_word' id='word_1_220' title='bbox 869 2145 934 2187; x_wconf 89' lang='lat' dir='ltr'>vel</span> <span class='ocrx_word' id='word_1_221' title='bbox 966 2157 991 2187; x_wconf 92' lang='lat' dir='ltr'>a</span> <span class='ocrx_word' id='word_1_222' title='bbox 1022 2156 1188 2199; x_wconf 80' lang='lat' dir='ltr'>genere,</span> <span class='ocrx_word' id='word_1_223' title='bbox 1220 2146 1269 2185; x_wconf 91' lang='lat' dir='ltr'>ut</span> <span class='ocrx_word' id='word_1_224' title='bbox 1298 2142 1588 2198; x_wconf 89' lang='lat' dir='ltr'>Anchysiades</span> <span class='ocrx_word' id='word_1_225' title='bbox 1621 2142 1799 2198; x_wconf 81' lang='lat' dir='ltr'>AeneaS,</span> <span class='ocrx_word' id='word_1_226' title='bbox 1833 2142 1898 2184; x_wconf 87' lang='lat' dir='ltr'>vel</span> 
     </span>
     <span class='ocr_line' id='line_1_27' title="bbox 173 2217 1897 2278; baseline -0.004 -12"><span class='ocrx_word' id='word_1_227' title='bbox 173 2223 226 2266; x_wconf 92' lang='lat' dir='ltr'>ab</span> <span class='ocrx_word' id='word_1_228' title='bbox 259 2236 322 2278; x_wconf 86' lang='lat' dir='ltr'>eo,</span> <span class='ocrx_word' id='word_1_229' title='bbox 355 2223 421 2266; x_wconf 89' lang='lat' dir='ltr'>cui</span> <span class='ocrx_word' id='word_1_230' title='bbox 453 2235 520 2265; x_wconf 87' lang='lat' dir='ltr'>res</span> <span class='ocrx_word' id='word_1_231' title='bbox 552 2234 673 2264; x_wconf 88' lang='lat' dir='ltr'>sacra</span> <span class='ocrx_word' id='word_1_232' title='bbox 705 2224 782 2276; x_wconf 88' lang='lat' dir='ltr'>est,</span> <span class='ocrx_word' id='word_1_233' title='bbox 815 2223 863 2262; x_wconf 91' lang='lat' dir='ltr'>ut</span> <span class='ocrx_word' id='word_1_234' title='bbox 894 2219 1078 2273; x_wconf 90' lang='lat' dir='ltr'>palladia</span> <span class='ocrx_word' id='word_1_235' title='bbox 1110 2218 1233 2273; x_wconf 87' lang='lat' dir='ltr'>oliva,</span> <span class='ocrx_word' id='word_1_236' title='bbox 1266 2218 1331 2260; x_wconf 89' lang='lat' dir='ltr'>vel</span> <span class='ocrx_word' id='word_1_237' title='bbox 1357 2231 1382 2260; x_wconf 93' lang='lat' dir='ltr'>a</span> <span class='ocrx_word' id='word_1_238' title='bbox 1402 2218 1492 2260; x_wconf 93' lang='grc'><strong>1060</strong></span> <span class='ocrx_word' id='word_1_239' title='bbox 1515 2229 1651 2271; x_wconf 86' lang='lat' dir='ltr'>sacro,</span> <span class='ocrx_word' id='word_1_240' title='bbox 1684 2220 1733 2259; x_wconf 93' lang='lat' dir='ltr'>ut</span> <span class='ocrx_word' id='word_1_241' title='bbox 1753 2217 1897 2260; x_wconf 90' lang='lat' dir='ltr'>Venus</span> 
     </span>
     <span class='ocr_line' id='line_1_28' title="bbox 174 2298 436 2354; baseline -0.008 -13"><span class='ocrx_word' id='word_1_242' title='bbox 174 2298 436 2354; x_wconf 89' lang='lat' dir='ltr'>Cytheraeia.</span> 
     </span>
    </p>

    <p class='ocr_par' dir='ltr' id='par_1_8' title="bbox 174 2366 1899 3026">
     <span class='ocr_line' id='line_1_29' title="bbox 311 2366 1899 2424; baseline -0.004 -8"><span class='ocrx_word' id='word_1_243' title='bbox 311 2374 426 2416; x_wconf 87' lang='lat' dir='ltr'>Rem</span> <span class='ocrx_word' id='word_1_244' title='bbox 469 2372 548 2416; x_wconf 91' lang='lat' dir='ltr'>sub</span> <span class='ocrx_word' id='word_1_245' title='bbox 590 2372 733 2415; x_wconf 90' lang='lat' dir='ltr'>oculos</span> <span class='ocrx_word' id='word_1_246' title='bbox 775 2371 939 2424; x_wconf 89' lang='lat' dir='ltr'>ponunt</span> <span class='ocrx_word' id='word_1_247' title='bbox 979 2368 1186 2424; x_wconf 89' lang='lat' dir='ltr'>epitheta,</span> <span class='ocrx_word' id='word_1_248' title='bbox 1237 2368 1302 2410; x_wconf 92' lang='lat' dir='ltr'>vel</span> <span class='ocrx_word' id='word_1_249' title='bbox 1345 2367 1445 2421; x_wconf 88' lang='lat' dir='ltr'>quia</span> <span class='ocrx_word' id='word_1_250' title='bbox 1487 2366 1772 2421; x_wconf 88' lang='lat' dir='ltr'>quantitatem</span> <span class='ocrx_word' id='word_1_251' title='bbox 1822 2370 1899 2410; x_wconf 87' lang='lat' dir='ltr'>aut</span> 
     </span>
     <span class='ocr_line' id='line_1_30' title="bbox 180 2441 1896 2503; baseline -0.005 -12"><span class='ocrx_word' id='word_1_252' title='bbox 180 2449 430 2502; x_wconf 84' lang='lat' dir='ltr'>qualitatem</span> <span class='ocrx_word' id='word_1_253' title='bbox 463 2447 771 2503; x_wconf 75' lang='lat' dir='ltr'>adsignificant,</span> <span class='ocrx_word' id='word_1_254' title='bbox 803 2449 852 2488; x_wconf 96' lang='grc'>111</span> <span class='ocrx_word' id='word_1_255' title='bbox 882 2445 993 2487; x_wconf 90' lang='lat' dir='ltr'>vasti</span> <span class='ocrx_word' id='word_1_256' title='bbox 1023 2443 1191 2498; x_wconf 88' lang='lat' dir='ltr'>fluctus,</span> <span class='ocrx_word' id='word_1_257' title='bbox 1224 2443 1340 2485; x_wconf 89' lang='lat' dir='ltr'>collis</span> <span class='ocrx_word' id='word_1_258' title='bbox 1373 2441 1555 2497; x_wconf 81' lang='lat' dir='ltr'>apricuS,</span> <span class='ocrx_word' id='word_1_259' title='bbox 1588 2441 1727 2483; x_wconf 89' lang='lat' dir='ltr'>dulcia</span> <span class='ocrx_word' id='word_1_260' title='bbox 1758 2441 1896 2497; x_wconf 89' lang='lat' dir='ltr'>mella,</span> 
     </span>
     <span class='ocr_line' id='line_1_31' title="bbox 174 2516 1897 2576; baseline -0.005 -10"><span class='ocrx_word' id='word_1_261' title='bbox 174 2524 239 2566; x_wconf 88' lang='lat' dir='ltr'>vel</span> <span class='ocrx_word' id='word_1_262' title='bbox 272 2523 479 2576; x_wconf 85' lang='lat' dir='ltr'>effectum,</span> <span class='ocrx_word' id='word_1_263' title='bbox 516 2526 561 2565; x_wconf 88' lang='grc'>111</span> <span class='ocrx_word' id='word_1_264' title='bbox 590 2522 744 2576; x_wconf 86' lang='lat' dir='ltr'>frigida</span> <span class='ocrx_word' id='word_1_265' title='bbox 775 2534 902 2576; x_wconf 89' lang='lat' dir='ltr'>mors,</span> <span class='ocrx_word' id='word_1_266' title='bbox 935 2519 1069 2562; x_wconf 89' lang='lat' dir='ltr'>tristis</span> <span class='ocrx_word' id='word_1_267' title='bbox 1102 2521 1311 2573; x_wconf 89' lang='lat' dir='ltr'>senectus,</span> <span class='ocrx_word' id='word_1_268' title='bbox 1343 2517 1408 2559; x_wconf 89' lang='lat' dir='ltr'>vel</span> <span class='ocrx_word' id='word_1_269' title='bbox 1431 2516 1694 2572; x_wconf 89' lang='lat' dir='ltr'>adjunctum,</span> <span class='ocrx_word' id='word_1_270' title='bbox 1727 2518 1774 2558; x_wconf 91' lang='lat' dir='ltr'>ut</span> <span class='ocrx_word' id='word_1_271' title='bbox 1804 2529 1897 2569; x_wconf 87' lang='lat' dir='ltr'>gra-</span> 
     </span>
     <span class='ocr_line' id='line_1_32' title="bbox 175 2592 1897 2653; baseline -0.005 -12"><span class='ocrx_word' id='word_1_272' title='bbox 175 2599 344 2641; x_wconf 89' lang='lat' dir='ltr'>veolens</span> <span class='ocrx_word' id='word_1_273' title='bbox 377 2610 581 2653; x_wconf 86' lang='lat' dir='ltr'>avernus,</span> <span class='ocrx_word' id='word_1_274' title='bbox 614 2597 862 2640; x_wconf 88' lang='lat' dir='ltr'>suaveolens</span> <span class='ocrx_word' id='word_1_275' title='bbox 895 2606 1138 2650; x_wconf 86' lang='lat' dir='ltr'>amaracus,</span> <span class='ocrx_word' id='word_1_276' title='bbox 1170 2593 1398 2636; x_wconf 91' lang='lat' dir='ltr'>herbosum</span> <span class='ocrx_word' id='word_1_277' title='bbox 1430 2592 1608 2647; x_wconf 87' lang='lat' dir='ltr'>flumen,</span> <span class='ocrx_word' id='word_1_278' title='bbox 1651 2592 1717 2634; x_wconf 88' lang='lat' dir='ltr'>vel</span> <span class='ocrx_word' id='word_1_279' title='bbox 1748 2592 1897 2646; x_wconf 91' lang='lat' dir='ltr'>hyper-</span> 
     </span>
     <span class='ocr_line' id='line_1_33' title="bbox 174 2667 1897 2729; baseline -0.005 -12"><span class='ocrx_word' id='word_1_280' title='bbox 174 2673 320 2729; x_wconf 89' lang='lat' dir='ltr'>bolon,</span> <span class='ocrx_word' id='word_1_281' title='bbox 355 2677 400 2716; x_wconf 90' lang='lat' dir='ltr'>ut</span> <span class='ocrx_word' id='word_1_282' title='bbox 430 2672 567 2716; x_wconf 83' lang='lat' dir='ltr'>ferrea</span> <span class='ocrx_word' id='word_1_283' title='bbox 598 2686 696 2728; x_wconf 87' lang='lat' dir='ltr'>vox,</span> <span class='ocrx_word' id='word_1_284' title='bbox 730 2673 795 2715; x_wconf 91' lang='lat' dir='ltr'>vel</span> <span class='ocrx_word' id='word_1_285' title='bbox 826 2670 1138 2725; x_wconf 88' lang='lat' dir='ltr'>metaphoram,</span> <span class='ocrx_word' id='word_1_286' title='bbox 1170 2672 1219 2710; x_wconf 90' lang='lat' dir='ltr'>ut</span> <span class='ocrx_word' id='word_1_287' title='bbox 1250 2681 1321 2710; x_wconf 87' lang='lat' dir='ltr'>ver</span> <span class='ocrx_word' id='word_1_288' title='bbox 1352 2680 1627 2722; x_wconf 88' lang='lat' dir='ltr'>purpureum,</span> <span class='ocrx_word' id='word_1_289' title='bbox 1660 2667 1725 2709; x_wconf 88' lang='lat' dir='ltr'>vel</span> <span class='ocrx_word' id='word_1_290' title='bbox 1756 2667 1897 2710; x_wconf 88' lang='lat' dir='ltr'>simili-</span> 
     </span>
     <span class='ocr_line' id='line_1_34' title="bbox 174 2742 1897 2805; baseline -0.003 -14"><span class='ocrx_word' id='word_1_291' title='bbox 174 2749 384 2805; x_wconf 89' lang='lat' dir='ltr'>tudinem,</span> <span class='ocrx_word' id='word_1_292' title='bbox 416 2752 465 2791; x_wconf 89' lang='lat' dir='ltr'>ut</span> <span class='ocrx_word' id='word_1_293' title='bbox 496 2749 648 2791; x_wconf 90' lang='lat' dir='ltr'>collum</span> <span class='ocrx_word' id='word_1_294' title='bbox 680 2748 933 2802; x_wconf 89' lang='lat' dir='ltr'>eburneum,</span> <span class='ocrx_word' id='word_1_295' title='bbox 974 2744 1038 2787; x_wconf 92' lang='lat' dir='ltr'>vel</span> <span class='ocrx_word' id='word_1_296' title='bbox 1070 2744 1320 2798; x_wconf 87' lang='lat' dir='ltr'>qualitatem</span> <span class='ocrx_word' id='word_1_297' title='bbox 1354 2742 1551 2797; x_wconf 88' lang='lat' dir='ltr'>actionis,</span> <span class='ocrx_word' id='word_1_298' title='bbox 1590 2755 1700 2796; x_wconf 88' lang='lat' dir='ltr'>quae</span> <span class='ocrx_word' id='word_1_299' title='bbox 1731 2742 1792 2784; x_wconf 90' lang='lat' dir='ltr'>rei</span> <span class='ocrx_word' id='word_1_300' title='bbox 1824 2742 1897 2785; x_wconf 90' lang='lat' dir='ltr'>tri-</span> 
     </span>
     <span class='ocr_line' id='line_1_35' title="bbox 175 2817 1894 2876; baseline -0.004 -11"><span class='ocrx_word' id='word_1_301' title='bbox 175 2824 341 2873; x_wconf 75' lang='lat' dir='ltr'>buitur,</span> <span class='ocrx_word' id='word_1_302' title='bbox 375 2827 422 2865; x_wconf 90' lang='lat' dir='ltr'>ut</span> <span class='ocrx_word' id='word_1_303' title='bbox 453 2823 657 2865; x_wconf 90' lang='lat' dir='ltr'>Horatius</span> <span class='ocrx_word' id='word_1_304' title='bbox 690 2835 751 2876; x_wconf 90' lang='lat' dir='ltr'>ep.</span> <span class='ocrx_word' id='word_1_305' title='bbox 778 2824 801 2864; x_wconf 79' lang='lat'>2</span> <span class='ocrx_word' id='word_1_306' title='bbox 834 2821 902 2863; x_wconf 92' lang='lat' dir='ltr'>lib.</span> <span class='ocrx_word' id='word_1_307' title='bbox 931 2824 948 2862; x_wconf 89' lang='lat'>1</span> <span class='ocrx_word' id='word_1_308' title='bbox 987 2821 1179 2864; x_wconf 73' lang='lat' dir='ltr'>»vivendi</span> <span class='ocrx_word' id='word_1_309' title='bbox 1210 2823 1324 2863; x_wconf 90' lang='lat' dir='ltr'>recte</span> <span class='ocrx_word' id='word_1_310' title='bbox 1356 2819 1468 2873; x_wconf 89' lang='lat' dir='ltr'>quod</span> <span class='ocrx_word' id='word_1_311' title='bbox 1500 2821 1702 2872; x_wconf 87' lang='lat' dir='ltr'>prorogat</span> <span class='ocrx_word' id='word_1_312' title='bbox 1733 2817 1894 2871; x_wconf 88' lang='lat' dir='ltr'>horam,</span> 
     </span>
     <span class='ocr_line' id='line_1_36' title="bbox 175 2892 1896 2953; baseline -0.004 -13"><span class='ocrx_word' id='word_1_313' title='bbox 175 2898 376 2940; x_wconf 88' lang='lat' dir='ltr'>Rusticus</span> <span class='ocrx_word' id='word_1_314' title='bbox 409 2901 603 2953; x_wconf 85' lang='lat' dir='ltr'>expectat</span> <span class='ocrx_word' id='word_1_315' title='bbox 634 2897 734 2939; x_wconf 89' lang='lat' dir='ltr'>dum</span> <span class='ocrx_word' id='word_1_316' title='bbox 767 2896 914 2939; x_wconf 89' lang='lat' dir='ltr'>defluit</span> <span class='ocrx_word' id='word_1_317' title='bbox 945 2896 1128 2946; x_wconf 80' lang='lat' dir='ltr'>amnis«3</span> <span class='ocrx_word' id='word_1_318' title='bbox 1161 2895 1254 2938; x_wconf 84' lang='lat' dir='ltr'>vult</span> <span class='ocrx_word' id='word_1_319' title='bbox 1275 2894 1384 2937; x_wconf 90' lang='lat' dir='ltr'>enim</span> <span class='ocrx_word' id='word_1_320' title='bbox 1407 2893 1643 2947; x_wconf 90' lang='lat' dir='ltr'>ostendere,</span> <span class='ocrx_word' id='word_1_321' title='bbox 1675 2892 1779 2935; x_wconf 87' lang='lat' dir='ltr'>illud</span> <span class='ocrx_word' id='word_1_322' title='bbox 1801 2905 1896 2946; x_wconf 88' lang='lat' dir='ltr'>pro-</span> 
     </span>
     <span class='ocr_line' id='line_1_37' title="bbox 177 2971 1314 3026; baseline -0.003 -11"><span class='ocrx_word' id='word_1_323' title='bbox 177 2985 328 3026; x_wconf 85' lang='lat' dir='ltr'>rogare</span> <span class='ocrx_word' id='word_1_324' title='bbox 360 2976 402 3016; x_wconf 90' lang='lat' dir='ltr'>et</span> <span class='ocrx_word' id='word_1_325' title='bbox 433 2976 654 3026; x_wconf 85' lang='lat' dir='ltr'>expectare</span> <span class='ocrx_word' id='word_1_326' title='bbox 687 2972 893 3015; x_wconf 89' lang='lat' dir='ltr'>rusticum</span> <span class='ocrx_word' id='word_1_327' title='bbox 926 2974 969 3013; x_wconf 92' lang='lat' dir='ltr'>et</span> <span class='ocrx_word' id='word_1_328' title='bbox 1000 2971 1179 3013; x_wconf 89' lang='lat' dir='ltr'>stultum</span> <span class='ocrx_word' id='word_1_329' title='bbox 1211 2982 1314 3013; x_wconf 89' lang='lat' dir='ltr'>esse.</span> 
     </span>
    </p>

    <p class='ocr_par' dir='ltr' id='par_1_9' title="bbox 177 3041 1895 3177">
     <span class='ocr_line' id='line_1_38' title="bbox 314 3041 1895 3102; baseline -0.004 -12"><span class='ocrx_word' id='word_1_330' title='bbox 314 3049 377 3091; x_wconf 87' lang='lat' dir='ltr'>De</span> <span class='ocrx_word' id='word_1_331' title='bbox 418 3047 690 3102; x_wconf 84' lang='lat' dir='ltr'>particulis</span> <span class='ocrx_word' id='word_1_332' title='bbox 733 3046 835 3089; x_wconf 92' lang='lat' dir='ltr'>nihil</span> <span class='ocrx_word' id='word_1_333' title='bbox 874 3049 1097 3100; x_wconf 89' lang='lat' dir='ltr'>praeterea</span> <span class='ocrx_word' id='word_1_334' title='bbox 1137 3044 1215 3088; x_wconf 91' lang='lat' dir='ltr'>hoc</span> <span class='ocrx_word' id='word_1_335' title='bbox 1256 3044 1347 3087; x_wconf 92' lang='lat' dir='ltr'>loco</span> <span class='ocrx_word' id='word_1_336' title='bbox 1385 3041 1608 3086; x_wconf 88' lang='lat' dir='ltr'>dicendum</span> <span class='ocrx_word' id='word_1_337' title='bbox 1640 3045 1723 3097; x_wconf 89' lang='lat' dir='ltr'>est,</span> <span class='ocrx_word' id='word_1_338' title='bbox 1766 3054 1895 3095; x_wconf 88' lang='lat' dir='ltr'>quam</span> 
     </span>
     <span class='ocr_line' id='line_1_39' title="bbox 177 3122 1006 3177; baseline -0.006 -11"><span class='ocrx_word' id='word_1_339' title='bbox 177 3123 291 3176; x_wconf 87' lang='lat' dir='ltr'>quod</span> <span class='ocrx_word' id='word_1_340' title='bbox 322 3123 540 3177; x_wconf 87' lang='lat' dir='ltr'>superiore</span> <span class='ocrx_word' id='word_1_341' title='bbox 573 3123 709 3177; x_wconf 88' lang='lat' dir='ltr'>capite</span> <span class='ocrx_word' id='word_1_342' title='bbox 741 3122 899 3165; x_wconf 91' lang='lat' dir='ltr'>dictum</span> <span class='ocrx_word' id='word_1_343' title='bbox 931 3124 1006 3163; x_wconf 92' lang='lat' dir='ltr'>est.</span> 
     </span>
    </p>
   </div>
  </div>
 </body>
</html>
