<?xml version="1.0" encoding="UTF-8"?>
<!DOCTYPE html PUBLIC "-//W3C//DTD XHTML 1.0 Transitional//EN"
    "http://www.w3.org/TR/xhtml1/DTD/xhtml1-transitional.dtd">
<html xmlns="http://www.w3.org/1999/xhtml" xml:lang="en" lang="en">
 <head>
  <title>
</title>
<meta http-equiv="Content-Type" content="text/html;charset=utf-8" />
  <meta name='ocr-system' content='tesseract 3.04.00' />
  <meta name='ocr-capabilities' content='ocr_page ocr_carea ocr_par ocr_line ocrx_word'/>
</head>
<body>
  <div class='ocr_page' id='page_1' title='image "./ratiostudiorumet16jesu_0060.png"; bbox 0 0 2164 3535; ppageno 0'>
   <div class='ocr_carea' id='block_1_1' title="bbox 284 256 1512 301">
    <p class='ocr_par' dir='ltr' id='par_1_1' title="bbox 284 256 1512 301">
     <span class='ocr_line' id='line_1_1' title="bbox 284 256 1512 301; baseline 0.001 -11"><span class='ocrx_word' id='word_1_1' title='bbox 284 259 338 299; x_wconf 86' lang='grc'>36</span> <span class='ocrx_word' id='word_1_2' title='bbox 776 256 1067 292; x_wconf 83' lang='lat' dir='ltr'>Oberdeutscher</span> <span class='ocrx_word' id='word_1_3' title='bbox 1092 256 1365 301; x_wconf 86' lang='lat' dir='ltr'>Lektionsplan.</span> <span class='ocrx_word' id='word_1_4' title='bbox 1414 259 1454 293; x_wconf 86' lang='lat'>17</span> <span class='ocrx_word' id='word_1_5' title='bbox 1458 259 1512 292; x_wconf 77' lang='lat'>36.</span> 
     </span>
    </p>
   </div>
   <div class='ocr_carea' id='block_1_2' title="bbox 284 322 1963 340">
    <p class='ocr_par' dir='ltr' id='par_1_2' title="bbox 284 322 1963 340">
     <span class='ocr_line' id='line_1_2' title="bbox 284 322 1963 340; baseline 0 0"><span class='ocrx_word' id='word_1_6' title='bbox 284 322 1963 340; x_wconf 95' lang='lat' dir='ltr'> </span> 
     </span>
    </p>
   </div>
   <div class='ocr_carea' id='block_1_3' title="bbox 282 396 2010 678">
    <p class='ocr_par' dir='ltr' id='par_1_3' title="bbox 283 396 2008 525">
     <span class='ocr_line' id='line_1_3' title="bbox 283 396 2008 452; baseline 0 -12"><span class='ocrx_word' id='word_1_7' title='bbox 283 399 504 452; x_wconf 82' lang='lat' dir='ltr'>explicatio</span> <span class='ocrx_word' id='word_1_8' title='bbox 536 398 756 450; x_wconf 79' lang='lat' dir='ltr'>Evangelii</span> <span class='ocrx_word' id='word_1_9' title='bbox 789 398 954 439; x_wconf 84' lang='lat' dir='ltr'>Graeci.</span> <span class='ocrx_word' id='word_1_10' title='bbox 1003 396 1220 448; x_wconf 91' lang='lat' dir='ltr'>(Consuet.</span> <span class='ocrx_word' id='word_1_11' title='bbox 1254 397 1375 439; x_wconf 91' lang='lat' dir='ltr'>Prov.</span> <span class='ocrx_word' id='word_1_12' title='bbox 1411 410 1443 439; x_wconf 91' lang='lat' dir='ltr'>c.</span> <span class='ocrx_word' id='word_1_13' title='bbox 1470 400 1494 440; x_wconf 86' lang='grc'>6</span> <span class='ocrx_word' id='word_1_14' title='bbox 1527 411 1563 440; x_wconf 88' lang='lat' dir='ltr'>n.</span> <span class='ocrx_word' id='word_1_15' title='bbox 1591 401 1612 440; x_wconf 80' lang='lat'>7</span> <span class='ocrx_word' id='word_1_16' title='bbox 1637 404 1680 440; x_wconf 88' lang='lat' dir='ltr'>et</span> <span class='ocrx_word' id='word_1_17' title='bbox 1711 400 1735 440; x_wconf 78' lang='lat'>8</span> <span class='ocrx_word' id='word_1_18' title='bbox 1768 403 1810 441; x_wconf 90' lang='lat' dir='ltr'>et</span> <span class='ocrx_word' id='word_1_19' title='bbox 1833 400 2008 442; x_wconf 88' lang='lat' dir='ltr'>Observ.</span> 
     </span>
     <span class='ocr_line' id='line_1_4' title="bbox 283 473 880 525; baseline 0 -11"><span class='ocrx_word' id='word_1_20' title='bbox 283 473 337 515; x_wconf 89' lang='lat' dir='ltr'>ad</span> <span class='ocrx_word' id='word_1_21' title='bbox 370 473 503 516; x_wconf 89' lang='lat' dir='ltr'>Catal.</span> <span class='ocrx_word' id='word_1_22' title='bbox 542 474 612 515; x_wconf 91' lang='lat' dir='ltr'>lib.</span> <span class='ocrx_word' id='word_1_23' title='bbox 645 486 759 515; x_wconf 91' lang='lat' dir='ltr'>num.</span> <span class='ocrx_word' id='word_1_24' title='bbox 784 474 880 525; x_wconf 88' lang='grc' dir='ltr'><strong>ΙΙΙ.)</strong></span> 
     </span>
    </p>

    <p class='ocr_par' dir='ltr' id='par_1_4' title="bbox 282 547 2010 678">
     <span class='ocr_line' id='line_1_5' title="bbox 427 547 2010 602; baseline 0 -11"><span class='ocrx_word' id='word_1_25' title='bbox 427 549 623 591; x_wconf 87' lang='lat' dir='ltr'>Eruditio</span> <span class='ocrx_word' id='word_1_26' title='bbox 671 549 897 601; x_wconf 78' lang='lat' dir='ltr'>augebitur</span> <span class='ocrx_word' id='word_1_27' title='bbox 946 561 994 589; x_wconf 81' lang='lat' dir='ltr'>ex</span> <span class='ocrx_word' id='word_1_28' title='bbox 1041 547 1395 590; x_wconf 85' lang='lat' dir='ltr'>Rudimentorum</span> <span class='ocrx_word' id='word_1_29' title='bbox 1442 549 1754 591; x_wconf 89' lang='lat' dir='ltr'>Historicorum</span> <span class='ocrx_word' id='word_1_30' title='bbox 1797 549 2010 602; x_wconf 89' lang='lat' dir='ltr'>Opusculo</span> 
     </span>
     <span class='ocr_line' id='line_1_6' title="bbox 282 623 2010 678; baseline 0.001 -13"><span class='ocrx_word' id='word_1_31' title='bbox 282 627 435 677; x_wconf 89' lang='lat' dir='ltr'>quarto</span> <span class='ocrx_word' id='word_1_32' title='bbox 468 625 519 667; x_wconf 91' lang='lat' dir='ltr'>de</span> <span class='ocrx_word' id='word_1_33' title='bbox 541 625 696 678; x_wconf 82' lang='lat' dir='ltr'>Regnis</span> <span class='ocrx_word' id='word_1_34' title='bbox 729 628 772 665; x_wconf 90' lang='lat' dir='ltr'>et</span> <span class='ocrx_word' id='word_1_35' title='bbox 793 623 1118 677; x_wconf 81' lang='lat' dir='ltr'>Rebuspublicis</span> <span class='ocrx_word' id='word_1_36' title='bbox 1149 623 1273 665; x_wconf 89' lang='lat' dir='ltr'>Orbis</span> <span class='ocrx_word' id='word_1_37' title='bbox 1306 626 1531 666; x_wconf 84' lang='lat' dir='ltr'>terrarum.</span> <span class='ocrx_word' id='word_1_38' title='bbox 1581 624 1748 678; x_wconf 87' lang='lat' dir='ltr'>(Ordin.</span> <span class='ocrx_word' id='word_1_39' title='bbox 1773 637 1865 666; x_wconf 87' lang='lat' dir='ltr'>nov.</span> <span class='ocrx_word' id='word_1_40' title='bbox 1891 624 2010 678; x_wconf 80' lang='lat' dir='ltr'>Sup.)</span> 
     </span>
    </p>
   </div>
   <div class='ocr_carea' id='block_1_4' title="bbox 630 889 1664 950">
    <p class='ocr_par' dir='ltr' id='par_1_5' title="bbox 630 889 1664 950">
     <span class='ocr_line' id='line_1_7' title="bbox 630 889 1664 950; baseline 0.001 -12"><span class='ocrx_word' id='word_1_41' title='bbox 630 893 674 939; x_wconf 86' lang='lat'>4.</span> <span class='ocrx_word' id='word_1_42' title='bbox 734 889 900 950; x_wconf 82' lang='lat' dir='ltr'>Libri</span> <span class='ocrx_word' id='word_1_43' title='bbox 938 889 1377 939; x_wconf 84' lang='lat' dir='ltr'>Grammaticae</span> <span class='ocrx_word' id='word_1_44' title='bbox 1416 890 1664 940; x_wconf 87' lang='lat' dir='ltr'>Mediae.</span> 
     </span>
    </p>
   </div>
   <div class='ocr_carea' id='block_1_5' title="bbox 269 1006 2010 3247">
    <p class='ocr_par' dir='ltr' id='par_1_6' title="bbox 278 1006 2010 1591">
     <span class='ocr_line' id='line_1_8' title="bbox 436 1006 2010 1061; baseline 0.001 -14"><span class='ocrx_word' id='word_1_45' title='bbox 436 1006 497 1047; x_wconf 89' lang='lat' dir='ltr'>Ex</span> <span class='ocrx_word' id='word_1_46' title='bbox 545 1006 889 1048; x_wconf 89' lang='lat' dir='ltr'>Institutionibus</span> <span class='ocrx_word' id='word_1_47' title='bbox 943 1006 1242 1049; x_wconf 73' lang='lat' dir='ltr'>Grammaticis</span> <span class='ocrx_word' id='word_1_48' title='bbox 1285 1007 1330 1048; x_wconf 92' lang='lat' dir='ltr'>P.</span> <span class='ocrx_word' id='word_1_49' title='bbox 1371 1007 1634 1050; x_wconf 87' lang='lat' dir='ltr'>Emmanuel.</span> <span class='ocrx_word' id='word_1_50' title='bbox 1678 1006 1822 1048; x_wconf 88' lang='lat' dir='ltr'>Alvari</span> <span class='ocrx_word' id='word_1_51' title='bbox 1870 1006 2010 1061; x_wconf 88' lang='lat' dir='ltr'>expla-</span> 
     </span>
     <span class='ocr_line' id='line_1_9' title="bbox 281 1082 2007 1137; baseline 0.001 -15"><span class='ocrx_word' id='word_1_52' title='bbox 281 1082 448 1123; x_wconf 88' lang='lat' dir='ltr'>nandus</span> <span class='ocrx_word' id='word_1_53' title='bbox 482 1082 589 1124; x_wconf 84' lang='lat' dir='ltr'>liber</span> <span class='ocrx_word' id='word_1_54' title='bbox 611 1083 651 1124; x_wconf 91' lang='lat' dir='ltr'>II</span> <span class='ocrx_word' id='word_1_55' title='bbox 685 1082 736 1124; x_wconf 90' lang='lat' dir='ltr'>de</span> <span class='ocrx_word' id='word_1_56' title='bbox 768 1082 1083 1124; x_wconf 80' lang='lat' dir='ltr'>constructione</span> <span class='ocrx_word' id='word_1_57' title='bbox 1115 1086 1208 1125; x_wconf 89' lang='lat' dir='ltr'>octo</span> <span class='ocrx_word' id='word_1_58' title='bbox 1241 1083 1430 1137; x_wconf 84' lang='lat' dir='ltr'>partium</span> <span class='ocrx_word' id='word_1_59' title='bbox 1463 1083 1679 1135; x_wconf 78' lang='lat' dir='ltr'>orationis,</span> <span class='ocrx_word' id='word_1_60' title='bbox 1711 1095 1786 1124; x_wconf 90' lang='lat' dir='ltr'>seu</span> <span class='ocrx_word' id='word_1_61' title='bbox 1818 1082 2007 1136; x_wconf 78' lang='lat' dir='ltr'>syntaxis</span> 
     </span>
     <span class='ocr_line' id='line_1_10' title="bbox 280 1158 2009 1213; baseline 0 -14"><span class='ocrx_word' id='word_1_62' title='bbox 280 1161 371 1199; x_wconf 85' lang='lat' dir='ltr'>tota</span> <span class='ocrx_word' id='word_1_63' title='bbox 414 1170 508 1200; x_wconf 90' lang='lat' dir='ltr'>cum</span> <span class='ocrx_word' id='word_1_64' title='bbox 550 1158 853 1211; x_wconf 76' lang='lat' dir='ltr'>appendicibus</span> <span class='ocrx_word' id='word_1_65' title='bbox 893 1158 1154 1201; x_wconf 80' lang='lat' dir='ltr'>facilioribus</span> <span class='ocrx_word' id='word_1_66' title='bbox 1196 1158 1339 1213; x_wconf 86' lang='lat' dir='ltr'>(primi</span> <span class='ocrx_word' id='word_1_67' title='bbox 1372 1172 1419 1201; x_wconf 88' lang='lat' dir='ltr'>ac</span> <span class='ocrx_word' id='word_1_68' title='bbox 1452 1158 1624 1201; x_wconf 86' lang='lat' dir='ltr'>secundi</span> <span class='ocrx_word' id='word_1_69' title='bbox 1658 1158 1840 1211; x_wconf 89' lang='lat' dir='ltr'>generis)</span> <span class='ocrx_word' id='word_1_70' title='bbox 1874 1170 2009 1211; x_wconf 89' lang='lat' dir='ltr'>usque</span> 
     </span>
     <span class='ocr_line' id='line_1_11' title="bbox 280 1233 2010 1288; baseline 0 -14"><span class='ocrx_word' id='word_1_71' title='bbox 280 1233 333 1274; x_wconf 86' lang='lat' dir='ltr'>ad</span> <span class='ocrx_word' id='word_1_72' title='bbox 374 1234 620 1287; x_wconf 80' lang='lat' dir='ltr'>Figuratam</span> <span class='ocrx_word' id='word_1_73' title='bbox 663 1233 1032 1276; x_wconf 78' lang='lat' dir='ltr'>constructionem.</span> <span class='ocrx_word' id='word_1_74' title='bbox 1108 1235 1188 1287; x_wconf 74' lang='lat' dir='ltr'>(Ex</span> <span class='ocrx_word' id='word_1_75' title='bbox 1227 1234 1327 1287; x_wconf 85' lang='lat' dir='ltr'>Reg.</span> <span class='ocrx_word' id='word_1_76' title='bbox 1360 1235 1384 1275; x_wconf 81' lang='lat'>8</span> <span class='ocrx_word' id='word_1_77' title='bbox 1416 1234 1553 1276; x_wconf 83' lang='lat' dir='ltr'>Praef.</span> <span class='ocrx_word' id='word_1_78' title='bbox 1588 1233 1708 1275; x_wconf 77' lang='lat' dir='ltr'>Stud.</span> <span class='ocrx_word' id='word_1_79' title='bbox 1742 1234 1812 1275; x_wconf 87' lang='lat' dir='ltr'>inf.</span> <span class='ocrx_word' id='word_1_80' title='bbox 1848 1234 1871 1288; x_wconf 63' lang='grc' dir='ltr'>ξ</span> <span class='ocrx_word' id='word_1_81' title='bbox 1900 1234 1924 1274; x_wconf 78' lang='grc'>2</span> <span class='ocrx_word' id='word_1_82' title='bbox 1967 1235 2010 1274; x_wconf 92' lang='lat' dir='ltr'>et</span> 
     </span>
     <span class='ocr_line' id='line_1_12' title="bbox 278 1309 2009 1363; baseline 0.001 -13"><span class='ocrx_word' id='word_1_83' title='bbox 278 1309 425 1362; x_wconf 75' lang='lat' dir='ltr'>Regi</span> <span class='ocrx_word' id='word_1_84' title='bbox 472 1309 580 1351; x_wconf 88' lang='lat' dir='ltr'>Med.</span> <span class='ocrx_word' id='word_1_85' title='bbox 618 1309 781 1361; x_wconf 78' lang='lat' dir='ltr'>Grani.)</span> <span class='ocrx_word' id='word_1_86' title='bbox 853 1310 1095 1353; x_wconf 83' lang='lat' dir='ltr'>Recolenda</span> <span class='ocrx_word' id='word_1_87' title='bbox 1140 1323 1310 1363; x_wconf 90' lang='lat' dir='ltr'>quoque</span> <span class='ocrx_word' id='word_1_88' title='bbox 1355 1324 1404 1352; x_wconf 86' lang='lat' dir='ltr'>ex</span> <span class='ocrx_word' id='word_1_89' title='bbox 1450 1310 1609 1352; x_wconf 89' lang='lat' dir='ltr'>libroI</span> <span class='ocrx_word' id='word_1_90' title='bbox 1657 1322 1765 1363; x_wconf 90' lang='lat' dir='ltr'>quae</span> <span class='ocrx_word' id='word_1_91' title='bbox 1812 1313 1909 1351; x_wconf 86' lang='lat' dir='ltr'>sunt</span> <span class='ocrx_word' id='word_1_92' title='bbox 1958 1309 2009 1351; x_wconf 90' lang='lat' dir='ltr'>de</span> 
     </span>
     <span class='ocr_line' id='line_1_13' title="bbox 279 1384 2006 1439; baseline 0.001 -14"><span class='ocrx_word' id='word_1_93' title='bbox 279 1384 520 1436; x_wconf 86' lang='lat' dir='ltr'>praeteritis</span> <span class='ocrx_word' id='word_1_94' title='bbox 562 1397 610 1427; x_wconf 89' lang='lat' dir='ltr'>ac</span> <span class='ocrx_word' id='word_1_95' title='bbox 642 1385 816 1438; x_wconf 80' lang='lat' dir='ltr'>supinis.</span> <span class='ocrx_word' id='word_1_96' title='bbox 882 1386 1001 1439; x_wconf 82' lang='lat' dir='ltr'>(Reg.</span> <span class='ocrx_word' id='word_1_97' title='bbox 1028 1388 1052 1427; x_wconf 64' lang='lat'>*2</span> <span class='ocrx_word' id='word_1_98' title='bbox 1085 1386 1195 1427; x_wconf 85' lang='lat' dir='ltr'>Med.</span> <span class='ocrx_word' id='word_1_99' title='bbox 1229 1385 1394 1437; x_wconf 64' lang='lat' dir='ltr'>Grams)</span> <span class='ocrx_word' id='word_1_100' title='bbox 1456 1386 1624 1427; x_wconf 88' lang='lat' dir='ltr'>Etenim</span> <span class='ocrx_word' id='word_1_101' title='bbox 1666 1386 1707 1426; x_wconf 91' lang='lat' dir='ltr'>in</span> <span class='ocrx_word' id='word_1_102' title='bbox 1750 1397 2006 1438; x_wconf 88' lang='lat' dir='ltr'>unaquaque</span> 
     </span>
     <span class='ocr_line' id='line_1_14' title="bbox 280 1458 2006 1515; baseline 0.001 -15"><span class='ocrx_word' id='word_1_103' title='bbox 280 1458 423 1501; x_wconf 83' lang='lat' dir='ltr'>Classe</span> <span class='ocrx_word' id='word_1_104' title='bbox 466 1459 780 1502; x_wconf 85' lang='lat' dir='ltr'>Grammaticae</span> <span class='ocrx_word' id='word_1_105' title='bbox 821 1474 870 1503; x_wconf 88' lang='lat' dir='ltr'>ea</span> <span class='ocrx_word' id='word_1_106' title='bbox 912 1474 1100 1515; x_wconf 76' lang='lat' dir='ltr'>semper,</span> <span class='ocrx_word' id='word_1_107' title='bbox 1147 1474 1255 1515; x_wconf 85' lang='lat' dir='ltr'>quae</span> <span class='ocrx_word' id='word_1_108' title='bbox 1302 1462 1343 1503; x_wconf 90' lang='lat' dir='ltr'>in</span> <span class='ocrx_word' id='word_1_109' title='bbox 1387 1461 1540 1503; x_wconf 83' lang='lat' dir='ltr'>Schola</span> <span class='ocrx_word' id='word_1_110' title='bbox 1579 1461 1768 1514; x_wconf 86' lang='lat' dir='ltr'>proxime</span> <span class='ocrx_word' id='word_1_111' title='bbox 1809 1461 2006 1503; x_wconf 87' lang='lat' dir='ltr'>inferiore</span> 
     </span>
     <span class='ocr_line' id='line_1_15' title="bbox 278 1534 1406 1591; baseline 0.002 -16"><span class='ocrx_word' id='word_1_112' title='bbox 278 1534 439 1576; x_wconf 88' lang='lat' dir='ltr'>tradita</span> <span class='ocrx_word' id='word_1_113' title='bbox 471 1537 583 1591; x_wconf 72' lang='lat' dir='ltr'>sunt,</span> <span class='ocrx_word' id='word_1_114' title='bbox 616 1536 775 1578; x_wconf 84' lang='lat' dir='ltr'>recurri</span> <span class='ocrx_word' id='word_1_115' title='bbox 810 1536 975 1579; x_wconf 84' lang='lat' dir='ltr'>debent.</span> <span class='ocrx_word' id='word_1_116' title='bbox 1039 1537 1157 1589; x_wconf 85' lang='lat' dir='ltr'>(Reg.</span> <span class='ocrx_word' id='word_1_117' title='bbox 1186 1538 1236 1579; x_wconf 78' lang='lat'>12</span> <span class='ocrx_word' id='word_1_118' title='bbox 1271 1537 1406 1589; x_wconf 85' lang='lat' dir='ltr'>Com.)</span> 
     </span>
    </p>

    <p class='ocr_par' dir='ltr' id='par_1_7' title="bbox 276 1610 2006 1966">
     <span class='ocr_line' id='line_1_16' title="bbox 419 1610 2006 1665; baseline 0.001 -14"><span class='ocrx_word' id='word_1_119' title='bbox 419 1610 479 1651; x_wconf 88' lang='lat' dir='ltr'>Ex</span> <span class='ocrx_word' id='word_1_120' title='bbox 523 1611 787 1653; x_wconf 89' lang='lat' dir='ltr'>Authoribus</span> <span class='ocrx_word' id='word_1_121' title='bbox 837 1611 890 1653; x_wconf 88' lang='lat' dir='ltr'>ad</span> <span class='ocrx_word' id='word_1_122' title='bbox 934 1612 1238 1665; x_wconf 84' lang='lat' dir='ltr'>praelectiones</span> <span class='ocrx_word' id='word_1_123' title='bbox 1286 1613 1452 1654; x_wconf 90' lang='lat' dir='ltr'>nonnisi</span> <span class='ocrx_word' id='word_1_124' title='bbox 1500 1611 1750 1654; x_wconf 86' lang='lat' dir='ltr'>Familiares</span> <span class='ocrx_word' id='word_1_125' title='bbox 1792 1611 2006 1653; x_wconf 83' lang='lat' dir='ltr'>Ciceronis</span> 
     </span>
     <span class='ocr_line' id='line_1_17' title="bbox 278 1685 2004 1741; baseline 0.001 -15"><span class='ocrx_word' id='word_1_126' title='bbox 278 1685 496 1739; x_wconf 88' lang='lat' dir='ltr'>Epistolae</span> <span class='ocrx_word' id='word_1_127' title='bbox 528 1686 791 1728; x_wconf 80' lang='lat' dir='ltr'>adhibendae</span> <span class='ocrx_word' id='word_1_128' title='bbox 822 1691 933 1729; x_wconf 88' lang='lat' dir='ltr'>sunt.</span> <span class='ocrx_word' id='word_1_129' title='bbox 985 1688 1064 1740; x_wconf 83' lang='lat' dir='ltr'>(Ex</span> <span class='ocrx_word' id='word_1_130' title='bbox 1098 1689 1197 1741; x_wconf 82' lang='lat' dir='ltr'>Reg.</span> <span class='ocrx_word' id='word_1_131' title='bbox 1228 1691 1245 1730; x_wconf 88' lang='lat'>1</span> <span class='ocrx_word' id='word_1_132' title='bbox 1283 1688 1393 1730; x_wconf 89' lang='lat' dir='ltr'>Med.</span> <span class='ocrx_word' id='word_1_133' title='bbox 1427 1687 1591 1741; x_wconf 77' lang='lat' dir='ltr'>Grani.)</span> <span class='ocrx_word' id='word_1_134' title='bbox 1641 1686 1802 1738; x_wconf 82' lang='lat' dir='ltr'>Quibus</span> <span class='ocrx_word' id='word_1_135' title='bbox 1836 1687 1878 1729; x_wconf 93' lang='lat' dir='ltr'>P.</span> <span class='ocrx_word' id='word_1_136' title='bbox 1913 1686 2004 1728; x_wconf 86' lang='lat' dir='ltr'>Jac.</span> 
     </span>
     <span class='ocr_line' id='line_1_18' title="bbox 276 1761 2005 1816; baseline 0.001 -15"><span class='ocrx_word' id='word_1_137' title='bbox 276 1761 455 1802; x_wconf 89' lang='lat' dir='ltr'>Pontani</span> <span class='ocrx_word' id='word_1_138' title='bbox 498 1761 878 1815; x_wconf 83' lang='lat' dir='ltr'>Progymnasmata</span> <span class='ocrx_word' id='word_1_139' title='bbox 924 1775 971 1803; x_wconf 82' lang='lat' dir='ltr'>ex</span> <span class='ocrx_word' id='word_1_140' title='bbox 1020 1763 1230 1804; x_wconf 85' lang='lat' dir='ltr'>volumine</span> <span class='ocrx_word' id='word_1_141' title='bbox 1271 1763 1289 1804; x_wconf 94' lang='lat' dir='ltr'>I</span> <span class='ocrx_word' id='word_1_142' title='bbox 1332 1767 1374 1805; x_wconf 90' lang='lat' dir='ltr'>et</span> <span class='ocrx_word' id='word_1_143' title='bbox 1415 1764 1456 1805; x_wconf 94' lang='grc' dir='ltr'>ΙΙ</span> <span class='ocrx_word' id='word_1_144' title='bbox 1504 1764 1838 1816; x_wconf 86' lang='lat' dir='ltr'>interponentur.</span> <span class='ocrx_word' id='word_1_145' title='bbox 1914 1762 2005 1815; x_wconf 86' lang='lat' dir='ltr'>(Ex</span> 
     </span>
     <span class='ocr_line' id='line_1_19' title="bbox 277 1836 2004 1893; baseline 0.001 -16"><span class='ocrx_word' id='word_1_146' title='bbox 277 1836 377 1877; x_wconf 84' lang='lat' dir='ltr'>Ord.</span> <span class='ocrx_word' id='word_1_147' title='bbox 411 1837 533 1878; x_wconf 88' lang='lat' dir='ltr'>Prov.</span> <span class='ocrx_word' id='word_1_148' title='bbox 568 1838 644 1891; x_wconf 76' lang='lat'>§8</span> <span class='ocrx_word' id='word_1_149' title='bbox 686 1850 723 1878; x_wconf 92' lang='grc'>11.</span> <span class='ocrx_word' id='word_1_150' title='bbox 755 1838 813 1888; x_wconf 77' lang='lat'>8.)</span> <span class='ocrx_word' id='word_1_151' title='bbox 884 1837 1040 1879; x_wconf 74' lang='lat' dir='ltr'>Poetae</span> <span class='ocrx_word' id='word_1_152' title='bbox 1081 1841 1246 1893; x_wconf 77' lang='lat' dir='ltr'>autem,</span> <span class='ocrx_word' id='word_1_153' title='bbox 1289 1838 1419 1880; x_wconf 89' lang='lat' dir='ltr'>veluti</span> <span class='ocrx_word' id='word_1_154' title='bbox 1461 1838 1621 1893; x_wconf 78' lang='lat' dir='ltr'>Ovidii,</span> <span class='ocrx_word' id='word_1_155' title='bbox 1664 1837 2004 1892; x_wconf 76' lang='lat' dir='ltr'>praelectionem,</span> 
     </span>
     <span class='ocr_line' id='line_1_20' title="bbox 276 1912 1924 1966; baseline 0.001 -13"><span class='ocrx_word' id='word_1_156' title='bbox 276 1925 402 1965; x_wconf 88' lang='lat' dir='ltr'>quam</span> <span class='ocrx_word' id='word_1_157' title='bbox 436 1912 621 1964; x_wconf 86' lang='lat' dir='ltr'>alioquin</span> <span class='ocrx_word' id='word_1_158' title='bbox 656 1912 812 1955; x_wconf 83' lang='lat' dir='ltr'>Classis</span> <span class='ocrx_word' id='word_1_159' title='bbox 845 1912 948 1954; x_wconf 87' lang='lat' dir='ltr'>haec</span> <span class='ocrx_word' id='word_1_160' title='bbox 981 1913 1143 1966; x_wconf 75' lang='lat' dir='ltr'>recipit,</span> <span class='ocrx_word' id='word_1_161' title='bbox 1175 1913 1422 1960; x_wconf 80' lang='lat' dir='ltr'>Provinciae</span> <span class='ocrx_word' id='word_1_162' title='bbox 1456 1914 1619 1966; x_wconf 85' lang='lat' dir='ltr'>respuit</span> <span class='ocrx_word' id='word_1_163' title='bbox 1650 1913 1924 1955; x_wconf 89' lang='lat' dir='ltr'>consuetudo.</span> 
     </span>
    </p>

    <p class='ocr_par' dir='ltr' id='par_1_8' title="bbox 272 1986 2002 2645">
     <span class='ocr_line' id='line_1_21' title="bbox 416 1986 2002 2042; baseline 0.001 -14"><span class='ocrx_word' id='word_1_164' title='bbox 416 1988 477 2028; x_wconf 88' lang='lat' dir='ltr'>Ex</span> <span class='ocrx_word' id='word_1_165' title='bbox 501 1986 673 2029; x_wconf 85' lang='lat' dir='ltr'>Graecis</span> <span class='ocrx_word' id='word_1_166' title='bbox 697 1987 749 2029; x_wconf 92' lang='lat' dir='ltr'>ad</span> <span class='ocrx_word' id='word_1_167' title='bbox 772 1987 879 2029; x_wconf 88' lang='lat' dir='ltr'>hanc</span> <span class='ocrx_word' id='word_1_168' title='bbox 906 1988 1101 2030; x_wconf 78' lang='lat' dir='ltr'>Scholani</span> <span class='ocrx_word' id='word_1_169' title='bbox 1126 1988 1339 2041; x_wconf 84' lang='lat' dir='ltr'>pertinent</span> <span class='ocrx_word' id='word_1_170' title='bbox 1360 1989 1601 2030; x_wconf 88' lang='lat' dir='ltr'>rudimenta</span> <span class='ocrx_word' id='word_1_171' title='bbox 1622 1989 1792 2042; x_wconf 85' lang='lat' dir='ltr'>linguae</span> <span class='ocrx_word' id='word_1_172' title='bbox 1815 1988 2002 2031; x_wconf 85' lang='lat' dir='ltr'>Graecae</span> 
     </span>
     <span class='ocr_line' id='line_1_22' title="bbox 274 2062 2002 2118; baseline 0.001 -14"><span class='ocrx_word' id='word_1_173' title='bbox 274 2076 322 2104; x_wconf 86' lang='lat' dir='ltr'>ex</span> <span class='ocrx_word' id='word_1_174' title='bbox 355 2062 505 2104; x_wconf 88' lang='lat' dir='ltr'>libroI</span> <span class='ocrx_word' id='word_1_175' title='bbox 539 2063 859 2104; x_wconf 85' lang='lat' dir='ltr'>Institutionum</span> <span class='ocrx_word' id='word_1_176' title='bbox 883 2063 926 2104; x_wconf 89' lang='grc' dir='ltr'>Ρ.</span> <span class='ocrx_word' id='word_1_177' title='bbox 951 2063 1029 2105; x_wconf 79' lang='lat' dir='ltr'>Jac</span> <span class='ocrx_word' id='word_1_178' title='bbox 1066 2064 1255 2105; x_wconf 78' lang='lat' dir='ltr'>Grets0ri</span> <span class='ocrx_word' id='word_1_179' title='bbox 1289 2066 1500 2118; x_wconf 78' lang='lat' dir='ltr'>excerpta⁷</span> <span class='ocrx_word' id='word_1_180' title='bbox 1533 2077 1557 2105; x_wconf 84' lang='lat' dir='ltr'>a</span> <span class='ocrx_word' id='word_1_181' title='bbox 1589 2065 1726 2117; x_wconf 86' lang='lat' dir='ltr'>capite</span> <span class='ocrx_word' id='word_1_182' title='bbox 1756 2065 1809 2106; x_wconf 88' lang='lat' dir='ltr'>ad</span> <span class='ocrx_word' id='word_1_183' title='bbox 1833 2065 2002 2115; x_wconf 79' lang='lat' dir='ltr'>calcem,</span> 
     </span>
     <span class='ocr_line' id='line_1_23' title="bbox 276 2138 2000 2192; baseline 0.001 -12"><span class='ocrx_word' id='word_1_184' title='bbox 276 2138 337 2180; x_wconf 84' lang='lat' dir='ltr'>vel</span> <span class='ocrx_word' id='word_1_185' title='bbox 382 2138 613 2180; x_wconf 88' lang='lat' dir='ltr'>earundem</span> <span class='ocrx_word' id='word_1_186' title='bbox 657 2139 981 2181; x_wconf 88' lang='lat' dir='ltr'>Institutionum</span> <span class='ocrx_word' id='word_1_187' title='bbox 1021 2139 1064 2180; x_wconf 87' lang='lat' dir='ltr'>P.</span> <span class='ocrx_word' id='word_1_188' title='bbox 1100 2140 1189 2182; x_wconf 83' lang='lat' dir='ltr'>Jac.</span> <span class='ocrx_word' id='word_1_189' title='bbox 1226 2139 1419 2182; x_wconf 84' lang='lat' dir='ltr'>Gretseri</span> <span class='ocrx_word' id='word_1_190' title='bbox 1465 2139 1762 2192; x_wconf 87' lang='lat' dir='ltr'>compendium</span> <span class='ocrx_word' id='word_1_191' title='bbox 1810 2152 2000 2182; x_wconf 85' lang='lat' dir='ltr'>seorsum</span> 
     </span>
     <span class='ocr_line' id='line_1_24' title="bbox 274 2213 2002 2268; baseline 0.001 -13"><span class='ocrx_word' id='word_1_192' title='bbox 274 2213 448 2265; x_wconf 82' lang='lat' dir='ltr'>editum,</span> <span class='ocrx_word' id='word_1_193' title='bbox 483 2225 576 2255; x_wconf 91' lang='lat' dir='ltr'>cum</span> <span class='ocrx_word' id='word_1_194' title='bbox 612 2214 768 2266; x_wconf 87' lang='lat' dir='ltr'>regulis</span> <span class='ocrx_word' id='word_1_195' title='bbox 802 2214 852 2255; x_wconf 89' lang='lat' dir='ltr'>de</span> <span class='ocrx_word' id='word_1_196' title='bbox 882 2215 1250 2267; x_wconf 86' lang='lat' dir='ltr'>conjugationibus</span> <span class='ocrx_word' id='word_1_197' title='bbox 1273 2215 1507 2268; x_wconf 74' lang='lat' dir='ltr'>barytonis.</span> <span class='ocrx_word' id='word_1_198' title='bbox 1541 2214 1830 2267; x_wconf 74' lang='lat' dir='ltr'>circumflexis,</span> <span class='ocrx_word' id='word_1_199' title='bbox 1864 2215 2002 2257; x_wconf 86' lang='lat' dir='ltr'>verbis</span> 
     </span>
     <span class='ocr_line' id='line_1_25' title="bbox 274 2288 2000 2343; baseline 0.001 -14"><span class='ocrx_word' id='word_1_200' title='bbox 274 2289 314 2330; x_wconf 92' lang='lat' dir='ltr'>in</span> <span class='ocrx_word' id='word_1_201' title='bbox 345 2305 390 2343; x_wconf 72' lang='grc' dir='ltr'>μι</span> <span class='ocrx_word' id='word_1_202' title='bbox 437 2288 813 2343; x_wconf 80' lang='lat' dir='ltr'>characteristicis‚</span> <span class='ocrx_word' id='word_1_203' title='bbox 856 2289 1177 2331; x_wconf 85' lang='lat' dir='ltr'>formationibus</span> <span class='ocrx_word' id='word_1_204' title='bbox 1209 2292 1446 2343; x_wconf 89' lang='lat' dir='ltr'>temporum</span> <span class='ocrx_word' id='word_1_205' title='bbox 1481 2293 1557 2332; x_wconf 91' lang='lat' dir='ltr'>etc.</span> <span class='ocrx_word' id='word_1_206' title='bbox 1607 2291 1687 2343; x_wconf 85' lang='lat' dir='ltr'>(Ex</span> <span class='ocrx_word' id='word_1_207' title='bbox 1708 2291 1809 2343; x_wconf 83' lang='lat' dir='ltr'>Reg.</span> <span class='ocrx_word' id='word_1_208' title='bbox 1842 2293 1852 2331; x_wconf 91' lang='grc'>1</span> <span class='ocrx_word' id='word_1_209' title='bbox 1891 2289 2000 2331; x_wconf 87' lang='lat' dir='ltr'>Med.</span> 
     </span>
     <span class='ocr_line' id='line_1_26' title="bbox 274 2364 2000 2419; baseline 0.002 -14"><span class='ocrx_word' id='word_1_210' title='bbox 274 2364 416 2406; x_wconf 88' lang='lat' dir='ltr'>Gram.</span> <span class='ocrx_word' id='word_1_211' title='bbox 452 2368 494 2406; x_wconf 92' lang='lat' dir='ltr'>et</span> <span class='ocrx_word' id='word_1_212' title='bbox 534 2364 706 2406; x_wconf 90' lang='lat' dir='ltr'>Observ.</span> <span class='ocrx_word' id='word_1_213' title='bbox 742 2364 795 2406; x_wconf 88' lang='lat' dir='ltr'>ad</span> <span class='ocrx_word' id='word_1_214' title='bbox 834 2364 966 2406; x_wconf 87' lang='lat' dir='ltr'>Catal.</span> <span class='ocrx_word' id='word_1_215' title='bbox 1000 2365 1070 2406; x_wconf 90' lang='lat' dir='ltr'>lib.</span> <span class='ocrx_word' id='word_1_216' title='bbox 1106 2378 1143 2406; x_wconf 94' lang='lat' dir='ltr'>n.</span> <span class='ocrx_word' id='word_1_217' title='bbox 1174 2366 1225 2417; x_wconf 90' lang='lat' dir='ltr'>I.)</span> <span class='ocrx_word' id='word_1_218' title='bbox 1294 2365 1507 2419; x_wconf 86' lang='lat' dir='ltr'>Explicari</span> <span class='ocrx_word' id='word_1_219' title='bbox 1548 2378 1716 2419; x_wconf 88' lang='lat' dir='ltr'>quoque</span> <span class='ocrx_word' id='word_1_220' title='bbox 1758 2370 1924 2419; x_wconf 79' lang='lat' dir='ltr'>potest,</span> <span class='ocrx_word' id='word_1_221' title='bbox 1966 2366 2000 2408; x_wconf 91' lang='lat' dir='ltr'>si</span> 
     </span>
     <span class='ocr_line' id='line_1_27' title="bbox 272 2439 2001 2495; baseline 0.001 -13"><span class='ocrx_word' id='word_1_222' title='bbox 272 2439 518 2482; x_wconf 86' lang='lat' dir='ltr'>Praefectus</span> <span class='ocrx_word' id='word_1_223' title='bbox 559 2442 750 2495; x_wconf 81' lang='lat' dir='ltr'>censeat,</span> <span class='ocrx_word' id='word_1_224' title='bbox 784 2439 970 2482; x_wconf 87' lang='lat' dir='ltr'>Graecus</span> <span class='ocrx_word' id='word_1_225' title='bbox 1004 2440 1294 2483; x_wconf 88' lang='lat' dir='ltr'>Catechismus</span> <span class='ocrx_word' id='word_1_226' title='bbox 1338 2445 1413 2483; x_wconf 85' lang='lat' dir='ltr'>aut</span> <span class='ocrx_word' id='word_1_227' title='bbox 1444 2441 1610 2483; x_wconf 86' lang='lat' dir='ltr'>Cebetis</span> <span class='ocrx_word' id='word_1_228' title='bbox 1648 2441 1891 2495; x_wconf 87' lang='lat' dir='ltr'>Philosophi</span> <span class='ocrx_word' id='word_1_229' title='bbox 1924 2441 2001 2483; x_wconf 85' lang='lat' dir='ltr'>Ta-</span> 
     </span>
     <span class='ocr_line' id='line_1_28' title="bbox 272 2515 1999 2569; baseline 0.002 -13"><span class='ocrx_word' id='word_1_230' title='bbox 272 2515 372 2556; x_wconf 90' lang='lat' dir='ltr'>bula</span> <span class='ocrx_word' id='word_1_231' title='bbox 405 2515 455 2556; x_wconf 91' lang='lat' dir='ltr'>de</span> <span class='ocrx_word' id='word_1_232' title='bbox 488 2515 574 2556; x_wconf 87' lang='lat' dir='ltr'>vita</span> <span class='ocrx_word' id='word_1_233' title='bbox 604 2515 801 2556; x_wconf 87' lang='lat' dir='ltr'>humana.</span> <span class='ocrx_word' id='word_1_234' title='bbox 865 2516 983 2567; x_wconf 84' lang='lat' dir='ltr'>(Reg.</span> <span class='ocrx_word' id='word_1_235' title='bbox 1014 2519 1029 2557; x_wconf 91' lang='lat'>1</span> <span class='ocrx_word' id='word_1_236' title='bbox 1070 2516 1156 2568; x_wconf 84' lang='lat' dir='ltr'>cit.)</span> <span class='ocrx_word' id='word_1_237' title='bbox 1217 2516 1342 2558; x_wconf 88' lang='lat' dir='ltr'>Certe</span> <span class='ocrx_word' id='word_1_238' title='bbox 1374 2516 1415 2558; x_wconf 89' lang='lat' dir='ltr'>in</span> <span class='ocrx_word' id='word_1_239' title='bbox 1447 2517 1511 2558; x_wconf 91' lang='lat' dir='ltr'>his</span> <span class='ocrx_word' id='word_1_240' title='bbox 1544 2517 1731 2569; x_wconf 88' lang='lat' dir='ltr'>legendis</span> <span class='ocrx_word' id='word_1_241' title='bbox 1765 2530 1811 2559; x_wconf 85' lang='lat' dir='ltr'>ac</span> <span class='ocrx_word' id='word_1_242' title='bbox 1845 2517 1999 2559; x_wconf 88' lang='lat' dir='ltr'>descri-</span> 
     </span>
     <span class='ocr_line' id='line_1_29' title="bbox 273 2590 1997 2645; baseline 0.001 -14"><span class='ocrx_word' id='word_1_243' title='bbox 273 2590 419 2632; x_wconf 88' lang='lat' dir='ltr'>bendis</span> <span class='ocrx_word' id='word_1_244' title='bbox 443 2604 636 2633; x_wconf 84' lang='lat' dir='ltr'>exercere</span> <span class='ocrx_word' id='word_1_245' title='bbox 659 2604 703 2632; x_wconf 88' lang='lat' dir='ltr'>se</span> <span class='ocrx_word' id='word_1_246' title='bbox 725 2590 903 2633; x_wconf 90' lang='lat' dir='ltr'>subinde</span> <span class='ocrx_word' id='word_1_247' title='bbox 932 2591 1127 2645; x_wconf 85' lang='lat' dir='ltr'>discipuli</span> <span class='ocrx_word' id='word_1_248' title='bbox 1149 2595 1361 2644; x_wconf 86' lang='lat' dir='ltr'>poterunt.</span> <span class='ocrx_word' id='word_1_249' title='bbox 1412 2592 1536 2645; x_wconf 78' lang='lat' dir='ltr'>(Rud.</span> <span class='ocrx_word' id='word_1_250' title='bbox 1562 2591 1710 2634; x_wconf 82' lang='lat' dir='ltr'>Graec.</span> <span class='ocrx_word' id='word_1_251' title='bbox 1735 2592 1775 2633; x_wconf 93' lang='lat' dir='ltr'>in</span> <span class='ocrx_word' id='word_1_252' title='bbox 1800 2591 1997 2645; x_wconf 85' lang='lat' dir='ltr'>praefat.)</span> 
     </span>
    </p>

    <p class='ocr_par' dir='ltr' id='par_1_9' title="bbox 271 2666 1998 2869">
     <span class='ocr_line' id='line_1_30' title="bbox 410 2666 1996 2720; baseline 0.001 -14"><span class='ocrx_word' id='word_1_253' title='bbox 410 2666 490 2707; x_wconf 81' lang='lat' dir='ltr'>Pro</span> <span class='ocrx_word' id='word_1_254' title='bbox 523 2678 646 2708; x_wconf 86' lang='lat' dir='ltr'>sacra</span> <span class='ocrx_word' id='word_1_255' title='bbox 678 2667 869 2708; x_wconf 89' lang='lat' dir='ltr'>doctrina</span> <span class='ocrx_word' id='word_1_256' title='bbox 901 2668 1225 2720; x_wconf 83' lang='lat' dir='ltr'>explicabuntur</span> <span class='ocrx_word' id='word_1_257' title='bbox 1257 2667 1509 2710; x_wconf 89' lang='lat' dir='ltr'>Catechismi</span> <span class='ocrx_word' id='word_1_258' title='bbox 1541 2668 1659 2720; x_wconf 86' lang='lat' dir='ltr'>parvi</span> <span class='ocrx_word' id='word_1_259' title='bbox 1683 2667 1784 2708; x_wconf 93' lang='lat' dir='ltr'>Ven.</span> <span class='ocrx_word' id='word_1_260' title='bbox 1811 2667 1856 2707; x_wconf 90' lang='lat' dir='ltr'>P.</span> <span class='ocrx_word' id='word_1_261' title='bbox 1880 2666 1996 2708; x_wconf 90' lang='lat' dir='ltr'>Petri</span> 
     </span>
     <span class='ocr_line' id='line_1_31' title="bbox 272 2740 1998 2796; baseline 0 -14"><span class='ocrx_word' id='word_1_262' title='bbox 272 2740 427 2782; x_wconf 80' lang='lat' dir='ltr'>Canisii</span> <span class='ocrx_word' id='word_1_263' title='bbox 460 2745 614 2794; x_wconf 86' lang='lat' dir='ltr'>quator</span> <span class='ocrx_word' id='word_1_264' title='bbox 646 2742 786 2795; x_wconf 87' lang='lat' dir='ltr'>capita</span> <span class='ocrx_word' id='word_1_265' title='bbox 818 2742 982 2795; x_wconf 78' lang='lat' dir='ltr'>priora,</span> <span class='ocrx_word' id='word_1_266' title='bbox 1022 2743 1176 2795; x_wconf 88' lang='lat' dir='ltr'>quibus</span> <span class='ocrx_word' id='word_1_267' title='bbox 1209 2743 1381 2785; x_wconf 87' lang='lat' dir='ltr'>accedet</span> <span class='ocrx_word' id='word_1_268' title='bbox 1412 2743 1634 2796; x_wconf 86' lang='lat' dir='ltr'>explicatio</span> <span class='ocrx_word' id='word_1_269' title='bbox 1668 2741 1885 2794; x_wconf 86' lang='lat' dir='ltr'>Evangelii</span> <span class='ocrx_word' id='word_1_270' title='bbox 1918 2741 1998 2783; x_wconf 90' lang='lat' dir='ltr'>La-</span> 
     </span>
     <span class='ocr_line' id='line_1_32' title="bbox 271 2816 1199 2869; baseline 0.002 -12"><span class='ocrx_word' id='word_1_271' title='bbox 271 2816 358 2857; x_wconf 89' lang='lat' dir='ltr'>tini.</span> <span class='ocrx_word' id='word_1_272' title='bbox 423 2816 641 2868; x_wconf 84' lang='lat' dir='ltr'>(Consuet.</span> <span class='ocrx_word' id='word_1_273' title='bbox 676 2816 795 2857; x_wconf 82' lang='lat' dir='ltr'>l&#39;rov.</span> <span class='ocrx_word' id='word_1_274' title='bbox 831 2829 863 2858; x_wconf 89' lang='grc'>0.</span> <span class='ocrx_word' id='word_1_275' title='bbox 889 2818 913 2857; x_wconf 76' lang='grc'>6</span> <span class='ocrx_word' id='word_1_276' title='bbox 945 2829 983 2858; x_wconf 91' lang='lat' dir='ltr'>n.</span> <span class='ocrx_word' id='word_1_277' title='bbox 1012 2819 1034 2858; x_wconf 82' lang='lat'>7</span> <span class='ocrx_word' id='word_1_278' title='bbox 1069 2820 1111 2859; x_wconf 91' lang='lat' dir='ltr'>et</span> <span class='ocrx_word' id='word_1_279' title='bbox 1142 2820 1199 2869; x_wconf 76' lang='grc' dir='ltr'>ὃ.)</span> 
     </span>
    </p>

    <p class='ocr_par' dir='ltr' id='par_1_10' title="bbox 270 2890 1994 3093">
     <span class='ocr_line' id='line_1_33' title="bbox 411 2890 1994 2943; baseline 0.001 -12"><span class='ocrx_word' id='word_1_280' title='bbox 411 2890 472 2931; x_wconf 82' lang='grc' dir='ltr'>Α(1</span> <span class='ocrx_word' id='word_1_281' title='bbox 508 2891 835 2943; x_wconf 82' lang='lat' dir='ltr'>comparandam</span> <span class='ocrx_word' id='word_1_282' title='bbox 866 2892 1143 2933; x_wconf 88' lang='lat' dir='ltr'>eruditionem</span> <span class='ocrx_word' id='word_1_283' title='bbox 1167 2893 1292 2934; x_wconf 84' lang='lat' dir='ltr'>faciet</span> <span class='ocrx_word' id='word_1_284' title='bbox 1311 2891 1663 2934; x_wconf 84' lang='lat' dir='ltr'>Rudimentorum</span> <span class='ocrx_word' id='word_1_285' title='bbox 1687 2891 1994 2933; x_wconf 84' lang='lat' dir='ltr'>Historicoruin</span> 
     </span>
     <span class='ocr_line' id='line_1_34' title="bbox 270 2965 1991 3020; baseline 0.002 -16"><span class='ocrx_word' id='word_1_286' title='bbox 270 2965 532 3019; x_wconf 80' lang='lat' dir='ltr'>Opusculuni</span> <span class='ocrx_word' id='word_1_287' title='bbox 567 2965 739 3007; x_wconf 87' lang='lat' dir='ltr'>tertium</span> <span class='ocrx_word' id='word_1_288' title='bbox 772 2965 822 3007; x_wconf 92' lang='lat' dir='ltr'>de</span> <span class='ocrx_word' id='word_1_289' title='bbox 846 2966 1130 3008; x_wconf 75' lang='lat' dir='ltr'>Romanorum</span> <span class='ocrx_word' id='word_1_290' title='bbox 1163 2967 1496 3020; x_wconf 84' lang='lat' dir='ltr'>Imperatoribus</span> <span class='ocrx_word' id='word_1_291' title='bbox 1520 2966 1778 3009; x_wconf 85' lang='lat' dir='ltr'>Christianis.</span> <span class='ocrx_word' id='word_1_292' title='bbox 1829 2966 1991 3018; x_wconf 89' lang='lat' dir='ltr'>(Ordin.</span> 
     </span>
     <span class='ocr_line' id='line_1_35' title="bbox 270 3039 516 3093; baseline 0.008 -13"><span class='ocrx_word' id='word_1_293' title='bbox 270 3039 369 3093; x_wconf 69' lang='lat' dir='ltr'>Sup.</span> <span class='ocrx_word' id='word_1_294' title='bbox 404 3043 516 3092; x_wconf 91' lang='lat' dir='ltr'>nov.)</span> 
     </span>
    </p>

    <p class='ocr_par' dir='ltr' id='par_1_11' title="bbox 269 3115 1991 3247">
     <span class='ocr_line' id='line_1_36' title="bbox 408 3115 1990 3170; baseline 0 -14"><span class='ocrx_word' id='word_1_295' title='bbox 408 3116 487 3156; x_wconf 84' lang='lat' dir='ltr'>Pro</span> <span class='ocrx_word' id='word_1_296' title='bbox 527 3116 824 3157; x_wconf 84' lang='lat' dir='ltr'>exercitatione</span> <span class='ocrx_word' id='word_1_297' title='bbox 862 3115 914 3157; x_wconf 87' lang='lat' dir='ltr'>ad</span> <span class='ocrx_word' id='word_1_298' title='bbox 955 3117 1178 3158; x_wconf 86' lang='lat' dir='ltr'>verborum</span> <span class='ocrx_word' id='word_1_299' title='bbox 1213 3117 1374 3170; x_wconf 86' lang='lat' dir='ltr'>copiam</span> <span class='ocrx_word' id='word_1_300' title='bbox 1407 3116 1709 3159; x_wconf 87' lang='lat' dir='ltr'>conciliandam</span> <span class='ocrx_word' id='word_1_301' title='bbox 1741 3115 1901 3157; x_wconf 86' lang='lat' dir='ltr'>utiliter</span> <span class='ocrx_word' id='word_1_302' title='bbox 1931 3115 1990 3157; x_wconf 92' lang='lat' dir='ltr'>in-</span> 
     </span>
     <span class='ocr_line' id='line_1_37' title="bbox 269 3190 1991 3247; baseline 0.001 -17"><span class='ocrx_word' id='word_1_303' title='bbox 269 3190 495 3243; x_wconf 79' lang='lat' dir='ltr'>stituenda,</span> <span class='ocrx_word' id='word_1_304' title='bbox 533 3194 618 3231; x_wconf 88' lang='lat' dir='ltr'>tam</span> <span class='ocrx_word' id='word_1_305' title='bbox 652 3191 690 3231; x_wconf 93' lang='lat' dir='ltr'>in</span> <span class='ocrx_word' id='word_1_306' title='bbox 724 3190 814 3242; x_wconf 76' lang='lat' dir='ltr'>hac,</span> <span class='ocrx_word' id='word_1_307' title='bbox 847 3203 973 3242; x_wconf 88' lang='lat' dir='ltr'>quam</span> <span class='ocrx_word' id='word_1_308' title='bbox 997 3191 1035 3232; x_wconf 90' lang='lat' dir='ltr'>in</span> <span class='ocrx_word' id='word_1_309' title='bbox 1061 3192 1230 3244; x_wconf 86' lang='lat' dir='ltr'>reliquis</span> <span class='ocrx_word' id='word_1_310' title='bbox 1255 3191 1470 3233; x_wconf 84' lang='lat' dir='ltr'>Classibus</span> <span class='ocrx_word' id='word_1_311' title='bbox 1499 3191 1778 3247; x_wconf 73' lang='lat' dir='ltr'>inferioribus,</span> <span class='ocrx_word' id='word_1_312' title='bbox 1812 3191 1991 3232; x_wconf 88' lang='lat' dir='ltr'>Nomen-</span> 
     </span>
    </p>
   </div>
  </div>
 </body>
</html>
