2164 3535
249 220 331 261 502
510 217 722 253 Beibericht
748 217 812 253 der
840 217 1274 253 Studien-Kommissare
1301 229 1366 252 zur
1390 218 1433 252 R.
1461 222 1504 254 st.
1531 229 1599 254 von
1628 222 1726 256 1832.

388 358 440 401 Ν.
463 354 537 403 151
568 360 611 401 et
640 342 737 403 152.
798 357 872 400 Ad
904 370 1008 412 reg.
1034 359 1072 400 2.
1135 359 1381 401 Recurrunt
1411 371 1522 413 quae
1553 358 1670 402 dicta
1703 362 1805 403 sunt
1841 373 1880 403 n.
1907 361 1988 405 132

251 436 295 477 et
327 435 421 477 144.

390 510 439 552 N.
465 505 560 554 153.
618 509 695 551 Ad
727 522 834 563 reg.
859 511 898 551 4.
961 509 1209 552 Immutatio
1240 513 1418 564 propter
1450 510 1564 553 dicta
1593 523 1633 553 n.
1662 512 1755 554 145.

390 585 441 627 N.
466 580 559 629 154.
619 584 692 626 Ad
732 596 832 638 reg.
869 587 906 628 6.
972 588 1022 628 19
1055 585 1137 628 Pro
1179 586 1464 640 praelectione
1497 586 1775 629 Ciceroniana
1817 587 1992 641 ponitur

253 660 538 717 praelectio
579 663 872 716 auctorum,
912 664 1088 715 propter
1127 664 1343 704 momenta
1383 663 1579 716 apposita
1610 676 1650 704 n.
1678 663 1760 705 150
1792 664 1815 718 §
1844 664 1882 705 3.
1939 688 1989 695 -

254 739 306 780 29
340 736 629 790 Expungitur:
673 748 825 789 »quae
857 740 1099 790 septenos
1123 750 1301 779 versus
1326 749 1422 779 non
1455 738 1717 789 excedet«3
1750 738 1850 792 quia
1871 740 1994 792 puta-
2080 728 2093 740 ⁶

254 824 363 868 mus,
395 812 491 866 plus
524 810 712 853 dandum
744 823 838 853 esse
871 811 1161 853 exercitationi
1187 812 1311 865 juxta
1344 812 1458 854 dicta
1489 826 1527 854 n.
1556 814 1637 855 150
1669 814 1754 868 §L

394 887 444 929 N.
469 883 563 932 155.
625 885 698 928 Ad
730 899 827 939 reg.
854 888 890 928 7.
944 887 1128 940 Propter
1148 887 1318 930 easdem
1350 889 1537 932 rationes
1570 889 1851 943 expungimus
1884 901 1994 943 quae

257 961 543 1016 Scriptionum
575 974 821 1004 mensuram
854 962 1131 1016 restringunt.

394 1037 446 1080 N.
471 1033 565 1081 156.
627 1037 698 1080 Ad
731 1050 829 1091 reg.
858 1038 922 1080 10.
987 1039 1220 1081 Immutata
1244 1040 1368 1093 juxta
1400 1039 1514 1082 dicta
1544 1052 1583 1081 n.
1610 1041 1704 1082 149.

410 1344 673 1410 Regulae
712 1342 1079 1391 Professoris
1118 1340 1364 1390 infimae
1403 1341 1855 1390 Grammaticae.

400 1483 450 1526 N.
475 1479 566 1527 157.
628 1482 699 1524 Ad
739 1492 838 1534 reg.
876 1484 911 1523 1.
979 1483 1028 1525 19
1062 1481 1145 1523 Pro
1179 1479 1470 1523 Grammatica
1509 1481 1552 1523 et
1582 1480 1868 1533 praelectione
1900 1493 1998 1523 auc-

263 1564 404 1603 torum
437 1560 664 1601 recurrunt
696 1569 805 1611 quae
838 1556 951 1600 dicta
982 1560 1083 1600 sunt
1114 1556 1167 1599 ad
1199 1570 1238 1598 n.
1268 1557 1362 1598 150.
1404 1581 1458 1585 —
1507 1557 1558 1599 29
1592 1555 1918 1611 Praescribitur,
1949 1558 1999 1597 ut

263 1635 504 1690 praefectus
544 1637 772 1687 praecepta
813 1631 1129 1674 Grammaticae
1171 1631 1333 1673 dividat
1375 1631 1484 1673 inter
1526 1635 1758 1685 utrumque
1792 1631 1995 1680 ordinem,

267 1715 317 1753 ut
349 1711 523 1765 sciatur,
556 1708 658 1762 quid
689 1708 861 1761 utrique
893 1708 1113 1761 proprium
1146 1707 1211 1749 sit.

404 1785 454 1827 N.
480 1781 574 1829 158.
636 1783 708 1825 Ad
741 1796 838 1836 reg.
862 1784 899 1824 2.
966 1786 1014 1825 κ.)
1048 1783 1290 1824 Recurrunt
1323 1782 1435 1824 dicta
1467 1782 1520 1824 ad
1552 1795 1591 1824 n.
1618 1783 1698 1824 132
1731 1785 1774 1823 et
1809 1783 1902 1823 144.
1952 1807 1989 1810 ψ

266 1864 318 1904 29
350 1862 532 1915 Tempus
571 1860 741 1912 linguae
773 1859 961 1901 Graecae
992 1858 1202 1900 tributum
1235 1858 1276 1899 in
1309 1857 1497 1899 inferiori
1530 1857 1677 1899 ordine
1708 1856 1894 1910 impendi
1926 1868 1998 1911 po-

269 1942 355 1981 test
394 1938 564 1991 linguae
604 1936 876 1991 vernaculae,
918 1939 1008 1976 tum
1049 1947 1102 1976 ne
1140 1934 1446 1987 perturbentur
1477 1935 1656 1986 juvenes
1699 1933 1827 1976 simul
1859 1931 1998 1974 addis-

269 2014 400 2056 cendo
434 2027 470 2054 v.
505 2026 542 2066 g.
579 2012 881 2054 declinationes
916 2009 1101 2053 Graecas
1134 2013 1176 2052 et
1208 2010 1383 2065 latinas,
1425 2012 1517 2051 tum
1549 2014 1598 2052 ut
1629 2008 1806 2052 solidius
1838 2010 1999 2061 ponant

268 2090 309 2131 in
342 2088 632 2132 Grammatica
665 2086 891 2129 vernacula
922 2085 1259 2127 fundamentum.

408 2164 458 2206 Ν.
483 2160 578 2208 159.
640 2162 711 2205 Ad
742 2174 840 2215 reg.
866 2163 904 2203 4.
966 2160 1212 2202 Immutatio
1240 2161 1363 2214 juxta
1394 2160 1507 2202 dicta
1538 2173 1575 2202 n.
1605 2161 1697 2202 145.

407 2239 457 2281 N.
482 2235 577 2283 160.
637 2237 708 2279 Ad
740 2249 838 2290 reg.
863 2238 900 2277 6.
965 2235 1211 2277 Immutatio
1242 2239 1417 2289 propter
1448 2235 1767 2278 observationes
1798 2248 1837 2277 n.
1865 2236 1958 2277 154.

409 2314 460 2356 N.
484 2310 572 2358 l6l.
634 2313 705 2355 Ad
738 2325 834 2365 reg.
861 2314 900 2353 7.
960 2310 1207 2353 Immutatio
1238 2314 1414 2365 propter
1445 2311 1557 2353 dicta
1589 2324 1628 2353 n.
1656 2312 1737 2354 154
1769 2313 1812 2353 et
1846 2311 1938 2352 155.

410 2390 459 2431 N.
483 2385 577 2433 162.
638 2388 708 2431 Ad
741 2401 838 2441 reg.
866 2390 902 2429 9.
967 2387 1200 2429 Immutata
1229 2390 1405 2441 propter
1436 2386 1550 2429 dicta
1580 2399 1620 2429 n.
1647 2388 1741 2429 149.

402 2677 664 2743 Regulae
702 2676 1208 2726 scholasticorum
1247 2686 1484 2724 nostrae
1523 2675 1859 2726 SocietatiS.

416 2804 466 2846 Ν.
491 2800 585 2848 163.
649 2804 717 2845 Ad
750 2817 848 2857 reg.
873 2805 910 2845 9.
964 2803 1153 2845 Additio:
1199 2804 1527 2846 »communiter«
1564 2817 1612 2845 ex
1645 2803 1810 2845 constit.
1845 2802 1912 2845 cit.
1946 2802 1999 2844 ad

274 2880 519 2933 marginem.

416 2956 466 2998 Ν.
492 2951 589 3000 164.
650 2955 721 2997 Ad
754 2968 852 3008 reg.
881 2957 945 2997 11.
1008 2954 1254 2997 Immutatio
1280 2955 1405 3007 juxta
1436 2953 1548 2995 dicta
1578 2966 1617 2995 n.
1643 2954 1708 2995 58.
