2164 3535
719 236 796 272 Fur
820 236 889 272 den
916 236 1260 282 Studienprafekten
1290 239 1387 274 1832.
1833 246 1916 286 453

190 388 266 418 suo
300 379 490 430 tempore
522 377 789 433 audiendam,
822 376 890 419 alii
923 377 976 419 ad
1008 376 1246 420 faciendum
1278 377 1460 431 gradum
1493 391 1517 420 a
1548 379 1675 420 tertio
1708 379 1761 421 ad
1792 393 1917 434 quar-

192 453 283 493 tum
316 464 471 493 annum
505 451 777 507 Theologiae,
820 452 916 495 huic
947 452 1129 494 examini
1170 452 1336 495 satisfit.
1401 452 1590 504 (Flandr.
1628 455 1692 496 18.
1717 455 1912 498 Decemb.

192 527 313 567 1621.
355 550 397 555 -
431 525 553 568 Baet.
589 527 731 578 1639.)

325 618 377 658 69
416 617 696 660 Examinandi
745 631 914 672 quoque
954 633 1030 673 pro
1073 620 1209 673 gradu
1252 619 1323 673 qui
1365 619 1404 662 in
1451 619 1663 663 Societate
1708 622 1913 663 Doctores

186 691 317 732 creati
360 694 481 747 sunt,
532 693 610 735 nisi
653 692 955 735 Scholasticam
1005 707 1100 735 cum
1147 694 1436 736 satisfactione
1484 694 1706 737 docuerint
1745 696 1910 749 (Germ.

188 767 251 807 16.
279 765 392 819 Sept.
431 768 560 822 1623,
605 769 745 810 Austr.
791 769 856 809 26.
881 769 989 809 Iunii
1024 770 1174 820 1630),
1224 769 1325 811 item
1369 769 1441 822 qui
1481 769 1736 822 profitentur
1774 770 1913 813 Philo-

185 840 378 894 sophiam
420 841 685 883 examinandi
723 845 823 883 sunt
862 855 938 895 pro
978 842 1113 895 gradu
1155 856 1202 885 ex
1236 843 1481 896 Theologia3
1531 857 1651 887 secus
1691 845 1764 899 qui
1804 845 1912 888 hanc

187 914 441 968 profitentur
482 915 661 968 (Mexico
698 917 806 957 1603
849 917 1060 959 Conform.
1104 916 1147 958 C.
1182 919 1232 959 18
1274 917 1418 959 Ordin.
1462 931 1602 970 gener.
1645 934 1685 973 p.
1717 921 1740 961 3
1778 933 1817 961 n.
1843 922 1909 971 6);

185 990 267 1032 imo
302 991 429 1033 etiam
460 992 560 1044 post
590 990 793 1032 traditam
827 1003 851 1032 a
884 1003 927 1033 se
959 991 1275 1044 Philosophiam
1308 1005 1402 1034 cum
1435 992 1582 1049 laude,
1615 995 1911 1037 examinantur

184 1065 328 1108 Nostri
363 1065 527 1108 duabus
560 1065 673 1108 horis
705 1078 781 1119 pro
815 1065 962 1119 gradu.
1027 1066 1177 1120 (Rhen.
1212 1066 1289 1108 Ins.
1325 1069 1360 1108 7.
1388 1067 1487 1120 Apr.
1523 1068 1664 1121 1629.)
1721 1093 1769 1098 —
1823 1070 1910 1112 Nec

182 1139 223 1181 in
257 1140 446 1182 examine
478 1140 739 1193 approbatus
772 1153 847 1194 pro
881 1144 979 1182 actu
1011 1153 1185 1194 magno,
1227 1153 1275 1183 eo
1307 1141 1400 1195 ipso
1433 1144 1498 1183 est
1530 1142 1790 1196 approbatus
1832 1156 1908 1197 pro

181 1214 472 1271 Professione,
520 1219 595 1257 aut
635 1216 687 1257 ab
729 1215 807 1257 hoc
848 1216 1038 1257 examine
1077 1216 1285 1269 excipitur
1325 1217 1398 1269 qui
1440 1216 1580 1258 theses
1624 1230 1674 1258 ex
1710 1217 1910 1260 universa

182 1289 453 1343 Philosophia
484 1303 578 1333 cum
609 1291 735 1332 laude
768 1290 972 1340 defendit;
1005 1290 1103 1332 licet
1134 1291 1232 1333 talis
1266 1291 1347 1332 alio
1382 1291 1573 1333 examine
1604 1291 1907 1334 examinandus

181 1364 360 1418 amplius
407 1377 490 1407 non
538 1365 593 1407 sit
635 1378 711 1419 pro
755 1365 982 1418 Theologia
1031 1364 1212 1418 (Gallob.
1258 1366 1324 1408 28.
1355 1366 1552 1408 Decemb.
1595 1368 1726 1421 1624,
1772 1367 1904 1409 Rhen.

181 1437 329 1492 Super.
366 1442 430 1482 11.
455 1440 542 1482 Ian.
576 1439 715 1491 ibid.);
764 1440 838 1481 sed
879 1443 1047 1482 tantum
1076 1440 1158 1496 illi,
1201 1440 1274 1493 qui
1306 1454 1428 1483 mane
1466 1444 1509 1483 et
1548 1454 1722 1496 vespere
1764 1454 1908 1484 coram

180 1513 539 1556 examinatoribus
571 1514 728 1567 juratis
770 1514 1058 1557 conclusiones
1091 1527 1140 1556 ex
1171 1515 1368 1557 universa
1401 1515 1627 1569 Theologia
1659 1530 1751 1559 cum
1786 1517 1908 1560 satis-

179 1589 361 1630 factione
394 1588 680 1641 defenderent,
714 1590 876 1643 excepti
908 1593 1009 1632 sunt
1039 1590 1093 1633 ab
1126 1591 1316 1633 examine
1348 1591 1401 1633 ad
1434 1592 1627 1645 gradum,
1660 1594 1739 1635 etsi
1770 1593 1813 1635 in
1840 1593 1905 1636 his

180 1663 518 1706 conclusionibus
541 1676 712 1706 necesse
734 1677 815 1706 non
840 1664 907 1716 sit,
941 1668 988 1706 ut
1010 1665 1095 1706 sint
1116 1665 1284 1719 aliquae
1309 1679 1358 1708 ex
1380 1666 1653 1721 Philosophia
1685 1668 1902 1722 (Lithuan.

181 1738 245 1779 20.
270 1737 372 1791 Maji
407 1739 528 1780 1617.
565 1763 615 1769 —
650 1738 820 1781 Flandr.
858 1741 923 1781 18.
948 1740 1072 1783 Mart.
1107 1739 1207 1781 ibid.
1240 1765 1290 1770 —
1324 1741 1470 1782 Polon.
1507 1743 1543 1783 2.
1561 1741 1677 1796 Sept.
1704 1744 1825 1785 1619.
1856 1767 1902 1773 —

180 1813 376 1855 Lithuan.
404 1813 467 1855 13.
490 1814 590 1867 Apr.
618 1815 739 1856 1619.
765 1839 818 1843 —-
850 1814 994 1856 Polon.
1020 1816 1057 1855 2.
1077 1814 1191 1868 Sept.
1219 1817 1341 1871 1617,
1373 1815 1547 1858 Βο110111.
1573 1817 1742 1859 251011.
1765 1819 1904 1869 1627).

318 1908 369 1948 79
410 1905 690 1948 Examinandi
722 1906 950 1959 quotannis
983 1906 1137 1959 singuli
1169 1920 1218 1949 ex
1240 1907 1416 1960 singulis
1440 1907 1617 1963 Scholis,
1649 1909 1776 1951 etiam
1799 1922 1905 1962 quos

181 1979 354 2023 morbus
387 1981 606 2023 excusavit
637 1981 689 2023 ab
720 1994 859 2023 annuo
883 1981 1072 2023 examine
1095 1985 1170 2024 aut
1193 1982 1308 2024 aliud
1329 1982 1692 2036 impedimentum,
1725 1985 1904 2038 receptis

177 2055 336 2097 viribus
379 2056 444 2097 vel
483 2056 651 2098 sublato
692 2056 991 2109 impedimento
1034 2057 1319 2113 examinandi,
1367 2071 1564 2101 concesso
1605 2061 1745 2100 tamen
1785 2060 1904 2113 justo

178 2133 368 2183 tempore
408 2129 461 2171 ad
501 2143 545 2172 se
586 2130 811 2183 parandos.
874 2132 1036 2183 (Austr.
1076 2133 1140 2173 12.
1163 2132 1251 2173 Ian.
1287 2134 1430 2179 1641.)
1491 2133 1600 2175 Item
1640 2133 1905 2175 examinandi

180 2205 252 2257 qui
294 2205 458 2246 ratione
500 2205 676 2246 alterius
717 2205 906 2255 talenti1)
947 2205 1234 2247 admittuntur
1274 2207 1327 2248 ad
1367 2207 1683 2263 scholasticam,
1728 2208 1904 2262 singulis

177 2281 296 2322 annis
330 2293 423 2322 cum
457 2281 564 2336 aliis,
596 2281 674 2322 etsi
708 2285 909 2333 quartum
942 2295 1098 2323 annum
1131 2283 1321 2338 audiant,
1354 2284 1480 2325 etiam
1512 2284 1553 2325 in
1578 2282 1659 2325 fine
1689 2284 1792 2338 eius,
1825 2296 1901 2336 pro

178 2355 313 2408 gradu
346 2356 451 2408 (Pol.
487 2357 524 2397 2.
548 2356 744 2397 Decemb.
783 2358 931 2409 1617),
979 2357 1058 2399 etsi
1089 2370 1172 2399 non
1204 2357 1349 2399 habita
1380 2359 1543 2400 ratione
1576 2358 1777 2400 examinis
1808 2370 1903 2411 pro-

179 2430 299 2482 gredi
331 2431 520 2484 permitti
553 2431 719 2473 soleant
750 2444 885 2484 usque
917 2432 970 2473 ad
1001 2431 1127 2474 finem
1149 2432 1415 2488 Theologiae,
1448 2434 1520 2486 qui
1553 2446 1588 2474 v.
1613 2446 1649 2485 g.
1681 2433 1734 2474 ob
1765 2432 1900 2474 solum

177 2505 453 2547 concionandi
486 2505 694 2547 talentum
718 2507 911 2559 permissi
934 2510 1034 2548 sunt
1057 2507 1109 2549 ad
1141 2509 1229 2550 2³9³
1254 2508 1319 2549 vel
1351 2509 1441 2551 3¹13]ss
1471 2520 1627 2550 annum
1650 2506 1902 2560 Theologiae

176 2580 369 2621 transire.
435 2580 586 2633 (Paris.
622 2582 686 2622 14.
712 2580 826 2634 Sept.
864 2582 1005 2633 1628.)

317 2674 368 2714 89
410 2672 489 2723 Qui
530 2673 639 2715 male
680 2673 889 2716 admissus
931 2674 1013 2716 fuit
1054 2675 1106 2716 ad
1144 2674 1459 2727 Philosophiam
1499 2676 1575 2715 aut
1615 2673 1900 2729 Theologiam,

176 2760 258 2789 non
293 2750 435 2800 potest
466 2747 555 2790 sine
576 2748 620 2790 P.
647 2747 865 2790 Generalis
897 2748 1100 2791 facultate
1132 2749 1363 2791 examinari
1393 2749 1435 2790 in
1466 2748 1548 2790 fine
1579 2749 1675 2790 anni
1708 2748 1901 2801 (Angliae

180 2824 244 2862 12.
268 2822 344 2863 Iul.
383 2824 524 2869 1629).
587 2823 700 2873 Quos
733 2825 878 2876 aperte
912 2826 1078 2865 constat
1110 2824 1162 2865 ad
1187 2823 1491 2866 Scholasticam
1515 2823 1786 2875 Theologiam
1809 2836 1900 2865 esse

174 2896 366 2952 ineptos,
408 2897 459 2939 iis
494 2901 637 2951 potest
669 2898 897 2940 condonari
931 2910 1102 2940 examen
1136 2901 1233 2951 post
1263 2898 1548 2949 Novitiatum,
1591 2898 1625 2940 si
1657 2898 1699 2939 in
1731 2897 1898 2940 saeculo

180 2970 433 3014 studuerint.
496 2972 655 3024 (Germ.
690 2974 727 3015 9.
751 2972 858 3026 Aug.
895 2973 1038 3026 1625.)

321 3156 348 3199 ¹)
372 3154 399 3189 Ι.
426 3165 455 3190 0.
481 3154 753 3199 gubernationis
777 3156 832 3191 vel
858 3155 1063 3200 linguarum
1113 3155 1418 3191 covelncionandi.
