2164 3535
603 218 893 254 Oberdeutscher
918 217 1190 261 Lektionsplan.
1237 218 1333 252 1736.
1774 217 1826 257 37

111 363 245 405 clator
283 361 432 415 aliquis
475 360 528 402 ad
569 359 610 402 id
653 359 871 413 appositus
912 356 1201 412 adhibebitur,
1241 355 1475 409 cujusmodi
1513 358 1578 397 est
1614 354 1830 397 Indiculus

110 437 359 479 universalis
391 437 436 477 P.
470 436 503 478 F
507 435 681 478 rancisci
714 434 933 488 Pomey1),
971 432 1035 475 vel
1067 430 1291 474 Amalthea
1322 430 1574 473 Germanica
1605 434 1647 472 et
1678 429 1831 471 Latina

110 525 185 555 seu
207 512 337 554 Index
370 511 554 564 locuples
588 510 816 552 dictionum
848 521 897 550 ex
919 507 1179 550 Germanicis
1203 505 1452 548 Latinarum
1482 505 1532 547 de
1554 505 1665 547 omni
1688 517 1830 546 rerum

110 600 262 641 genere
301 589 377 629 etc.
412 586 518 627 110110
559 585 694 639 ipsam
734 584 774 625 in
815 595 901 624 rem
942 582 1152 624 recentius
1192 578 1384 631 editus2).
1449 579 1530 633 (Ex
1569 578 1742 621 Observ.
1777 578 1829 620 ad

111 663 244 706 Catal.
277 662 345 703 lib.
380 674 417 702 n.
449 661 548 712 VI.)
620 659 676 700 Et
721 658 919 711 quoniam
962 656 1186 698 Amalthea
1230 655 1332 697 haec
1379 654 1432 696 ad
1478 666 1603 696 usum
1648 653 1828 695 nationis

108 740 280 780 nostrae
317 740 360 778 et
399 735 563 789 patriae
604 746 706 788 prae
747 733 880 775 altero
913 732 983 773 illo
1016 731 1206 773 Indiculo
1239 731 1370 784 magis
1403 732 1468 773 est
1499 728 1828 784 accommodata,

109 814 242 856 multo
274 826 375 856 sane
406 811 685 865 opportunius
718 808 951 863 majorique
972 806 1116 848 fructu
1137 806 1178 847 in
1201 805 1361 848 Scholis
1385 804 1635 847 Germaniae
1657 807 1828 846 nostrae

109 888 404 942 usurpabitur:
447 890 576 940 atque
606 885 714 927 hanc
745 884 797 926 00
831 896 1001 926 causam
1035 882 1123 924 sola
1156 881 1364 936 deinceps,
1397 880 1468 922 ubi
1500 880 1551 922 de
1582 879 1829 922 Nomencla-

108 968 200 1006 tore
231 975 368 1006 sermo
401 963 493 1017 erit,
525 962 566 1003 iu
598 960 676 1003 hoc
708 959 994 1002 nominabitur
1025 957 1178 999 libello.
1227 956 1333 998 Eam
1366 968 1463 998 vero
1496 956 1668 998 inferius
1700 954 1826 1008 (Arti-

109 1040 202 1082 culo
235 1039 332 1091 VII)
373 1040 510 1080 certas
552 1036 786 1078 dividemus
826 1035 867 1076 in
909 1036 1076 1087 partes,
1116 1044 1297 1085 quarum
1336 1031 1439 1073 alias
1484 1031 1574 1073 aliis
1613 1029 1826 1073 Classibus

109 1115 420 1157 Grammaticae
451 1113 746 1157 attribuemus.

109 1421 153 1464 5.
209 1413 375 1463 Libri
413 1413 854 1463 Grammaticae
900 1411 1152 1459 Infimae
1191 1408 1431 1459 Ordinis
1470 1406 1826 1473 Superioris.

246 1543 308 1584 Ex
341 1541 683 1584 Institutionibus
716 1539 1012 1582 Grammaticis
1044 1539 1088 1580 P.
1113 1536 1376 1579 Emmanuel.
1409 1536 1551 1577 Alvari
1584 1533 1829 1588 explicanda

107 1618 243 1660 libriI
276 1630 374 1671 pars
409 1617 543 1659 altera
575 1616 625 1659 dc
658 1616 881 1669 generibus
912 1615 1128 1657 nominum
1161 1616 1202 1655 et
1234 1610 1582 1654 declinationibus
1621 1614 1747 1663 (quae
1779 1622 1827 1652 ex

109 1693 253 1736 Classe
292 1691 499 1734 inferioris
533 1691 700 1733 Ordinis
741 1690 998 1742 recolentur)
1039 1700 1198 1730 necnon
1238 1687 1289 1729 de
1330 1685 1569 1740 praeteritis
1603 1685 1827 1727 verborum

107 1773 150 1810 et
180 1769 361 1821 supinis:
395 1771 522 1820 atque
554 1780 601 1809 ex
633 1767 739 1808 libro
764 1766 804 1807 11
835 1765 1021 1819 syntaxis
1054 1777 1079 1806 a
1106 1762 1308 1817 principio
1331 1773 1467 1814 usque
1488 1760 1539 1802 ad
1563 1773 1826 1802 communem

106 1843 331 1886 verborum
365 1842 733 1893 constructionem,
767 1842 885 1895 cujus
918 1843 1145 1895 praecepta
1175 1838 1234 1880 510
1264 1837 1486 1891 incipiunt:
1522 1836 1724 1890 »Propria
1754 1848 1826 1890 pa-

107 1931 271 1973 gorum,
302 1918 586 1969 castellorum,
620 1917 786 1959 urbium
809 1920 931 1972 etc«,
955 1927 1040 1957 una
1061 1928 1156 1957 cum
1180 1914 1480 1969 appendicibus
1502 1912 1625 1967 primi
1647 1912 1824 1967 generis,

108 2007 216 2048 quas
248 1994 403 2048 adjecit
433 2006 549 2036 usus.
603 1994 684 2045 (Ex
706 2006 790 2046 reg.
812 1994 836 2034 8
860 1991 995 2034 Praef.
1019 1991 1130 2034 stud.
1154 1991 1224 2033 inf.
1249 1992 1272 2045 ξ
1296 1992 1320 2031 2
1343 1994 1384 2032 et
1406 2002 1490 2043 reg.
1514 1993 1532 2031 1
1559 1987 1635 2031 Inf.
1660 1988 1823 2040 Grani.)

244 2069 308 2110 Ex
328 2068 590 2110 Authoribus
624 2067 677 2110 ad
708 2067 1010 2121 praelectiones
1042 2066 1206 2108 nonnisi
1238 2065 1460 2107 facillimae
1481 2077 1675 2119 quaeque
1697 2067 1826 2116 atque

107 2144 160 2187 ad
192 2144 300 2186 hanc
332 2157 420 2186 rem
453 2144 633 2186 selectae
665 2143 979 2196 separatimque
1011 2154 1188 2184 excusae
1220 2141 1430 2183 Ciceronis
1462 2140 1679 2194 Epistolae
1712 2139 1826 2182 adhi-

106 2220 279 2263 bendae.
341 2220 459 2272 (Reg.
487 2222 505 2260 1
541 2219 628 2271 011.)
689 2218 850 2270 Quibus
891 2218 1214 2271 interponentur
1246 2217 1624 2271 Progymnasmata
1656 2216 1700 2257 P.
1734 2215 1823 2258 ι100.

247 2396 274 2437 1)
300 2394 417 2428 Franz
443 2393 574 2438 Pomey
603 2393 636 2427 S.
662 2392 696 2427 J.
724 2392 930 2434 (Venaissin
959 2395 1058 2436 1613,
1088 2394 1186 2436 1638,
1215 2393 1317 2433 1673)
1350 2390 1524 2425 versasste
1558 2389 1616 2424 ein
1642 2388 1824 2423 Lexikon:

106 2452 290 2487 Indiculus
316 2451 530 2486 universalis
565 2461 683 2485 rerum
715 2450 789 2485 fere
816 2450 972 2485 omnium
1004 2460 1096 2494 quae
1122 2450 1158 2484 in
1184 2450 1314 2484 mundo
1342 2454 1442 2492 sunt,
1478 2448 1711 2482 scientiarum
1738 2447 1823 2481 item

108 2510 311 2554 artiumque
345 2510 490 2544 nomina
523 2514 606 2554 apte
639 2509 865 2553 breviterque
905 2509 1077 2552 colligens
1111 2508 1225 2552 Lugd.
1255 2508 1360 2552 1667,
1390 2508 1464 2542 120.
1492 2517 1550 2550 pp.
1569 2506 1646 2541 276.
1696 2505 1824 2540 Dieses

107 2566 563 2603 lateinisch-franzosische
596 2568 761 2602 Lexikon
798 2567 918 2601 wurde
957 2566 1116 2611 adoptirt
1153 2566 1189 2600 in
1223 2565 1501 2601 verschiedenen
1533 2563 1825 2607 Bearbeitungen

106 2626 142 2660 in
175 2625 321 2669 ltalien,
362 2626 539 2671 Spanien,
576 2626 749 2671 Holland,
783 2625 1047 2670 Deutschland3
1087 2628 1181 2659 erste
1212 2623 1459 2666 Bearbeitung
1496 2622 1531 2656 in
1564 2620 1823 2665 Deutschland,

109 2684 301 2728 Nurnberg
329 2686 426 2729 1698,
454 2688 576 2728 spater
602 2695 667 2719 von
694 2685 732 2719 P.
756 2684 978 2727 Goldhagen.
1018 2683 1149 2718 Grosse
1168 2682 1411 2725 Verbi-eitung
1434 2680 1518 2715 fand
1545 2680 1637 2714 auch
1662 2679 1824 2723 Pomey’s

106 2742 191 2777 Flos
220 2742 412 2777 latinitatis
439 2753 482 2777 ex
508 2748 693 2777 auctorum
711 2742 864 2777 Latinae
891 2742 1034 2785 linguae
1060 2741 1263 2786 principum
1281 2740 1519 2775 monumentis
1537 2744 1738 2782 excerptus.
1777 2737 1825 2772 Et

108 2801 291 2845 tripartito
326 2801 514 2836 verborum
546 2801 728 2835 nominum
760 2806 795 2835 et
828 2800 1087 2845 particularum
1120 2799 1243 2834 ordine
1277 2804 1312 2833 et
1337 2798 1454 2833 indice
1480 2799 1515 2832 in
1541 2798 1636 2832 hunc
1661 2796 1823 2840 digestus

108 2858 282 2903 libellum,
308 2858 475 2902 Lugduni
505 2861 604 2903 1665,
629 2859 834 2894 zahlreiche
869 2858 1062 2902 Ausgaben
1089 2858 1181 2893 auch
1214 2858 1250 2892 in
1285 2857 1477 2892 deutscher
1509 2855 1755 2898 Bearbeitung
1786 2855 1822 2888 in

110 2916 314 2961 Dillingen,
347 2917 560 2962 Augsburg,
592 2917 718 2962 Wien,
751 2917 910 2962 Leipzig.
961 2917 1030 2950 Am
1061 2916 1324 2951 bekanntesten
1356 2915 1403 2950 ist
1436 2913 1624 2949 desselben
1656 2912 1822 2947 Jesuiten

109 2975 311 3009 Pantheum
337 2975 537 3019 Mythicum
572 2985 635 3010 seu
667 2975 831 3010 fabulosa
866 2975 1023 3009 Deorum
1055 2974 1208 3009 historia
1233 2973 1401 3017 Lugduni
1431 2974 1534 3016 1659,
1565 2972 1638 3006 120.
1666 2981 1723 3014 pp.
1743 2972 1821 3013 352,

111 3033 262 3068 welches
295 3032 473 3076 geradezu
506 3033 697 3077 unzahlige
727 3033 911 3077 Auflagen
946 3032 1098 3077 erlebte,
1132 3032 1222 3067 viele
1250 3031 1435 3075 Auflagen
1467 3030 1559 3065 auch
1592 3029 1627 3063 in
1660 3027 1821 3072 Leipzig,

109 3091 216 3126 letzte
242 3091 389 3135 Lipsiae
419 3092 516 3126 1795.
565 3091 686 3135 Vergl.
714 3092 807 3125 Acta
832 3090 971 3125 Erudit.
1001 3093 1089 3126 1683
1113 3102 1145 3135 p.
1164 3093 1241 3126 210.

245 3162 273 3206 2)
299 3161 377 3196 Von
403 3161 442 3196 P.
468 3161 595 3206 Kropf,
622 3172 648 3196 5.
675 3161 973 3206 Vorbemerkung
998 3173 1042 3196 zu
1068 3161 1203 3197 diesem
1229 3160 1433 3196 Abschnitt.
