2164 3535
445 234 656 270 Beibericht
681 235 745 270 der
772 235 1198 271 Studien-Kommissare
1225 247 1289 270 zur
1314 236 1356 270 R.
1383 241 1425 270 st.
1454 247 1520 271 von
1549 240 1646 273 1832.
1827 243 1906 283 491

202 525 503 592 Regulae
553 544 930 576 communes
981 526 1513 576 Professoribus
1564 527 1891 576 classium

836 619 1258 668 inferiorum.

321 757 371 798 N.
399 758 491 802 101.
553 758 622 800 Ad
655 771 752 811 reg.
777 761 814 800 4.
879 759 1035 800 Omnes
1068 763 1348 809 censuerunt,
1389 760 1578 812 regulam
1611 759 1671 802 sic
1703 771 1796 802 esse
1827 761 1913 801 sta-

185 831 413 887 tuendam,
456 846 507 875 ne
541 833 759 876 doctrinae
792 833 1059 876 Christianae
1090 833 1301 875 institutio
1334 834 1375 875 in
1408 835 1498 876 sola
1531 834 1734 877 memoria
1765 833 1911 888 reponi

184 906 420 957 videretur;
470 920 602 960 quare
645 912 819 962 praeter
859 909 1086 951 memoriae
1130 910 1493 961 exercitationem,
1541 923 1650 963 quae
1692 911 1912 963 tamquam

183 981 506 1024 fundamentum
549 995 640 1024 esse
684 983 810 1025 debet
850 983 1009 1026 solidae
1043 983 1137 1025 dein
1180 984 1492 1037 explicationis,
1535 984 1799 1040 putavimus,
1841 984 1912 1026 ad-

177 1056 417 1110 jungendas
458 1069 550 1099 esse
596 1058 895 1112 explicationes
936 1071 1013 1112 pro
1062 1058 1198 1111 gradu
1245 1058 1415 1100 scholae
1462 1059 1708 1114 ampliores,
1758 1058 1911 1112 quibus

175 1131 353 1184 juvenes
393 1132 522 1174 etiam
564 1133 777 1175 obarmari
816 1134 981 1187 possint
1023 1137 1170 1175 contra
1203 1137 1449 1186 grassantes
1482 1146 1648 1176 errores
1681 1137 1724 1176 et
1755 1134 1796 1175 in
1830 1133 1911 1176 fide

183 1205 401 1249 Catholica
431 1207 682 1250 confirmari.

321 1300 371 1341 N.
395 1301 493 1345 102.
555 1301 626 1342 Ad
658 1314 760 1355 reg.
786 1304 823 1343 5.
886 1301 1167 1356 Adjunximus
1208 1301 1528 1343 devotionem
1571 1313 1692 1354 erga
1734 1300 1913 1342 Sacra-

183 1374 437 1416 tissimum
488 1375 582 1418 Cor
621 1375 647 1418 J
659 1389 746 1418 esu
790 1378 965 1430 propter
1011 1376 1268 1430 singularem
1318 1376 1501 1424 cultum,
1549 1389 1675 1430 quem
1718 1375 1908 1418 Societas

183 1450 341 1492 Nostra
373 1449 609 1504 profitetur.

321 1543 370 1585 N.
396 1544 495 1587 103.
557 1543 628 1585 Ad
671 1557 768 1597 reg.
795 1546 859 1586 1⁴2.
924 1569 973 1575 -—
1041 1547 1090 1587 19
1123 1545 1354 1586 Divisimus
1387 1545 1577 1597 regulam
1621 1545 1662 1586 in
1703 1545 1810 1586 duas
1849 1545 1914 1599 §§,

182 1631 362 1672 quarum
406 1619 542 1672 prima
583 1621 648 1661 est
689 1620 837 1673 regula
879 1620 1077 1674 antiqua,
1128 1623 1293 1662 mutato
1336 1620 1503 1662 nomine
1546 1620 1913 1674 Emmanuelis,

183 1707 276 1736 cum
307 1693 433 1748 hujus
460 1694 549 1747 Jam
582 1694 738 1736 mentio
761 1694 874 1737 facta
896 1686 952 1737 sit
974 1695 1028 1737 ad
1050 1708 1134 1748 reg.
1157 1697 1210 1738 23
1244 1697 1266 1750 ξ
1294 1698 1311 1736 1
1347 1696 1469 1738 Prov.
1496 1696 1695 1738 Ceterum
1718 1695 1911 1748 quamvis

182 1769 470 1812 Emmanuelis
503 1783 654 1812 nomen
678 1769 980 1813 Grammaticis
1011 1770 1108 1812 olim
1132 1770 1511 1825 praescriberetur,
1546 1773 1609 1812 tot
1631 1773 1754 1811 erant
1776 1782 1915 1823 gram-

183 1844 379 1896 maticae,
423 1848 527 1898 quot
557 1845 829 1894 Provinciae,
874 1846 934 1887 ita
975 1849 1022 1887 ut
1064 1846 1294 1898 genuinum
1326 1845 1615 1887 Emmanuelis
1660 1858 1764 1898 opus
1804 1844 1915 1886 inter

186 1919 387 1961 raritates
411 1919 767 1974 bibliographicas
791 1924 1035 1973 reponatur.
1060 1945 1106 1949 —
1138 1922 1190 1963 29
1222 1921 1366 1962 Altera
1389 1921 1412 1974 ᾗ
1444 1920 1629 1974 pertinet
1651 1919 1704 1961 ad
1727 1920 1914 1972 linguam

183 1994 451 2036 vernaculam
484 1998 662 2049 propter
694 1998 908 2037 momenta
940 1995 1069 2037 allata
1101 1995 1154 2037 ad
1187 2009 1225 2037 n.
1251 1998 1303 2037 25
1338 1997 1421 2049 §2

322 2089 371 2130 N.
398 2089 500 2133 104.
552 2088 624 2129 Ad
657 2101 753 2141 reg.
784 2090 832 2130 13
900 2089 947 2129 In
982 2092 1168 2141 quatuor
1200 2093 1343 2143 partes
1367 2089 1578 2141 coegimus
1613 2100 1913 2140 graecorum

184 2167 508 2218 praeceptorum
549 2164 882 2213 institutionem,
927 2177 1019 2205 cum
1063 2164 1291 2205 hodiernae
1331 2164 1487 2217 passim
1521 2163 1825 2216 grammaticae
1856 2161 1915 2204 fa-

185 2239 370 2281 ciliorem
402 2237 632 2280 adhibeant
663 2238 909 2280 methodum
943 2251 1069 2292 quam
1103 2239 1324 2292 antiquae;
1359 2251 1539 2292 cumque
1572 2238 1612 2279 in
1645 2237 1723 2279 hac
1756 2238 1913 2290 lingua,

185 2313 542 2367 quemadmodum
596 2313 637 2354 in
686 2314 886 2366 caeteris,
936 2314 1074 2356 valeat
1125 2314 1346 2356 notissima
1402 2314 1569 2367 regula:
1626 2314 1915 2364 Praecepta

186 2401 366 2443 pauca,
413 2388 571 2430 multa
616 2389 866 2443 exempla,
914 2389 1222 2431 exercitatio
1270 2389 1500 2442 plurima.
1575 2388 1736 2430 Iuverit
1787 2387 1914 2429 etiam

186 2466 426 2518 annotasse,
458 2463 668 2517 syntaxim
702 2476 897 2516 graecam
929 2463 971 2505 in
1004 2464 1195 2517 plurimis
1228 2464 1407 2506 similem
1433 2476 1523 2505 esse
1546 2463 1713 2517 syntaxi
1739 2462 1913 2504 latinae:

185 2538 420 2580 idiotismos
452 2550 551 2580 vero
584 2551 708 2591 posse
740 2539 822 2580 alia
854 2539 1017 2581 ratione
1047 2538 1222 2594 addisci,
1256 2551 1383 2592 quam
1406 2540 1607 2579 accurata
1629 2536 1915 2591 descriptione

188 2613 446 2668 regularum,
479 2626 516 2654 v.
550 2625 611 2666 gr.
647 2613 924 2667 explicatione
956 2613 1210 2669 Authorum,
1243 2613 1543 2655 exercitatione
1574 2616 1651 2655 etc.

326 2700 406 2742 PP.
440 2700 645 2754 Deputati
688 2700 932 2755 Hispaniae,
975 2700 1141 2743 Siciliae
1182 2705 1225 2743 et
1264 2701 1413 2743 Italiae
1445 2703 1619 2755 petunt,
1668 2703 1715 2741 ut
1756 2699 1798 2741 in
1836 2698 1915 2741 hac

188 2775 486 2818 distributione
518 2775 746 2818 lectionum
778 2775 947 2829 linguae
979 2788 1155 2828 graecae
1187 2776 1399 2817 institutio
1433 2788 1587 2828 graeca
1616 2775 1657 2816 in
1690 2774 1778 2816 suis
1819 2786 1915 2828 pro-

188 2851 332 2893 vinciis
370 2850 556 2904 incipere
594 2862 677 2891 non
719 2849 872 2892 debeat
911 2849 963 2891 ab
1005 2849 1148 2892 infima
1185 2850 1494 2904 Grammatica,
1542 2849 1615 2891 sed
1658 2848 1849 2890 eamdem
1890 2861 1914 2890 a

188 2925 327 2968 media
367 2926 427 2968 sel
468 2937 667 2979 suprema
700 2924 992 2967 Grammatica
1030 2924 1156 2966 liceat
1194 2925 1392 2967 inchoare
1428 2928 1476 2966 19
1512 2928 1686 2978 propter
1724 2927 1913 2966 teneram

190 3004 372 3043 aetatem
398 3001 712 3055 discipulorum.
762 3002 813 3042 29
839 2999 946 3050 Quia
962 3001 1139 3054 juvenes
1163 3003 1458 3042 averterentur
1480 3012 1505 3040 a
1526 2999 1682 3040 nostris
1704 2998 1912 3051 Collegiis,

191 3075 225 3117 si
268 3087 467 3128 graecum
505 3075 681 3117 nimium
721 3078 957 3128 urgeretur.
1027 3075 1079 3117 39
1112 3075 1292 3128 Propter
1334 3074 1532 3116 materias
1574 3073 1614 3115 in
1655 3073 1719 3114 his
1761 3072 1913 3115 scholis

185 3150 274 3203 jam
307 3154 601 3205 coacervatas,
633 3154 739 3204 puta
775 3150 963 3202 linguam
996 3149 1284 3203 vernaculam,
1326 3148 1544 3190 historiam
1579 3153 1656 3190 etc.
1719 3149 1770 3189 49
1807 3147 1913 3199 Quia
