2164 3535
410 246 617 281 Beibericht
644 245 707 280 der
734 245 1163 280 Studien-Kommissare
1189 230 1253 279 zur
1279 244 1320 279 R.
1348 249 1389 279 st.
1417 254 1482 278 von
1512 246 1612 280 1832.
1789 247 1869 288 481

184 537 465 603 Regulae
518 553 872 584 communes
924 535 1367 583 professorum
1416 534 1839 600 Superiorum

802 627 1227 677 facultatum.

285 767 335 810 N.
359 768 434 811 56.
494 767 565 808 Ad
599 779 695 819 reg.
724 770 760 808 2.
825 766 1078 808 Dubitatum
1119 765 1220 820 fuit,
1263 778 1315 807 an
1358 765 1593 808 omittenda
1635 769 1747 808 esset
1790 765 1873 807 dis-

141 842 334 896 junctiva
364 841 616 895 propositio:
666 845 747 882 »ut
789 844 903 883 ante
941 841 1212 882 lectionem
1251 840 1457 883 dicatur
1493 840 1662 883 brevis
1703 841 1872 883 oratio

147 919 219 959 vel
266 917 447 959 saltem
494 917 601 969 ipse
642 919 948 969 praeceptor
990 916 1133 968 signo
1175 928 1227 957 se
1270 916 1439 958 crucis
1478 919 1714 958 muniat«.
1779 917 1872 958 Duo

148 995 424 1047 censuerunt,
465 991 741 1033 omittendam
782 995 825 1033 et
857 991 1051 1033 absolute
1090 991 1463 1045 praescribendam
1502 1004 1594 1034 esse
1632 991 1874 1045 hujusmodi

146 1067 382 1108 orationem
414 1065 604 1121 brevem,
645 1066 746 1120 quia
777 1067 818 1108 in
851 1066 1107 1120 quibusdam
1138 1067 1383 1120 regionibus
1417 1067 1617 1109 scandalo
1660 1070 1795 1123 esset,
1840 1068 1874 1109 si

147 1142 266 1194 signo
299 1141 434 1183 crucis
465 1141 633 1182 initium
664 1141 854 1183 lectionis
888 1141 1207 1195 deproperetur,
1240 1145 1282 1183 et
1315 1142 1416 1195 quia
1448 1142 1550 1184 nihil
1581 1143 1738 1197 obstat,
1770 1156 1871 1196 quo-

146 1216 284 1258 minus
318 1216 456 1258 brevis
490 1216 626 1258 oratio
659 1217 829 1258 lectioni
860 1217 1174 1271 praemittatur.
1243 1241 1292 1246 —
1360 1216 1554 1270 Quinque
1587 1221 1756 1270 contra,
1794 1217 1875 1259 dis-

143 1291 379 1345 junctivam
412 1291 675 1333 retinendam
700 1291 911 1342 dixerunt,
944 1291 1057 1347 quia,
1090 1303 1185 1333 cum
1218 1291 1301 1333 duo
1328 1291 1595 1334 Professores
1627 1306 1754 1346 saepe
1785 1293 1875 1335 sine

147 1366 371 1408 inter-vallo
404 1366 483 1408 sibi
515 1366 692 1408 invicem
725 1366 974 1422 succedant,
1008 1370 1103 1408 tuto
1135 1367 1347 1409 secundus
1381 1368 1577 1409 omittere
1610 1372 1753 1422 potest
1784 1381 1876 1410 ora-

148 1442 319 1497 tionem,
352 1454 403 1483 ne
435 1442 538 1484 ordo
572 1441 738 1483 scholae
771 1442 989 1493 turbetur-3
1024 1442 1119 1484 dein
1143 1443 1256 1498 quia,
1289 1443 1323 1484 si
1357 1443 1397 1484 in
1421 1443 1675 1496 quibusdam
1698 1444 1876 1496 regioni-

149 1517 227 1559 bus
259 1516 504 1559 scandalum
539 1521 661 1570 paret
693 1518 862 1559 omissio
896 1518 1125 1571 orationis,
1159 1518 1348 1571 profecto
1382 1520 1423 1560 in
1455 1519 1537 1561 illis
1571 1519 1671 1561 locis
1704 1532 1754 1561 ex
1785 1519 1878 1572 ipsa

149 1593 279 1634 allata
312 1592 477 1634 ratione
511 1595 575 1634 est
607 1593 819 1643 facienda,
862 1593 960 1646 quin
994 1597 1222 1647 propterea
1254 1593 1357 1636 haec
1389 1594 1591 1647 obligatio
1624 1594 1878 1648 imponenda

148 1668 204 1709 sit
256 1668 347 1709 aliis
398 1668 646 1721 provinciis,
707 1667 746 1708 in
798 1668 952 1720 quibus
1004 1668 1165 1710 nullum
1219 1668 1461 1722 hujusmodi
1512 1670 1759 1711 scandalum
1812 1672 1877 1711 est

149 1743 394 1785 timendum.

288 1819 337 1860 N.
362 1820 430 1862 57.
492 1818 562 1859 Ad
595 1832 693 1871 reg.
724 1820 761 1860 3.
811 1818 1024 1860 additum:
1076 1819 1228 1862 >data
1268 1821 1591 1875 occasione«,
1639 1823 1687 1863 ut
1727 1820 1878 1863 intelli-

150 1895 306 1946 gantur
353 1893 593 1947 hujusmodi
635 1893 948 1936 exhortationes
992 1907 1084 1936 esse
1127 1909 1175 1936 ex
1223 1897 1530 1951 temporaneis,
1578 1909 1673 1938 cum
1715 1896 1766 1938 de
1809 1910 1876 1939 ex-

149 1968 463 2010 hortationibus
497 1981 544 2010 ex
578 1969 766 2022 professo
800 1969 1016 2023 provisum
1049 1970 1104 2011 sit
1136 1983 1221 2023 reg.
1249 1973 1297 2013 21
1335 1972 1451 2013 Rect.

287 2049 337 2091 N.
361 2050 432 2093 58.
494 2049 564 2091 Ad
598 2062 694 2102 reg.
721 2052 757 2090 9.
823 2050 927 2092 Cum
960 2051 1000 2091 in
1034 2050 1112 2093 hac
1135 2052 1282 2105 regula
1308 2052 1561 2107 insinuetur,
1594 2057 1643 2095 ut
1664 2052 1880 2108 professor

150 2128 224 2166 aut
257 2124 390 2167 dictet
422 2127 496 2167 aut
529 2126 635 2167 citra
668 2126 937 2168 dictationem
973 2127 1164 2169 oratione
1196 2128 1397 2169 continua
1419 2127 1576 2170 habeat
1599 2128 1819 2171 lectionem
1855 2142 1879 2171 a

150 2198 365 2253 discipulis
408 2200 608 2253 privatim
650 2201 962 2254 excipiendam,
1007 2202 1095 2243 visa
1137 2206 1202 2244 est
1244 2203 1438 2245 omnibus
1481 2203 1697 2257 deputatis
1730 2204 1879 2245 immu-

150 2274 302 2329 tanda,
343 2275 443 2328 quia
485 2275 732 2316 continuata
763 2275 858 2317 viva
889 2288 988 2317 voce
1021 2276 1144 2317 lectio
1178 2277 1410 2319 multorum
1444 2278 1690 2320 auditorum
1722 2279 1877 2321 medio-

151 2348 293 2391 critati
326 2352 401 2390 aut
432 2350 617 2405 levitati,
655 2353 698 2391 et
729 2349 977 2402 quotidiana
1010 2350 1183 2393 dictatio
1217 2351 1496 2404 plurimorum
1530 2353 1763 2396 valetudini
1795 2366 1875 2395 non

151 2424 357 2466 convenit.
421 2424 579 2466 Debuit
610 2425 730 2478 proin
763 2426 1007 2478 praescribi,
1041 2430 1089 2467 ut
1122 2425 1276 2468 author
1307 2428 1638 2480 praelegeretur,
1673 2441 1767 2470 cum
1796 2429 1879 2470 alia

152 2499 398 2541 occurrendi
432 2500 542 2542 malo
574 2500 683 2542 ratio
716 2501 992 2554 periculosior
1024 2504 1148 2543 esset.
1212 2502 1337 2556 (Vide
1369 2502 1580 2545 observat.
1609 2503 1749 2546 Germ.
1784 2517 1876 2558 sup.

154 2573 206 2615 ad
240 2574 359 2616 eand.
394 2576 498 2629 reg.)

294 2648 345 2690 N.
371 2650 427 2693 58
459 2649 535 2691 bis.
598 2650 690 2692 Non
725 2654 790 2693 est
821 2654 962 2692 tamen
995 2651 1361 2709 dissimulandum,
1394 2654 1577 2696 maxima
1597 2655 1737 2697 enasci
1758 2668 1881 2709 posse

154 2724 426 2766 scientiarum
460 2725 713 2767 detrimenta
745 2738 793 2767 ex
825 2738 887 2774 co,
921 2725 1033 2779 quod
1065 2726 1332 2770 Professores
1366 2741 1464 2771 suos
1496 2729 1575 2783 ipsi
1609 2730 1771 2772 codices
1796 2743 1877 2772 non

154 2799 476 2841 concinnabunt.
540 2801 650 2842 Dum
684 2800 792 2842 enim
825 2801 904 2853 ipsi
937 2806 1195 2854 componunt
1227 2816 1325 2845 suos
1359 2807 1583 2859 tractatus,
1616 2805 1667 2846 de
1699 2805 1874 2857 singulis

154 2875 391 2927 sententiis,
424 2875 506 2917 imo
540 2875 591 2917 de
623 2875 761 2918 verbis
794 2876 971 2928 singulis
1006 2877 1290 2920 vadimonium
1324 2879 1634 2932 quodammodo
1661 2883 1880 2933 praestare

155 2948 331 3003 debent,
374 2950 486 3003 quod
530 2954 642 2993 certe
683 2963 765 2992 non
805 2950 976 3001 accidit,
1022 2951 1055 2993 si
1095 2952 1317 2995 authorem
1349 2967 1451 3007 prae
1483 2954 1677 2997 manibus
1710 2955 1880 3007 habent,

156 3024 268 3066 circa
299 3037 426 3077 quem
459 3026 593 3067 multa
624 3026 773 3068 leviter
806 3025 971 3067 effutire
1005 3031 1197 3080 possunt,
1232 3028 1333 3081 quin
1366 3028 1486 3070 facile
1519 3029 1669 3081 corrigi
1702 3030 1877 3082 possint.

156 3098 278 3141 Unde
308 3099 430 3142 facile
462 3101 601 3154 perire
632 3103 777 3154 posset
808 3101 880 3142 illa
913 3100 1171 3143 Studiositas
1205 3105 1374 3144 tantum
1406 3103 1457 3144 ab
1481 3104 1666 3157 antiquis
1690 3104 1880 3159 laudata,

155 3186 267 3227 quae
313 3175 453 3217 onmia
498 3176 586 3218 suis
634 3176 755 3229 quasi
804 3177 934 3219 oculis
978 3177 1218 3231 conspicere
1260 3179 1428 3232 satagit.
1502 3179 1559 3222 Ut
1608 3179 1739 3232 igitur
1785 3179 1880 3222 huic

228 3246 418 3272 Monumenta
440 3246 615 3273 Germaniae
636 3247 842 3280 Paedagogica
860 3248 935 3274 XVI.
1607 3250 1649 3282 31
