2164 3535
235 206 319 247 394
596 204 781 239 Deutsche
807 203 1168 247 Reformvorschlage
1193 203 1252 238 fur
1277 204 1335 238 die
1361 205 1404 239 R.
1431 210 1473 239 st.
1503 208 1601 241 1829.

350 499 374 553 ξ
409 500 472 540 10.
535 499 604 540 De
643 496 835 551 regulis
872 496 1185 551 professoris
1223 496 1586 550 philosophiae
1622 497 1843 540 moralis.

371 613 443 654 Ad
475 626 572 667 reg.
600 616 634 655 1.
700 612 897 655 Citantur
927 612 993 655 hic
1024 613 1179 654 iterum
1208 612 1302 654 libri
1327 612 1576 654 Ethicarum
1598 612 1856 667 Aristotelis,
1889 613 1960 666 qui

233 692 346 731 certe
387 689 543 731 nostris
585 688 848 742 temporibus
891 701 971 730 non
1015 688 1270 730 conveniunt
1355 687 1435 729 Sed
1480 688 1521 729 111
1565 687 1643 730 hac
1680 691 1803 742 parte
1845 688 1961 730 aliud

233 763 402 805 videtur
432 763 533 805 mihi
566 763 714 805 vitium
748 763 928 805 maxime
961 763 1208 818 cavendum,
1241 766 1390 816 utpote
1422 763 1655 805 multorum
1687 776 1881 806 errorum
1913 776 1961 806 ac

233 839 469 880 novitatum
508 838 802 894 seminarium,
842 850 925 891 quo
968 838 1128 880 scilicet
1167 850 1217 879 ex
1249 838 1461 880 modernis
1495 838 1682 892 undique
1713 838 1960 881 auctoribus

233 917 543 969 congeruntur,
586 926 697 967 quae
739 913 915 955 Ethicae
957 912 1238 955 conficiendae
1279 913 1500 954 materiam
1542 913 1747 967 praebere
1777 913 1960 966 possint3

231 990 352 1042 quasi
384 1002 483 1031 vero
516 990 716 1032 scientiae
748 1001 901 1043 corpus
934 989 1177 1042 opinionum
1201 989 1397 1041 congerie
1420 988 1706 1042 perficeretur.
1760 988 1959 1030 Ceterum

232 1067 400 1106 exstant
432 1064 483 1106 de
515 1065 593 1107 hac
615 1065 795 1107 materia
819 1067 1029 1106 tractatus
1053 1064 1214 1117 optimi,
1248 1064 1334 1105 sive
1360 1064 1535 1106 Ethicae
1558 1064 1646 1106 sive
1668 1063 1959 1118 philosophiae

223 1140 420 1195 moralis,
458 1140 567 1193 juris
610 1139 819 1181 naturalis
860 1139 1005 1181 aliisve
1048 1139 1287 1181 nominibus
1331 1139 1441 1193 noti,
1483 1152 1505 1180 e
1544 1139 1698 1192 quibus
1730 1140 1960 1194 professor,

231 1215 331 1268 quin
364 1215 608 1257 fastidiosos
640 1216 681 1256 111
703 1215 977 1257 Aristotelem
1010 1213 1334 1256 commentarios
1364 1214 1598 1269 pervolvat,
1633 1214 1816 1268 amplam
1839 1226 1959 1267 prae-

231 1290 457 1332 lectionum
490 1290 713 1332 materiam
745 1290 917 1332 haurire
949 1292 1101 1343 potest.
1166 1289 1223 1330 Et
1255 1302 1347 1331 mea
1380 1289 1571 1343 quidem,
1604 1289 1638 1331 si
1671 1289 1773 1343 quid
1804 1289 1958 1345 valeat,

229 1367 439 1408 sententia
472 1367 664 1408 recurrat
694 1364 929 1420 professor,
961 1364 1146 1418 seposito
1180 1364 1427 1420 Aristotele,
1467 1365 1608 1418 potius
1641 1364 1695 1406 ad
1727 1364 1956 1407 secundam

229 1441 440 1483 secundae
480 1441 528 1482 D.
563 1440 807 1495 Aquinatis,
851 1440 936 1494 vel,
986 1440 1019 1481 si
1062 1440 1117 1481 sit
1156 1440 1429 1493 antiquorum
1472 1440 1703 1493 amantior,
1745 1439 1958 1482 Ciceronis

230 1515 366 1557 officia
398 1518 440 1557 et
472 1528 601 1569 opera
632 1515 923 1569 philosophica
955 1516 1162 1569 consulat,
1196 1516 1238 1557 et
1269 1527 1378 1567 quae
1411 1515 1571 1568 optima
1592 1514 1813 1570 invenerit,
1846 1527 1957 1568 quae

230 1595 343 1632 certe
376 1590 690 1632 abundantiora
722 1593 860 1643 erunt,
894 1603 1021 1643 quam
1055 1589 1168 1644 apud
1194 1590 1479 1645 Aristotelem,
1512 1589 1565 1632 ad
1591 1590 1726 1632 nostri
1756 1589 1958 1643 temporis

231 1666 452 1721 rationem,
484 1666 518 1708 si
550 1666 702 1721 placet,
737 1665 1036 1708 accommodet.

367 1758 439 1799 Ad
471 1771 569 1811 reg.
594 1761 630 1799 2.
692 1758 803 1800 Alibi
837 1758 987 1800 Ethica
1019 1758 1206 1800 traditur
1247 1762 1392 1801 eodem
1434 1762 1644 1813 tempore,
1686 1772 1768 1812 quo
1801 1759 1957 1811 Logica

229 1837 271 1875 et
302 1833 613 1889 Metaphysica,
645 1833 773 1887 idque
806 1833 973 1876 diversa
1004 1834 1231 1876 lectionum
1265 1833 1582 1883 distributione3
1622 1833 1742 1885 alibi,
1776 1832 1957 1875 maxime

228 1908 268 1949 111
303 1909 667 1959 universitatibus,
702 1912 818 1951 totus
851 1909 909 1950 illi
942 1922 1016 1951 seu
1043 1910 1130 1963 juri
1164 1909 1349 1951 naturali
1383 1922 1517 1952 annus
1542 1909 1758 1960 tribuitur,
1793 1910 1835 1951 et
1856 1921 1956 1950 non-

229 1997 445 2036 nunquam
486 1984 750 2037 philosophia
784 1984 1011 2037 Religionis
1054 1985 1188 2026 eidem
1230 1984 1466 2037 copulatur.
1529 1984 1638 2025 Huic
1678 1982 1840 2038 studio,
1885 1982 1955 2024 ubi

228 2058 371 2111 plures
404 2062 505 2099 sunt
538 2057 815 2112 professores,
849 2058 1097 2112 quotidiana
1129 2059 1254 2101 unius
1287 2059 1415 2101 horae
1445 2059 1567 2101 lectio
1591 2057 1807 2110 tribuitur,
1841 2057 1955 2111 quod

227 2133 374 2186 procul
407 2133 533 2175 dubio
565 2133 731 2176 sufficit.

503 2399 527 2453 ξ
563 2402 626 2442 11.
690 2400 758 2443 De
796 2400 989 2453 regulis
1027 2399 1337 2453 professoris
1376 2397 1676 2442 matheseos

365 2513 436 2555 Ad
468 2527 565 2567 reg.
594 2510 628 2556 1ss
692 2516 754 2557 De
796 2515 1120 2557 mathematicae
1161 2518 1350 2569 tempore
1391 2514 1571 2556 diximus
1611 2526 1740 2568 supra
1783 2514 1850 2567 §1
1900 2513 1953 2555 ad

231 2601 316 2641 reg.
341 2590 407 2629 20.
470 2590 622 2643 Itaque
663 2603 745 2632 non
785 2590 953 2632 videtur
994 2590 1174 2644 amplius
1207 2590 1306 2632 solis
1339 2589 1536 2643 physicae
1570 2588 1836 2631 auditoribus
1868 2591 1953 2630 tra-

230 2663 378 2705 denda.
443 2664 541 2706 Sola
579 2665 768 2707 Euclidis
810 2665 1039 2719 elementa,
1082 2665 1180 2708 licet
1221 2665 1398 2720 optima,
1440 2664 1564 2706 hodie
1605 2676 1680 2706 nec
1723 2663 1951 2718 sufficiunt,

230 2751 305 2780 nec
348 2739 537 2792 apprime
576 2741 840 2782 conveniunt.
903 2740 1138 2793 Praecipua
1179 2754 1227 2782 ex
1269 2740 1600 2795 mathematicis,
1650 2751 1759 2792 quae
1805 2740 1952 2780 nostra

230 2816 370 2855 aetate
408 2814 449 2855 111
492 2815 722 2868 majoribus
755 2815 951 2868 Collegiis
993 2814 1083 2857 dari
1126 2815 1264 2857 solent
1304 2815 1356 2856 ab
1398 2827 1480 2855 uno
1525 2818 1600 2856 aut
1630 2813 1823 2867 pluribus
1854 2824 1952 2865 pro-

228 2888 483 2941 fessoribus,
515 2892 615 2931 sunt
645 2890 732 2931 fere
764 2890 1005 2942 sequentia:
1054 2889 1259 2943 Algebra,
1298 2888 1560 2941 Geometria,
1601 2887 1950 2941 Trigononietria,

230 2963 435 3005 sectiones
484 2963 673 3015 conicae,
727 2964 913 3005 calculus
961 2963 1248 3006 differentialis
1297 2968 1338 3005 et
1384 2963 1625 3019 integralis,
1680 2962 1951 3016 omniumque

230 3037 415 3089 partium
456 3037 757 3090 applicationes
798 3038 1063 3080 scientificae.
1129 3063 1179 3068 —
1244 3038 1365 3088 Quod
1405 3050 1535 3091 supra
1577 3038 1735 3081 dictum
1776 3038 1856 3080 fuit
1898 3037 1950 3080 de

233 3110 414 3153 duorum
447 3117 522 3153 aut
555 3112 683 3153 trium
717 3125 923 3154 annorum
957 3113 1094 3166 spatio
1127 3112 1222 3154 huic
1253 3113 1452 3155 scientiae
1494 3112 1739 3167 tribuendo,
1777 3124 1860 3154 non
1888 3111 1949 3153 in-
