2164 3535
491 250 595 286 Neue
623 248 985 292 Studienvorschlage
1010 247 1074 283 der
1099 247 1300 283 deutschen
1325 246 1478 281 Provinz
1506 249 1604 283 1830.
1820 249 1898 290 441

322 390 394 433 Ad
426 403 523 444 reg.
559 392 596 433 6.
660 390 780 441 Quod
825 389 879 431 ad
916 389 1060 433 stilum
1105 388 1373 443 epistolarem
1415 386 1598 440 pertinet
1628 386 1718 440 jam
1754 385 1796 428 in
1837 399 1905 428 su-

195 478 341 520 prema
362 465 652 508 Grammatica
680 465 885 508 traditum
917 468 999 507 est:
1031 464 1144 506 unde
1166 467 1208 506 et
1229 462 1550 506 exercitationes
1573 460 1640 503 hic
1663 461 1905 514 propositae

191 542 425 596 permiscue
457 541 543 584 fere
574 541 693 596 fiunt,
726 546 817 583 tum
848 542 890 583 in
922 554 1068 597 prosa,
1101 545 1192 583 tum
1223 540 1265 582 in
1296 538 1508 581 versibus:
1549 535 1905 592 quemadmodum

190 617 299 659 enim
331 616 562 658 traduntur
591 619 817 669 praecepta
850 616 901 657 de
931 615 1189 657 facilioribus
1223 614 1308 657 stili
1342 613 1580 668 generibUS‚
1612 614 1661 653 ut
1692 610 1745 653 ad
1767 623 1853 663 reg.
1882 612 1901 652 1

187 691 345 733 dictum
369 694 446 745 est,
479 691 539 733 ita
561 703 729 746 quoque
752 690 997 732 eorumdem
1023 703 1223 742 generum
1250 688 1584 741 exercitationes,
1613 689 1741 740 prout
1763 697 1907 727 occur-

189 768 301 819 runt,
333 765 695 819 praescribuntur.
746 790 796 796 -
846 764 1031 806 Eaedem
1063 764 1383 806 exercitationes
1416 763 1560 816 lingua
1590 761 1817 803 vernacula
1847 761 1907 802 fa-

186 841 357 883 ciendae
388 844 488 883 sunt
519 853 613 883 cum
646 840 930 882 moderamine
962 851 1048 892 reg.
1085 840 1137 881 10
1168 839 1279 881 Prof.
1312 838 1435 880 Rhet.
1468 837 1665 879 indicato.
1721 861 1770 867 —-
1822 835 1907 877 Ali-

185 917 257 971 qui
288 920 414 959 etiam
446 916 616 971 vellent,
649 919 697 958 ut
728 928 830 958 usus
853 914 1076 957 Chriarum
1108 915 1258 956 saltem
1291 913 1431 968 quoad
1462 925 1612 954 nomen
1646 912 1904 965 rejiceretur.

321 1002 394 1044 Ad
435 1016 533 1056 reg.
567 1003 606 1043 8.
678 1002 769 1044 Iam
808 1015 939 1056 supra
980 1001 1033 1043 ad
1072 1013 1156 1054 reg.
1194 1003 1209 1042 1
1265 1003 1307 1042 et
1347 999 1399 1041 ad
1441 1012 1525 1052 reg.
1561 1001 1585 1039 6
1628 999 1738 1040 Prof.
1782 998 1904 1040 Rhet.

188 1077 586 1120 accommodandam
619 1090 711 1120 esse
742 1077 1069 1132 praelectionem
1101 1076 1257 1118 nostris
1288 1074 1563 1128 temporibus.

321 1164 393 1206 Ad
426 1177 527 1218 reg.
565 1166 601 1206 9.
668 1165 913 1218 Optandum
947 1164 1135 1214 videtur,
1174 1166 1222 1205 ut
1253 1162 1463 1217 syntaxim
1495 1172 1689 1213 graecam
1716 1161 1805 1213 jam
1838 1159 1908 1201 ab·

188 1239 390 1281 solverint
413 1239 627 1282 auditores
659 1240 700 1281 in
724 1251 922 1293 suprema
943 1238 1250 1281 Grammatica:
1283 1238 1362 1280 nisi
1385 1237 1493 1279 enim
1521 1237 1609 1290 jam
1631 1234 1910 1289 praecesserit

187 1315 375 1368 syntaxis
407 1328 584 1368 graecae
616 1315 819 1370 cognitio,
861 1315 928 1355 vix
959 1313 1050 1356 fieri
1087 1316 1251 1367 potest,
1290 1316 1339 1354 ut
1379 1311 1638 1365 praeclarior
1669 1309 1908 1352 Authorum

187 1402 262 1431 seu
294 1389 514 1443 explicatio
547 1402 621 1432 seu
652 1389 879 1443 praelectio
912 1388 1180 1442 suscipiatur.
1242 1413 1287 1417 —
1343 1387 1485 1442 Aliqui
1517 1386 1720 1428 omissum
1752 1384 1908 1427 vellent

188 1464 407 1507 obscurius
441 1464 605 1520 Synesii
635 1477 804 1515 nomen3
838 1463 932 1506 dein
964 1466 1012 1505 ut
1035 1463 1208 1505 alternis
1232 1462 1392 1505 vicibus
1423 1461 1465 1503 in
1488 1474 1616 1515 prosa
1647 1463 1690 1503 et
1713 1459 1910 1503 Carmine

194 1540 456 1593 explicentur
475 1540 702 1583 Authores.
740 1565 789 1570 —
823 1540 902 1582 Hic
922 1540 963 1581 in
986 1539 1252 1582 humanitate
1276 1538 1513 1592 explicatur
1535 1537 1662 1579 etiam
1685 1536 1908 1578 Homerus.

327 1615 398 1657 Ad
415 1627 515 1668 reg.
540 1617 603 1657 10.
650 1615 767 1658 Idem
787 1614 1110 1669 observandum,
1129 1613 1242 1669 quod
1259 1626 1389 1666 supra
1407 1612 1461 1655 ad
1479 1625 1566 1665 reg.
1587 1614 1638 1655 18
1656 1610 1767 1654 Prof.
1786 1611 1907 1654 Rhet.

386 1983 610 2050 Regulae
648 1983 953 2032 Professoris
992 1982 1269 2049 Supremae
1309 1981 1698 2031 Grammaticae.

327 2122 398 2164 Ad
429 2135 524 2175 reg.
560 2125 594 2164 1.
661 2125 709 2165 19
762 2123 890 2164 Forte
932 2125 1024 2164 tota
1064 2121 1252 2176 syntaxis
1285 2133 1436 2174 graeca
1468 2120 1559 2162 dari
1589 2122 1752 2174 posset,
1792 2118 1910 2161 salva

192 2197 440 2250 repetitione
472 2198 614 2250 aliqua
644 2197 836 2239 facienda
867 2198 908 2238 in
940 2197 1231 2239 Humanitate.
1280 2197 1328 2238 V.
1363 2209 1493 2249 supra
1525 2195 1577 2237 ad
1610 2206 1694 2247 reg.
1729 2196 1753 2235 9
1797 2192 1908 2235 Prof.

191 2273 490 2314 Humanitatis.
565 2274 615 2315 ‘29
664 2273 943 2326 Explicantur
984 2272 1163 2314 maxime
1207 2285 1255 2313 ex
1298 2271 1550 2313 Oratoribus
1593 2270 1712 2312 Titus
1754 2268 1912 2323 Livius,

191 2347 284 2390 dein
309 2347 520 2390 Ciceronis
553 2347 756 2400 epistolae
787 2360 863 2401 pro
897 2347 1007 2401 stylo
1040 2346 1268 2400 epistolari.
1318 2347 1399 2388 Pro
1423 2346 1558 2400 poetis
1580 2357 1679 2387 vero
1701 2344 1912 2386 habentur

192 2423 348 2464 selecta
377 2425 599 2476 poetarum
632 2422 685 2464 ad
726 2435 850 2464 usum
884 2421 1057 2475 Collegii
1089 2421 1407 2477 Friburgensis‚
1448 2420 1511 2461 uti
1552 2420 1712 2462 dictum
1752 2421 1818 2461 est
1858 2418 1912 2460 ad

193 2509 277 2550 reg.
313 2499 364 2539 27
399 2497 555 2540 Comm.
590 2497 702 2539 Prof.
738 2497 869 2539 Class.
911 2497 1169 2538 inferiorum.
1234 2497 1286 2538 39
1324 2495 1615 2549 Xenophontis
1649 2493 1913 2549 Cyropaedia

193 2572 390 2614 traditur.
423 2573 607 2626 Adiungi
628 2574 771 2616 forsan
792 2576 967 2627 possent
988 2572 1175 2614 faciliora
1194 2573 1390 2625 poemata
1411 2583 1563 2624 graeca
1585 2583 1632 2613 ex
1648 2568 1912 2622 Anthologiis

191 2647 401 2701 decerpta.
1369 2698 1372 2701 Ι

328 2722 399 2764 Ad
440 2735 537 2775 reg.
573 2724 608 2764 2.
678 2722 838 2764 Divisio
878 2722 1142 2764 immutanda
1182 2726 1246 2764 est
1285 2724 1460 2775 propter
1501 2721 1670 2763 easdem
1711 2719 1912 2775 rationes,

193 2797 384 2850 quamvis
417 2798 498 2839 alio
530 2797 669 2851 modo,
701 2800 749 2839 ut
780 2810 910 2850 supra
942 2797 995 2839 ad
1027 2810 1111 2849 reg.
1146 2797 1257 2839 Prof.
1291 2796 1412 2839 Rhet.
1705 2853 1707 2856 ι

329 2871 400 2913 Ad
432 2885 529 2925 reg.
564 2874 600 2914 3.
664 2873 726 2914 De
759 2872 922 2914 ratione
953 2872 1190 2925 corrigendi
1219 2871 1343 2925 idem,
1377 2871 1490 2925 quod
1522 2883 1651 2924 supra
1683 2870 1736 2911 ad
1768 2882 1852 2923 reg.
1886 2870 1911 2910 4

192 2946 303 2987 Prof.
335 2946 458 2989 Rhet.
490 2950 533 2989 et
562 2960 648 3001 reg.
684 2949 853 2989 21-24
886 2947 1042 2989 Comm.
1078 2946 1187 2989 Prof.
1222 2947 1352 2990 Class.
1387 2947 1457 2988 inf.

332 3021 404 3063 Ad
436 3034 532 3075 reg.
568 3024 605 3064 6.
658 3023 837 3075 Aequali
868 3035 1042 3064 numero
1075 3022 1425 3076 praescribendae
1455 3024 1555 3064 sunt
1575 3020 1788 3063 versiones
1820 3031 1910 3061 ver-

194 3096 370 3138 naculae
402 3100 444 3139 et
473 3097 641 3140 latinae.
705 3097 950 3140 Mensuram
982 3101 1125 3139 autem
1155 3097 1198 3138 in
1230 3097 1385 3150 regulis
1417 3095 1723 3149 praescriptam
1755 3093 1911 3147 passim

198 3171 406 3214 excedunt
446 3172 641 3225 Magistri
688 3185 850 3224 omnes,
898 3185 972 3214 nec
1016 3172 1245 3228 immerito,
1292 3184 1385 3214 cum
1432 3170 1689 3225 experientia
1734 3171 1911 3224 constet,
