2164 3535
368 207 506 252 Regeln
533 207 622 241 uber
647 205 854 248 Zulassung
882 215 1000 239 armer
1027 202 1227 238 Studenten
1262 201 1297 235 in
1323 200 1550 235 Hildesheim
1578 200 1676 234 1712.
1802 201 1881 242 -251

164 348 344 402 amplius
375 348 417 390 in
451 346 625 390 aedibus
657 345 836 399 hospitis
868 345 1183 398 Bruggemans,
1214 342 1341 384 immo
1374 354 1425 383 ne
1456 341 1497 382 in
1530 340 1672 394 platea
1703 338 1886 392 quidem,

165 424 299 466 multo
332 423 470 465 minus
505 424 624 464 curet
655 420 735 463 sibi
767 419 1000 474 quidquam
1033 418 1171 460 adhuc
1202 417 1359 471 promi,
1397 415 1472 458 sed
1510 415 1655 457 statim
1688 427 1713 456 a
1743 426 1888 456 mensa

162 511 208 541 se
240 498 411 540 domum
445 500 561 539 recta
592 497 812 539 conferant
843 507 1009 537 summa
1041 506 1135 535 cum
1167 492 1387 534 modestia.

305 575 368 614 14.
418 572 543 614 Mane
581 571 769 624 praecise
809 570 935 612 tertio
976 568 1214 622 quadrante
1256 571 1354 610 ante
1394 566 1626 620 Septimam
1670 563 1807 606 aderit
1846 563 1888 604 in

164 647 373 691 vestibulo
405 645 611 700 gymnasii
644 658 693 686 ex
730 644 909 697 singulis
943 643 1105 685 Scholis
1136 643 1320 698 primus,
1363 646 1405 684 et
1445 642 1650 683 rationem
1694 638 1813 680 dabit
1842 638 1886 679 P.

164 723 396 771 Praefecto,
430 733 483 762 an
515 723 559 762 et
589 719 801 773 quomodo
834 718 937 760 haec
969 718 1109 759 omnia
1141 721 1323 772 servata,
1357 730 1408 758 an
1441 718 1483 759 et
1514 716 1587 770 qui
1619 713 1890 767 excesserint,

163 797 264 851 quid
298 797 445 838 datum
477 795 533 837 sit
565 795 618 837 ab
649 794 831 847 hospite,
863 796 969 846 quot
1000 793 1160 835 fuerint
1192 792 1502 834 accumbentes.

415 875 555 925 Atque
601 875 680 913 hae
724 874 897 924 reynlae
945 876 1030 911 tota
1077 872 1411 922 quadragesima
1458 875 1657 909 accurate
1702 873 1892 908 servatae

301 954 421 999 szmt;
454 952 527 1000 qui
557 949 773 988 violarunt
806 948 867 987 vel
894 949 1141 995 minimam,
1168 948 1315 996 puniti
1346 949 1444 984 sant
1471 949 1545 984 aut
1575 948 1743 984 omnino
1769 947 1890 994 post-

304 1027 380 1065 hae
400 1027 521 1076 jussi
553 1036 706 1064 emesae.

168 1462 358 1516 Ueber
389 1460 718 1515 Aufnahme
763 1479 948 1513 armer
981 1458 1389 1513 Studierender
1434 1476 1504 1509 an
1545 1456 1647 1508 das
1682 1455 1894 1527 Kolleg

667 1585 737 1618 zu
785 1563 1163 1618 Hildesheim.
1235 1564 1398 1615 1712.

526 1677 767 1721 (Diarium
802 1676 925 1712 coll.
959 1675 1213 1712 Hildesini
1245 1674 1301 1710 ad
1336 1673 1539 1716 annum.)

307 1792 393 1826 Man
420 1802 493 1826 war
524 1801 581 1826 am
608 1791 876 1827 Hildesheimer
903 1790 1108 1834 Kollegium
1135 1800 1249 1834 gegen
1282 1799 1378 1823 arme
1407 1786 1645 1822 Studierende
1679 1785 1762 1820 sehr
1788 1783 1896 1818 wohl-

171 1850 300 1894 thatig.
355 1849 422 1884 Die
450 1848 742 1889 Furstbischofe,
775 1849 1000 1884 Domherren
1032 1848 1104 1883 und
1137 1848 1194 1882 die
1223 1847 1349 1881 Patres
1385 1846 1500 1890 gaben
1528 1844 1616 1882 viel:
1655 1854 1721 1877 von
1747 1843 1827 1877 Zeit
1852 1853 1896 1876 zu

168 1907 249 1942 Zeit
274 1907 357 1942 liest
381 1918 462 1942 man
488 1908 536 1941 im
562 1907 726 1941 Diarium
755 1918 783 1941 z.
811 1907 871 1949 B.,
905 1906 985 1940 dass
1027 1905 1091 1940 der
1123 1905 1161 1939 Ρ.
1188 1904 1327 1939 Rektor
1354 1903 1476 1947 jedem
1502 1901 1680 1945 Magister
1719 1901 1785 1943 Ill-2
1812 1899 1895 1934 Rth.

170 1977 234 2000 zur
259 1965 476 2010 Verteilung
502 1976 546 2000 an
574 1976 671 2000 arme
699 1965 853 2000 Schiiler
879 1964 966 2008 gab3
1005 1964 1061 1998 die
1089 1963 1228 1998 Lehrer
1253 1961 1463 2005 beteiligten
1490 1960 1547 1994 die
1581 1958 1798 2002 fleissigsten
1825 1956 1896 1991 und

171 2024 399 2068 gesittetsten
424 2023 490 2058 mit
518 2023 628 2067 jenen
655 2023 999 2065 Unterstmzungen.
1049 2020 1155 2055 Auch
1190 2019 1280 2054 viele
1308 2017 1540 2063 Stipendien,
1576 2016 1664 2050 uber
1689 2014 1823 2049 welche
1849 2015 1897 2048 im

170 2080 336 2115 Diarium
375 2091 514 2125 genaue
547 2081 749 2124 Rechnung
786 2080 931 2124 gefuhrt
968 2079 1109 2123 wurde,
1147 2088 1266 2112 waren
1306 2076 1476 2120 gestiftet.
1526 2074 1649 2109 Damit
1686 2083 1759 2107 nun
1797 2071 1895 2106 diese

172 2139 296 2174 Gaben
335 2139 398 2174 der
430 2139 712 2174 N‘achstenliebe
746 2150 813 2173 nur
848 2138 916 2173 den
950 2137 1187 2181 Wiirdigsten
1225 2136 1421 2173 zuk'amen,
1459 2133 1550 2168 hielt
1587 2132 1651 2167 der
1685 2131 1723 2165 P.
1760 2130 1898 2164 Rektor

172 2196 343 2231 Joachim
368 2195 612 2240 Blumenberg
646 2206 701 2229 am
736 2199 790 2230 21.
819 2195 916 2239 Sept.
949 2195 1036 2230 1712
1070 2193 1134 2228 mit
1166 2193 1234 2227 den
1268 2192 1407 2226 'alteren
1443 2191 1570 2226 Patres
1606 2190 1684 2225 eine
1712 2189 1898 2231 Beratung

171 2254 260 2288 uber
278 2253 481 2288 Aufnahme
508 2264 626 2288 armer
653 2252 910 2288 Studierender
936 2263 981 2286 an
1008 2252 1072 2286 das
1102 2251 1241 2294 Kolleg.
1284 2250 1370 2284 Man
1397 2250 1496 2284 hatte
1524 2247 1680 2283 namlich
1707 2245 1897 2291 gefnnden,

172 2311 252 2346 dass
279 2321 324 2345 an
351 2311 419 2346 den
446 2311 805 2356 Gymnasialklassen
833 2316 924 2345 etwa
951 2309 1008 2344 ein
1036 2309 1168 2343 Drittel
1195 2309 1304 2342 Arme
1331 2318 1461 2342 waren.
1513 2307 1581 2341 Die
1608 2304 1800 2349 folgenden
1827 2303 1897 2336 Re-

172 2369 252 2412 geln
280 2368 425 2404 wurden
451 2369 591 2404 hierbei
617 2369 824 2413 aufgestellt
851 2368 923 2403 und
950 2367 1145 2412 gedruckt3
1181 2367 1238 2401 ein
1273 2365 1370 2410 gedr.
1407 2365 1492 2410 Ex.,
1527 2364 1591 2399 das
1626 2364 1705 2397 dem
1733 2361 1898 2396 Diarium

172 2426 421 2470 beigebunden
448 2427 505 2471 ist,
531 2427 595 2462 hat
619 2426 809 2471 folgenden
837 2426 944 2461 Text:

211 2680 477 2729 Instructio
516 2699 605 2746 pro
649 2679 960 2747 Pauperibus
999 2678 1061 2726 ad
1101 2679 1439 2745 Gymnasium
1479 2678 1528 2730 S.
1555 2677 1603 2725 J.
1644 2676 1864 2725 Hildesii

863 2771 1202 2819 admittendis,

318 2914 353 2954 1.
407 2910 691 2952 Humaniores
739 2909 808 2951 alii
857 2922 939 2951 non
988 2908 1269 2950 admittentur
1314 2908 1394 2950 nisi
1440 2908 1500 2950 ita
1546 2907 1801 2960 comparati,
1853 2909 1899 2947 ut

179 2984 385 3027 excedant
425 2984 763 3026 mediocritatem
807 2983 1008 3026 scientiae
1054 2983 1319 3026 necessariae
1358 2983 1411 3025 ad
1454 2995 1545 3024 eam
1589 2981 1799 3035 Classem,
1847 2980 1898 3021 ad

185 3072 313 3112 quam
350 3060 551 3113 aspirant.

323 3136 359 3175 2.
405 3134 484 3184 Qui
516 3133 689 3176 admissi
721 3134 859 3185 modo,
892 3137 934 3175 et
956 3133 1151 3186 deinceps
1175 3132 1485 3187 tolerabuntur,
1518 3131 1553 3174 si
1575 3143 1658 3173 non
1681 3134 1729 3173 ut
1749 3130 1899 3184 prima,
