2164 3535
741 220 948 266 Gymnasial
959 242 970 247 -
980 220 1189 265 Padagogik
1218 222 1314 258 1736.
1803 228 1877 268 151

167 580 373 655 Einige
426 581 660 655 Kapitel
715 581 813 635 der
869 579 1608 657 Gymnasial-Padagogik
1664 583 1879 657 (1736).

566 795 600 838 1.
652 796 1006 850 Integritat
1051 797 1150 840 des
1195 796 1472 842 Lehrers.

797 909 966 952 Pietas
997 910 1245 963 Magistri.

683 989 843 1035 OEropt’,
870 990 985 1026 Ratio
1011 989 1051 1025 et
1075 990 1138 1026 via
1162 1001 1202 1035 p.
1221 991 1273 1025 99
1287 991 1360 1035 ss.)

301 1107 453 1158 Quales
495 1106 652 1159 fingere
684 1106 910 1160 discipulos
942 1106 1198 1160 Praeceptor
1229 1110 1362 1161 amat,
1405 1107 1533 1150 talem
1564 1121 1608 1151 se
1639 1108 1729 1162 ipse
1759 1123 1879 1164 prae-

163 1182 260 1224 beat
291 1194 338 1224 ac
370 1182 503 1224 multo
536 1182 661 1223 etiam
694 1181 1059 1235 praestantiorem.
1116 1181 1419 1235 Magistrorum
1451 1183 1561 1225 enim
1591 1196 1728 1226 mores
1751 1197 1776 1227 a
1798 1185 1879 1228 dis-

164 1257 333 1313 cipulis,
374 1261 421 1299 ut
452 1270 477 1298 a
507 1257 648 1299 liberis
682 1269 755 1298 ora
786 1260 1030 1312 parentum,
1072 1257 1375 1310 exprimuntur.
1438 1258 1589 1311 Itaque
1620 1259 1732 1301 omni
1764 1260 1879 1302 adni-

163 1335 280 1374 tatur
310 1332 464 1387 studio7
496 1335 544 1373 ut
575 1344 645 1373 eos
678 1332 898 1384 religiosae
930 1331 1041 1373 vitae
1073 1344 1175 1374 suae
1207 1332 1406 1386 exemplis
1433 1332 1633 1375 aedificet.
1680 1335 1798 1388 (Reg.
1827 1337 1877 1377 16

162 1407 296 1461 Com.)
342 1407 580 1449 Meminerit
607 1407 746 1455 etiam,
780 1419 908 1459 quam
940 1419 1067 1459 grave
1089 1407 1340 1460 supplicium
1363 1408 1626 1461 propositum
1648 1408 1704 1450 sit
1725 1410 1775 1465 ei,
1808 1410 1880 1463 qui

160 1483 225 1524 vel
266 1482 339 1524 uni
380 1495 401 1523 e
442 1481 605 1536 pusillis
647 1480 918 1523 offensionem
957 1480 1179 1538 obtulerit,
1222 1495 1356 1535 eoque
1396 1483 1529 1536 magis
1563 1487 1761 1526 vereatur
1791 1485 1878 1528 suis

161 1570 252 1600 esse
285 1557 553 1609 offendiculo,
586 1557 699 1611 quod
731 1557 796 1598 sui
829 1557 1014 1598 muneris
1047 1568 1139 1598 esse
1170 1557 1399 1609 intelligat,
1438 1558 1638 1610 quicquid
1671 1557 1880 1602 offendere

163 1645 330 1687 quoquo
374 1632 497 1674 modo
540 1632 693 1686 possit„
735 1632 976 1685 longissime
1016 1631 1068 1673 ab
1110 1632 1168 1674 eis
1208 1632 1384 1674 amoliri.
1446 1633 1503 1675 Et
1540 1634 1739 1687 quoniam
1771 1647 1879 1688 quae

162 1712 307 1751 tenera
337 1711 437 1750 sunt
473 1707 636 1749 facilius
668 1707 915 1759 laeduntur,
959 1719 983 1748 a
1024 1707 1168 1748 inultis
1210 1707 1357 1755 rebus
1401 1708 1481 1750 etsi
1523 1708 1680 1762 alioqui
1710 1709 1879 1752 minime

163 1783 303 1839 malis,
346 1782 642 1825 abstinendum
674 1782 771 1833 sibi„
815 1794 867 1823 ne
898 1794 1018 1824 secus
1051 1782 1331 1836 accipiantur,
1371 1784 1592 1826 existimet.
1652 1784 1880 1827 Praeterea

162 1861 322 1913 caveat,
353 1870 405 1899 ne
437 1857 539 1911 quid
571 1856 622 1899 de
655 1860 854 1899 consueto
887 1857 1053 1911 piarum
1085 1858 1433 1900 exercitationum
1454 1871 1583 1912 penso
1608 1859 1772 1902 detrahi
1801 1861 1880 1903 sibi

162 1932 400 1975 studiorum
434 1945 561 1974 causa
592 1932 657 1974 vel
689 1932 879 1974 excidere
909 1933 1120 1985 patiatur3
1153 1945 1332 1987 cumque
1364 1947 1414 1976 ea
1437 1934 1493 1977 sit
1514 1935 1742 1977 eruditioni
1764 1936 1881 1977 velut

161 2009 306 2050 innata
337 2007 468 2063 labes,
500 2010 548 2048 ut
578 2008 769 2060 ingentes
803 2007 950 2049 offerat
981 2008 1169 2063 spiritus,
1202 2008 1355 2065 videat,
1394 2021 1446 2051 ne
1477 2009 1693 2051 minuatur
1724 2011 1878 2052 sensim

161 2087 289 2138 atque
332 2082 478 2126 effluat
518 2083 713 2136 religiosa
755 2082 949 2125 demissio
990 2083 1115 2125 animi
1155 2083 1205 2125 de
1244 2096 1287 2126 se
1320 2084 1535 2126 humiliter
1567 2088 1609 2127 et
1639 2097 1785 2138 parce,
1828 2085 1879 2128 de

161 2159 252 2200 aliis
284 2158 509 2201 honorifice
541 2159 831 2201 existimantis.
886 2159 1045 2201 Earum
1078 2162 1221 2201 autem
1252 2159 1293 2200 in
1326 2172 1370 2201 se
1401 2160 1580 2202 maxime
1612 2159 1789 2202 formam
1813 2174 1879 2204 ex-

161 2235 317 2289 primat
348 2234 566 2282 virtutum,
600 2246 781 2286 quarum
812 2235 1051 2277 necessaria
1081 2235 1214 2287 magis
1247 2238 1312 2276 est
1343 2235 1486 2288 pueris
1517 2235 1715 2278 imitatio:
1748 2239 1797 2278 ut
1816 2240 1880 2279 est

162 2309 374 2363 religionis
407 2322 455 2351 ac
486 2309 654 2362 pietatis
686 2309 819 2362 ipsius
852 2310 990 2352 cultus
1023 2310 1262 2362 singularis,
1294 2314 1342 2352 ut
1372 2322 1538 2352 morum
1561 2311 1772 2364 animique
1793 2325 1876 2353 mo-

163 2385 317 2440 destia,
356 2388 403 2426 ut
434 2384 546 2426 nitor
577 2384 833 2437 integritatis
866 2388 907 2426 et
939 2385 1239 2439 continentiae,
1278 2387 1326 2426 ut
1355 2386 1637 2428 mansuetudo
1670 2386 1879 2439 gravitate

164 2463 413 2513 temperata,
447 2462 495 2500 ut
526 2459 746 2501 urbanitas
779 2459 948 2502 minime
980 2459 1189 2515 affectata,
1222 2463 1269 2501 ut
1300 2472 1451 2511 sermo,
1484 2464 1643 2512 gestus,
1675 2461 1877 2513 incessus,

163 2535 306 2577 vultus
346 2538 546 2588 totusque
585 2534 755 2576 habitus
798 2534 985 2588 corporis
1027 2534 1079 2576 ad
1119 2534 1259 2576 decori
1298 2535 1410 2587 leges
1443 2537 1571 2588 atque
1602 2536 1655 2577 ad
1687 2548 1878 2579 normam

163 2610 397 2652 honestatis
430 2609 624 2663 religiose
656 2609 925 2663 compositus.
974 2610 1106 2651 Porro
1139 2609 1242 2652 haec
1264 2610 1410 2652 eadem
1432 2611 1583 2664 hisque
1605 2612 1732 2654 etiam
1754 2612 1879 2666 plura

164 2685 245 2728 huc
276 2686 454 2728 maxime
485 2685 681 2728 facientia
713 2685 854 2728 videre
886 2685 1028 2728 licebit
1059 2686 1172 2739 apud
1195 2685 1445 2729 Sacchinum
1475 2699 1562 2740 cap.
1590 2689 1654 2729 16.
1702 2688 1877 2730 Paraen.

164 2774 240 2804 nec
272 2774 353 2803 non
387 2761 500 2815 apud
531 2761 774 2804 Iuvencium
807 2761 858 2803 de
889 2762 983 2803 Rat.
1019 2760 1106 2803 doc.
1142 2773 1231 2814 cap.
1256 2763 1275 2802 1
1311 2765 1389 2804 art.
1417 2765 1452 2803 1.
