2164 3535
464 216 674 252 Beibericht
699 217 763 252 der
790 217 1216 252 Studien-Kommissare
1242 228 1306 252 zur
1332 217 1373 252 R.
1401 222 1442 252 st.
1470 228 1537 252 von
1563 221 1660 254 1832.
1840 224 1921 264 503

408 438 707 486 Institutio
747 456 967 500 eorum,
1007 440 1105 503 qui
1145 456 1246 503 per
1282 438 1701 489 biennium...

337 565 386 606 N.
411 561 506 609 165.
579 565 646 606 Ad
693 578 790 618 reg.
831 568 867 607 5.
942 566 1210 621 Putaviinus,
1262 579 1352 608 esse
1400 566 1578 609 delenda
1624 567 1727 609 haec
1774 567 1919 610 verba:

204 642 252 682 1‘?
286 640 404 693 quia,
448 640 638 693 quamvis
677 640 756 682 hae
789 641 1058 693 quaestiones
1091 642 1231 693 magni
1264 642 1347 683 sint
1378 642 1598 691 momenti,
1644 642 1748 684 alias
1780 645 1919 685 tamen

199 715 417 768 graviores
466 727 683 757 censemus
731 716 886 757 nostris
939 716 1212 769 temporibus.
1292 719 1343 759 29
1385 717 1488 758 Cum
1535 730 1617 759 non
1665 718 1833 771 legatur
1879 718 1919 760 in

201 789 355 831 scholis
389 789 428 832 S.
454 790 649 844 Thomas,
683 789 905 831 debuimus
938 803 1162 843 apponere,
1196 795 1244 832 ut
1275 792 1491 834 scientiam
1525 806 1645 834 suam
1678 806 1699 834 e
1730 793 1919 847 probatis

199 865 443 907 auctoribus
475 864 707 906 haurirent.

333 939 382 981 N.
408 935 503 984 166.
564 939 635 981 Ad
668 952 765 992 reg.
794 942 856 982 13.
910 940 1081 981 Additio
1102 942 1216 983 facta
1238 944 1303 983 est
1332 942 1452 993 iuxta
1478 942 1693 985 decretum
1727 944 1915 986 citatum.

331 1014 382 1056 N.
405 1010 496 1059 167.
557 1015 677 1057 Post
708 1028 804 1069 reg.
831 1018 894 1059 14.
929 1016 1102 1058 additur
1134 1028 1217 1068 reg.
1246 1017 1309 1057 15.
1337 1017 1462 1069 juxta
1493 1017 1606 1059 dicta
1637 1031 1675 1059 n.
1701 1020 1767 1060 24.

545 1280 805 1347 Regulae
844 1281 1133 1348 adjutoris
1174 1282 1299 1330 sive
1337 1280 1564 1330 bidelli.

330 1408 379 1449 N.
404 1404 500 1453 168.
562 1408 631 1449 Ad
664 1409 888 1451 Titulum
920 1409 1103 1451 recurrit
1135 1409 1292 1451 dictum
1326 1422 1351 1450 n
1390 1410 1455 1450 63.

331 1484 379 1526 N.
404 1480 499 1528 169.
552 1484 622 1526 Ad
656 1497 751 1537 reg.
777 1487 814 1526 2.
867 1484 1068 1526 Additur:
1104 1488 1173 1527 »et
1195 1484 1491 1533 claudantur«,
1516 1484 1617 1537 quia
1638 1497 1719 1527 non
1743 1485 1916 1528 minoris

193 1560 394 1601 momenti
426 1563 642 1613 putamus,
677 1564 725 1601 ut
757 1559 926 1602 scholae
958 1573 1034 1601 suo
1066 1562 1256 1613 tempore
1285 1559 1550 1615 claudantur,
1583 1572 1711 1613 quam
1743 1563 1791 1601 ut
1822 1574 1917 1614 ap&

191 1635 368 1676 riantur.

329 1710 378 1751 N.
405 1707 494 1754 170.
558 1710 626 1752 Ad
661 1723 756 1763 reg.
783 1713 818 1751 7.
873 1710 1043 1752 Additio
1066 1711 1192 1764 facta,
1224 1712 1323 1764 quia
1344 1724 1420 1764 pro
1443 1712 1667 1753 externis
1700 1712 1916 1754 absentiae

192 1785 301 1827 malo
347 1786 511 1828 facilius
559 1786 753 1828 medetur
800 1785 1023 1840 Magister,
1078 1798 1203 1838 quam
1254 1786 1456 1839 Superior
1497 1787 1586 1840 Jam
1632 1786 1775 1829 multis
1822 1787 1914 1829 aliis

192 1860 413 1903 distentus.

336 2124 597 2191 Regulae
637 2136 1017 2175 externorum
1055 2126 1392 2175 auditorum
1431 2125 1772 2177 SocietatiS.

325 2252 375 2294 N.
398 2249 479 2297 171.
543 2252 611 2294 Ad
643 2266 729 2305 reg
765 2254 802 2294 4.
856 2253 937 2295 Pro
961 2253 1279 2296 Catechismo
1303 2254 1476 2307 ponitur
1504 2253 1739 2296 doctrina
1771 2254 1913 2296 Chri-

187 2327 376 2381 stiana,
418 2327 518 2380 quia
554 2327 595 2369 in
638 2327 790 2369 scholis
832 2328 1123 2381 superioribus
1162 2329 1257 2382 plus
1300 2329 1412 2370 tradi
1445 2329 1590 2381 debet,
1632 2342 1758 2383 quam
1797 2330 1911 2383 quod

187 2402 399 2445 ordinarie
431 2402 598 2444 nomine
630 2402 883 2444 Catechismi
915 2403 1029 2444 venit
1053 2403 1177 2455 juxta
1207 2403 1320 2446 dicta
1351 2417 1377 2445 n
1417 2405 1510 2445 101.

324 2477 374 2519 N.
398 2473 488 2522 172.
550 2477 623 2518 Ad
656 2490 752 2530 reg.
780 2479 816 2518 7.
880 2478 1126 2520 Inimutatio
1152 2479 1277 2532 juxta
1308 2479 1421 2521 dicta
1452 2492 1490 2520 n.
1516 2481 1581 2521 94.

325 2552 376 2594 N.
399 2548 490 2596 173.
552 2552 621 2593 Ad
655 2564 751 2604 reg.
780 2553 844 2593 13.
911 2555 960 2594 κ.)
994 2553 1308 2606 Expunguntur
1340 2553 1442 2595 haec
1475 2554 1622 2605 verba,
1655 2555 1754 2607 quia
1787 2554 1910 2596 offen-

189 2627 338 2669 derent
369 2628 410 2669 in
445 2628 571 2669 variis
605 2628 858 2680 regionibus.
913 2630 965 2670 *29
999 2627 1222 2670 Concessio
1255 2628 1484 2676 facultatis.
1518 2631 1564 2670 ut
1592 2629 1784 2682 discipuli
1816 2642 1911 2683 pro-

188 2702 341 2745 cedant
372 2702 413 2744 in
455 2714 623 2745 scenam
657 2706 949 2757 externorum,
993 2706 1236 2745 reservatur
1266 2704 1435 2745 Rectori
1477 2704 1541 2745 vel
1584 2705 1816 2759 praefecto,
1859 2718 1910 2746 ne

186 2777 308 2820 facile
351 2777 638 2832 dispensetur:
682 2778 763 2819 imo
806 2778 886 2819 PP.
919 2778 1123 2831 Deputati
1165 2777 1327 2820 Galliae
1369 2781 1411 2820 et
1452 2778 1702 2820 Germaniae
1744 2781 1908 2832 petunt,

188 2855 237 2894 ut
277 2852 381 2894 haec
423 2852 628 2894 tollantur
659 2865 681 2893 e
714 2852 861 2906 regula
902 2852 1053 2894 saltem
1086 2865 1161 2906 pro
1193 2853 1280 2894 suis
1312 2853 1561 2903 Provinciis3
1594 2853 1671 2895 hae
1704 2853 1814 2894 enim
1846 2866 1910 2895 re-

188 2927 312 2980 gulae
345 2927 499 2970 debent
530 2928 695 2982 publice
728 2928 896 2981 exponi,
937 2927 1058 2981 proin
1087 2927 1188 2969 nihil
1220 2927 1261 2969 in
1293 2927 1343 2970 iis
1385 2940 1476 2970 esse
1519 2927 1662 2982 debet,
1705 2929 1818 2981 quod
1850 2930 1909 2970 ni-

187 3002 313 3044 miam
343 3002 560 3046 laxitatem
594 3003 783 3045 redolere
815 3004 960 3056 possit.

324 3077 374 3117 N.
410 3073 501 3121 174.
562 3077 632 3118 Ad
665 3090 762 3127 reg.
792 3079 854 3118 14.
908 3076 1095 3118 Additur
1134 3077 1270 3120 cultus
1310 3090 1410 3131 erga
1442 3077 1784 3121 sacratissimum
1826 3079 1909 3121 Cor

187 3151 291 3194 Jesu
316 3152 442 3205 Juxta
475 3151 587 3195 dicta
620 3166 658 3194 n.
696 3154 787 3195 102,
