2164 3535
277 242 330 281 14
516 238 711 281 Catalogus
737 242 875 282 perpet.
903 237 1021 272 Germ.
1049 237 1133 281 Sup.
1161 239 1327 271 1602-4.
1371 236 1626 271 commentarii
1654 239 1751 272 1604.

414 377 570 431 Epist.
615 378 674 419 ad
715 378 869 420 famil.
940 377 1096 418 Paulus
1138 375 1367 418 Manutius.
1421 376 1659 418 Ascensius.
1733 377 1997 420 Hubertinus

275 452 472 494 Clericus.
529 453 737 495 Martinus
760 453 1001 494 Phileticus.
1050 451 1204 493 Variae
1236 451 1434 493 lectiones
1466 463 1514 493 ac
1535 452 1788 507 notationes,
1821 452 1996 507 scholia,

275 527 590 570 obseruationes
614 527 793 580 amplius
826 530 1011 580 quatuor
1042 528 1085 567 et
1116 526 1263 579 w'ginti
1287 526 1486 575 virorum,
1520 526 1693 580 Parisijs
1716 527 1771 568 M.
1793 527 1841 568 D.
1863 528 1994 569 LVH.

414 604 574 656 Epist.
609 603 669 645 ad
702 604 748 644 R.
784 604 1028 644 Fratrem.
1092 602 1250 644 Paulus
1283 601 1512 643 Manutius.

480 684 608 732 Nota,
648 687 694 721 in
732 695 872 722 omnes
908 682 1121 721 Ciceronis
1160 683 1357 732 epistolas·
1397 685 1543 721 extare
1579 682 1740 721 scholia
1770 683 1998 722 multorum

484 759 596 796 edita.
626 758 832 796 Basileae
862 760 908 795 in
939 760 977 796 8.

412 829 664 870 Somnium
706 828 972 883 Scipionis.
1042 829 1175 871 Aldus
1217 829 1447 870 Manutius.
1517 828 1770 871 Macrobius.
1843 829 1999 871 Torno-

274 904 421 957 rupaei
455 904 762 946 annotationes.

412 978 686 1020 Paradoxa.
748 979 909 1033 Xystus
941 979 1170 1021 Petuleius.
1234 978 1419 1020 <Ioannes
1452 978 1656 1020 Piscator.
1715 978 1850 1020 Aldus
1911 979 1999 1021 Ma-

274 1054 432 1096 nutius.
499 1054 771 1096 Omnibonus.
833 1055 864 1096 F
870 1067 981 1096 ranc.
1016 1054 1320 1096 Maturancius.
1384 1054 1623 1095 Ascensius.

412 1130 479 1170 De
519 1129 707 1182 optimo
750 1142 933 1182 genere
975 1133 1247 1171 oratorum.
1311 1128 1487 1170 Joannis
1519 1129 1615 1170 Ant.
1651 1129 1850 1181 Viperani
1883 1142 1992 1171 com-

275 1204 520 1247 mentarius.
583 1204 791 1245 Muretus.
854 1204 1126 1258 Maioragius.
1183 1204 1369 1246 Joannes
1403 1204 1660 1246 Marinellus.
1715 1204 1865 1245 Daniel
1898 1205 2000 1246 Bar-

276 1280 416 1321 barus.
480 1279 666 1321 Jacobus
699 1279 954 1321 Brocardus.
1017 1280 1228 1321 Victorius
1260 1280 1300 1320 in
1334 1279 1603 1321 Rhetoricam
1635 1280 1889 1321 Aristotelis.

1006 1406 1269 1448 Historici.

413 1499 630 1541 Tacitus.
694 1499 876 1552 Lipsius.
938 1498 1145 1540 Muretus.

415 1574 562 1616 Titus
596 1574 786 1615 Liuius.
849 1574 1041 1615 Joachim
1073 1574 1294 1615 Perionius
1327 1574 1367 1615 in
1402 1574 1620 1615 conciones
1653 1575 1774 1628 Liuij.

413 1650 508 1704 Jul.
545 1650 742 1691 Caesar.
806 1650 954 1691 Franc.
996 1649 1290 1691 Ottomannus.
1350 1650 1397 1690 A.
1432 1650 1559 1691 Henr.
1609 1649 1847 1691 Glarianus.
1903 1650 2000 1691 Ful-

275 1726 371 1768 uius
404 1726 593 1767 Vrsinus.

414 1801 686 1843 Salustius.
765 1801 830 1842 Jo.
870 1801 1031 1842 Riuius.
1109 1801 1201 1842 Ald.
1249 1801 1466 1842 Manutius
1555 1800 1797 1842 Ludouicus
1840 1800 1997 1842 Carrio.

277 1876 511 1929 Cyprianus
543 1889 568 1917 a
599 1889 763 1930 pompa,
818 1877 970 1918 Petrus
1004 1876 1261 1918 Ciaccouius.
1325 1875 1551 1929 Christoph
1586 1875 1787 1917 Cholerus
1820 1876 1859 1917 J.
1891 1876 1933 1917 C.
1960 1877 1996 1917 8.

413 1952 658 1993 Aemilius
680 1952 885 1994 Probus.
922 1952 1026 1994 Cum
1060 1965 1204 1993 comm.
1241 1953 1361 1993 Dion.
1390 1951 1572 2002 Lainb.¹)
1596 1954 1637 1992 et
1659 1951 1777 1992 Pauli
1802 1951 1994 2004 Manutij.

415 2027 652 2068 Valerius
699 2026 955 2068 Maximus.
1035 2026 1237 2080 Stephani
1290 2027 1425 2079 Fregij
1482 2026 1814 2073 Annotationes.
1869 2027 1996 2080 Lipsij

276 2104 413 2141 notae.
478 2100 716 2154 Christoph.
753 2101 930 2143 Choleri.

415 2176 664 2217 ‚lustinus
729 2176 833 2218 Cum
868 2176 1178 2218 Commentario
1212 2176 1415 2217 Victorini
1450 2176 1632 2229 Strigelij
1668 2176 1709 2217 in
1742 2177 1779 2217 8.

414 2251 642 2293 Velleius
674 2251 989 2293 Paterculus.
1054 2251 1234 2304 Lipsius.

417 2326 636 2367 Curtius.
698 2326 780 2367 Pro
821 2326 898 2367 hoc
939 2325 1142 2379 legendus
1184 2326 1376 2367 Arianus.
1454 2326 1644 2367 Valentis
1688 2326 1869 2380 Acidarij
1914 2327 2000 2368 ani-

279 2401 595 2443 maduersiones
627 2401 666 2442 in
692 2401 898 2443 Curtium.
954 2402 1060 2443 Item
1094 2401 1220 2454 Modij
1257 2401 1523 2443 Plutarchus.
1579 2401 1789 2442 Diodorus
1818 2401 1996 2443 Siculus.

417 2477 469 2518 In
502 2476 599 2517 Jul.
635 2476 793 2524 Caes..
836 2476 1066 2525 Sallust..
1109 2477 1336 2517 Tacitum
1368 2477 1511 2517 Nonas
1550 2480 1592 2517 et
1630 2477 1846 2518 uberiores
1876 2479 1998 2517 notas

280 2551 410 2592 edidit
442 2552 617 2593 Fuluius
653 2552 840 2593 Vrsinus.

1028 2668 1202 2709 Poeta
1221 2680 1256 2708 e.

418 2748 680 2800 Virgilius.
767 2747 952 2789 Jacobus
1018 2748 1294 2800 Pontanus2).
1381 2748 1671 2789 Lambertus.'
1733 2747 1997 2788 Hortensius.

282 2822 469 2863 Seruius.
544 2822 772 2864 Danertus.
843 2822 1091 2863 Germanus.
1165 2823 1315 2864 Valens
1406 2822 1596 2863 Guellius
1645 2822 1708 2863 Jo.
1761 2823 1806 2862 A.
1859 2822 2000 2874 Meyn-

283 2897 540 2949 bergizomij.

424 3060 448 3101 ¹)
476 3057 718 3101 Dionysius
744 3057 991 3091 Lambinus.

421 3115 450 3157 2)
475 3115 590 3148 Jacob
624 3114 760 3148 Pontan
793 3115 825 3148 S.
859 3115 893 3148 d.
927 3114 1198 3162 (Spalimi'iller)
1236 3136 1276 3140 —
1316 3115 1413 3148 Briix
1446 3115 1502 3148 bei
1537 3116 1644 3154 Saaz,
1684 3114 1861 3157 Bohinen,
1903 3116 1998 3156 1542,

288 3175 390 3215 1563,
433 3176 519 3206 1526
555 3193 590 3196 ψ
626 3173 798 3207 studierte
838 3173 895 3207 bei
933 3172 1001 3207 den
1037 3173 1204 3208 «Iesuiten
1237 3174 1271 3207 in
1310 3172 1405 3217 Prag
1443 3172 1524 3214 (υἷϊ.
1565 3171 1723 3206 Schmidl
1764 3171 1856 3205 Hist.
1896 3170 1997 3204 Prov.
