2164 3535
218 196 303 238 454
751 191 829 227 Fur
854 191 923 226 den
950 188 1297 234 Studienprafekten
1325 191 1423 225 1832.

1036 480 1131 534 §a

805 577 872 618 De
912 574 1372 618 Examinatoribus.

355 694 403 735 A.
457 691 721 735 Numerus.
776 691 976 734 Omnium
1007 691 1247 733 examinum
1277 690 1586 734 examinatores
1609 690 1830 733 minimum
1852 703 1956 745 qua-

219 773 318 811 tuor
359 780 453 810 esse
495 780 662 821 semper
694 767 860 809 debent.
925 766 1152 819 (Congreg.
1180 766 1272 808 VII.
1308 766 1476 808 Decret.
1503 766 1590 818 33.)
1653 765 1735 808 Sed
1768 766 1954 820 quinque

219 844 388 886 omnino
431 843 711 896 requiruntur
749 855 826 896 pro
866 841 1055 883 examine
1097 854 1146 883 ex
1176 840 1494 896 Metaphysica,
1537 841 1624 883 sive
1668 854 1716 883 ex
1759 841 1958 884 universa

220 918 503 972 Philosophia.
572 919 691 972 (Reg.
717 919 771 959 20
802 916 940 959 Praef.
977 916 1097 960 Stud.
1131 920 1174 958 et
1207 916 1412 969 Congreg.
1439 916 1555 958 VIII.
1591 917 1758 959 Decret.
1783 917 1870 969 37.)

356 1004 404 1046 B.
462 1004 708 1056 Qualitas.
766 1006 816 1048 19
850 1003 932 1046 Pro
965 1003 1157 1046 examine
1192 1003 1245 1045 ad
1277 1003 1459 1057 gradum
1492 1003 1802 1045 examinatores
1820 1003 1958 1057 jurati

221 1093 313 1123 esse
357 1080 512 1123 debent
550 1083 593 1122 et
632 1080 841 1133 designati
882 1093 907 1122 a
937 1079 981 1121 P.
1017 1078 1239 1134 Generali,
1280 1091 1357 1121 nec
1389 1078 1547 1120 mutari
1578 1081 1778 1132 possunt,
1821 1078 1902 1121 nisi
1934 1091 1960 1120 a

221 1156 269 1198 R.
303 1156 348 1198 P.
381 1156 431 1198 N.
496 1155 642 1208 (Prov.
678 1155 848 1197 Flandr.
886 1155 1010 1198 1633.
1046 1180 1099 1184 —
1133 1154 1285 1208 Congr.
1311 1154 1403 1196 VII.
1439 1154 1604 1196 Decret.
1631 1154 1717 1205 33.)
1789 1154 1842 1196 29
1875 1153 1958 1195 Pro

223 1231 315 1274 aliis
359 1231 552 1274 omnibus
595 1230 858 1273 examinibus
901 1230 1110 1283 designati
1151 1229 1302 1272 saltem
1342 1242 1367 1271 a
1398 1229 1446 1272 R.
1479 1229 1523 1270 P.
1558 1229 1608 1271 N.
1652 1240 1745 1271 esse
1789 1228 1957 1284 debent,

224 1307 314 1349 sine
353 1307 472 1360 cujus
513 1306 728 1360 praescitu
770 1305 955 1359 ponendi
995 1318 1079 1347 non
1122 1307 1223 1347 sunt
1256 1304 1446 1358 (Flandr.
1485 1305 1548 1346 18.
1574 1304 1770 1346 Decemb.
1808 1304 1958 1357 1621);

226 1385 268 1424 et
299 1382 428 1425 semel
461 1381 673 1434 designati
705 1394 729 1423 a
762 1380 975 1436 Generali,
1008 1393 1090 1422 non
1121 1383 1302 1434 possunt
1333 1380 1490 1422 mutari
1523 1392 1548 1422 a
1578 1379 1845 1436 Provinciali,
1877 1379 1956 1422 nisi

224 1458 267 1500 in
299 1470 399 1500 casu
431 1457 554 1499 valde
594 1460 784 1510 urgente.
847 1457 986 1509 (Prov.
1032 1455 1165 1497 Paris.
1215 1456 1278 1497 15.
1304 1455 1398 1496 Iulii
1434 1455 1576 1508 1633.)
1648 1456 1700 1498 39
1736 1455 1960 1497 Examina-

226 1536 342 1575 tores
373 1532 430 1588 hi,
462 1534 673 1586 quantum
705 1531 796 1574 fieri
827 1533 983 1586 potest,
1016 1543 1099 1572 non
1133 1531 1219 1572 sint
1251 1543 1412 1586 eorum,
1446 1530 1518 1584 qui
1541 1531 1839 1572 examinantur
1859 1530 1961 1572 Pro-

227 1607 407 1650 fessores
456 1606 680 1661 (Congreg.
712 1607 806 1648 VII.
845 1607 1011 1649 Decret.
1045 1606 1142 1662 33),
1190 1606 1350 1648 scilicet
1397 1606 1440 1647 in
1487 1606 1677 1648 examine
1725 1618 1865 1648 annuo
1912 1618 1962 1648 ex

228 1682 457 1735 Theologia
489 1683 565 1724 aut
586 1681 874 1737 Philosophia,
907 1681 987 1723 nisi
1018 1681 1210 1734 paucitas
1235 1680 1587 1723 Examinatorum
1620 1680 1735 1723 aliud
1758 1681 1960 1734 exigeret3

228 1757 303 1800 sed
344 1757 386 1799 in
427 1757 617 1799 examine
648 1756 1039 1811 Metaphysicorum
1078 1769 1154 1810 pro
1198 1756 1431 1809 deligendis
1475 1756 1529 1798 ad
1567 1756 1780 1810 publicam
1819 1756 1963 1810 dispu-

229 1833 434 1875 tationem
477 1832 603 1875 debet
643 1832 849 1874 interesse
887 1831 1120 1875 Professor.
1195 1831 1382 1884 (Flandr.
1431 1833 1494 1874 18.
1523 1831 1721 1874 Decemb.
1758 1831 1866 1873 1623
1909 1855 1960 1861 -

230 1908 331 1950 item
362 1907 507 1949 Polon.
544 1908 610 1948 20.
634 1906 738 1961 Maji
774 1907 902 1957 1623;
935 1909 979 1949 et
1009 1919 1094 1959 reg.
1121 1907 1145 1948 2
1177 1906 1419 1960 Praefecti.)

371 1993 414 2036 C.
464 1993 705 2036 Officium
734 1994 821 2036 sive
849 1994 1051 2046 obligatio
1074 1997 1152 2047 est,
1187 1996 1236 2036 19
1271 1996 1320 2035 ut
1339 1993 1590 2048 priusquam
1618 2005 1771 2035 munus
1795 1992 1964 2035 Exami-

232 2069 394 2112 natoris
428 2069 481 2111 ad
514 2069 694 2123 gradum
716 2069 811 2123 quis
839 2069 1027 2124 incipiat,
1057 2069 1174 2122 legat
1196 2072 1359 2111 attente
1380 2069 1545 2111 Decret.
1574 2069 1627 2110 33
1662 2067 1963 2122 Congreg.VII

234 2146 332 2200 §3‚
373 2147 416 2186 et
447 2145 499 2186 37
535 2143 739 2197 Congreg.
764 2144 868 2186 VIII
901 2145 997 2199 ξ2,
1038 2156 1087 2186 ac
1120 2145 1173 2185 22
1207 2143 1412 2196 Congreg.
1447 2144 1549 2192 ΧΙΙ;
1597 2147 1640 2185 et
1672 2144 1964 2197 juramentum

236 2231 364 2273 super
401 2232 451 2261 ea
493 2231 538 2260 re
581 2231 723 2261 coram
764 2218 992 2272 Superiore
1035 2217 1279 2272 genuflexus
1322 2218 1491 2261 emittat
1534 2221 1736 2261 consueta
1781 2217 1965 2260 formula

235 2294 440 2348 Congreg.
474 2293 557 2335 XII
593 2293 771 2349 ibidem,
813 2294 887 2336 sed
927 2306 1010 2336 non
1051 2294 1131 2336 nisi
1172 2294 1301 2336 semel
1340 2294 1460 2335 initio
1505 2292 1628 2336 officii
1668 2293 1712 2335 id
1742 2296 1964 2347 praestan-

236 2370 337 2412 dum
368 2371 444 2412 est.

377 2446 428 2488 29
462 2445 522 2487 Ut
553 2445 877 2487 Examinatores
918 2445 959 2487 in
1002 2444 1193 2487 examine
1235 2444 1289 2486 ad
1331 2443 1689 2498 progrediendum
1732 2444 1773 2485 in
1806 2444 1960 2487 studiis

237 2519 375 2562 ferant
401 2519 609 2573 judicium
642 2519 853 2562 sincerum
886 2520 937 2562 de
969 2520 1163 2562 doctrina
1196 2523 1238 2562 et
1269 2519 1519 2575 capacitate,
1553 2519 1664 2561 sicut
1695 2519 1737 2560 in
1773 2519 1964 2561 examine

238 2594 292 2636 ad
335 2594 534 2650 gradum,
576 2594 600 2635 i.
635 2607 667 2636 e.
712 2607 794 2637 non
835 2595 1119 2649 comparative
1158 2595 1212 2636 ad
1245 2594 1368 2649 alios,
1409 2594 1481 2647 qui
1513 2595 1622 2636 forte
1655 2594 1838 2637 ulterius
1870 2607 1966 2648 pro-

240 2670 372 2722 gressi
406 2673 506 2711 sunt
536 2670 577 2711 in
610 2669 776 2725 studiis,
810 2669 884 2711 sed
916 2670 1110 2711 absolute
1141 2682 1217 2722 pro
1250 2682 1312 2725 eo,
1344 2669 1417 2723 qui
1449 2682 1474 2711 a
1506 2669 1685 2711 decretis
1708 2669 1750 2710 in
1773 2669 1962 2723 singulos

241 2757 373 2786 annos
405 2744 651 2799 requiritur,
683 2757 913 2798 progressu
946 2747 988 2787 et
1021 2745 1277 2798 capacitate;
1310 2747 1373 2799 et,
1404 2744 1503 2786 licet
1534 2744 1694 2797 absque
1720 2745 1962 2797 (iuramento

240 2818 381 2860 ferant
411 2818 489 2860 hoc
505 2818 726 2874 judicium,
760 2831 931 2872 gravem
953 2821 1094 2861 tamen
1118 2819 1276 2861 habent
1298 2819 1597 2872 obligationem
1626 2822 1668 2860 et
1690 2818 1769 2860 sub
1791 2820 1965 2872 peccato

240 2895 440 2935 tenentur
470 2893 582 2935 ferre
614 2894 698 2935 tale
725 2894 957 2949 judicium,
1000 2907 1094 2937 cum
1126 2907 1209 2936 non
1241 2895 1472 2943 sincerum.
1515 2894 1706 2935 societati
1740 2895 1782 2935 et
1813 2893 1967 2936 exami-

243 2971 343 3010 nato
391 2968 578 3021 graviter
624 2968 897 3025 damnosum,
944 2970 1161 3012 adversari
1199 2969 1393 3011 videatur
1427 2969 1622 3022 justitiae
1667 2969 1709 3010 in
1749 2982 1794 3011 re
1832 2968 1960 3022 gravi.

247 3043 469 3096 (Congreg.
494 3043 589 3085 XII.
624 3043 790 3086 Decret.
810 3046 863 3086 22
899 3069 948 3076 --
982 3045 1155 3086 Procur.
1190 3044 1365 3097 Angliae
1399 3045 1540 3093 1642.)

386 3118 438 3159 39
480 3118 539 3160 Ut
577 3129 685 3171 quae
723 3118 763 3159 in
797 3119 1057 3161 examinibus
1090 3119 1144 3161 ad
1175 3118 1318 3161 studia
1350 3117 1414 3160 vel
1445 3118 1499 3160 ad
1530 3117 1838 3161 Professionem
1870 3120 1966 3160 acta
