2164 3535
516 215 679 251 Aelteste
706 216 873 251 Statuten
900 216 962 251 des
989 216 1124 251 Wirzb.
1150 215 1434 252 Pr.-Seminars.
1476 219 1572 253 1608.
1821 221 1902 261 297

185 355 357 411 deatur,
391 355 594 398 electione
624 356 720 398 novi
752 356 949 411 rectoris,
992 356 1166 398 tertium
1198 356 1306 399 festo
1338 368 1369 398 s.
1403 356 1535 398 Rochi
1567 370 1642 410 pro
1676 358 1909 400 avertenda

183 433 316 485 peste,
348 433 550 484 quartum
572 430 679 473 festo
703 431 1113 473 commemorationis
1137 443 1168 473 s.
1194 431 1327 487 Pauli,
1361 432 1430 473 30.
1454 431 1577 487 Iunii,
1607 445 1682 485 pro
1706 432 1910 475 electione

185 505 332 547 decani
372 504 588 548 facultatis
626 505 913 561 theologicae,
957 505 1153 559 quintum
1194 506 1301 548 festo
1345 519 1377 548 s.
1412 505 1553 548 Ivonis
1597 519 1673 559 pro
1706 507 1910 549 electione

184 579 330 622 decani
355 580 623 635 juristarum,
656 584 822 622 sextum
853 581 895 622 in
927 580 1035 623 festo
1058 594 1088 623 s.
1118 582 1257 624 Lucae
1279 594 1355 635 pro
1385 582 1587 624 electione
1611 581 1757 623 decani
1780 582 1910 624 facul-

183 655 283 697 tatis
324 654 532 711 medicae,
575 655 802 709 septimum
841 668 917 709 pro
958 656 1162 699 electione
1194 656 1343 699 decani
1375 656 1671 712 philosophici,
1714 659 1909 699 octavum

183 742 259 784 pro
291 730 563 773 renovatione
594 730 858 785 studiorum,
893 743 1051 773 nonum
1083 744 1159 784 pro
1192 731 1400 774 defunctis
1434 732 1474 773 in
1508 731 1585 774 hac
1618 732 1909 786 universitate,

184 804 392 847 decimum
423 818 500 859 pro
532 805 775 859 fundatore,
808 805 873 848 cui
908 809 956 847 ut
987 805 1091 847 deus
1124 807 1207 860 opt.
1243 819 1350 847 max.
1385 806 1672 859 longissimam
1703 807 1911 861 largiatur

184 869 329 936 vitam,
361 880 469 922 votis
502 879 696 923 omnibus
728 883 930 935 precatur
962 881 1160 923 universa
1191 884 1339 923 nostra
1370 880 1597 923 academia.

551 1145 623 1187 De
663 1145 1054 1188 anniversario
1099 1146 1351 1189 doctoris
1392 1146 1536 1199 Lagi.

320 1247 420 1290 Piae
462 1248 691 1291 memoriae
729 1248 924 1291 dominus
956 1249 1121 1304 Lagus,
1165 1249 1366 1292 ecclesiae
1397 1250 1638 1302 Haugensis
1671 1250 1911 1301 canonicus,

184 1322 476 1365 sacerdotibus
508 1323 689 1366 alumnis
722 1323 926 1366 ducentos
958 1324 1000 1365 in
1032 1326 1290 1367 testamento
1322 1337 1399 1366 suo
1431 1324 1612 1367 florenos
1644 1325 1818 1379 legavit,
1865 1329 1913 1367 ut

185 1398 364 1452 quisque
396 1410 471 1451 pro
503 1398 635 1452 ipsius
668 1398 806 1441 salute
837 1399 1108 1453 procuranda
1141 1399 1368 1452 quotannis
1402 1399 1455 1441 ad
1488 1413 1606 1442 aram
1639 1400 1717 1442 (160
1745 1413 1912 1443 sacram

183 1474 326 1516 litaret
371 1473 565 1517 hostiam.
628 1474 894 1529 eleemosyna
938 1478 1026 1517 tam
1073 1474 1193 1527 larga
1245 1478 1287 1516 et
1338 1474 1526 1517 liberalis
1578 1488 1630 1517 ne
1683 1475 1820 1518 abiret
1870 1475 1911 1517 in

186 1547 457 1605 oblivionem,
494 1549 606 1592 hunc
638 1550 691 1592 ad
724 1549 861 1593 locum
894 1549 1116 1593 referenda
1149 1549 1241 1591 fuit.
1291 1563 1479 1592 annuum
1513 1563 1685 1593 censum
1717 1555 1913 1593 numerat

185 1622 362 1666 ecclesia
392 1623 645 1677 Haugensis.

187 1888 260 1930 De
303 1887 577 1941 privilegio
619 1888 828 1942 utrique
870 1889 1086 1943 collegio
1131 1891 1311 1933 maiori
1356 1893 1404 1932 et
1444 1891 1626 1933 minori
1671 1904 1912 1934 concesso

462 1968 597 2012 circa
634 1969 1139 2013 administrationem
1177 1975 1631 2014 sacramentorum.

323 2073 387 2114 Ne
428 2073 522 2126 quis
561 2072 756 2127 deinceps
795 2074 1062 2117 alumnorum
1101 2079 1176 2118 aut
1207 2076 1497 2119 convictorum
1529 2076 1770 2129 negligatur
1803 2077 1913 2119 circa

188 2147 493 2203 poenitentiae,
537 2148 820 2191 eucharistiae
857 2153 900 2191 et
931 2154 1144 2193 extremae
1177 2151 1387 2194 unctionis
1420 2154 1707 2204 sacramenta,
1751 2152 1913 2205 regenti

187 2234 387 2265 concessa
425 2225 490 2265 est
530 2222 654 2276 plena
684 2227 898 2280 potestas,
940 2224 1013 2266 illa
1043 2225 1129 2267 ritu
1161 2229 1204 2267 et
1234 2238 1351 2268 more
1383 2226 1599 2268 catholico
1624 2226 1910 2280 dispensandi.

185 2298 330 2351 itaque
362 2297 541 2349 curabit,
574 2300 622 2339 ut
654 2311 819 2352 semper
850 2299 891 2340 in
924 2300 1109 2341 sacrario
1142 2300 1404 2342 infirmorum
1439 2301 1577 2343 oleum
1610 2301 1663 2342 ad
1692 2301 1912 2354 ungendos

188 2385 337 2426 aegros
380 2375 635 2415 asservetur.
691 2374 951 2427 sepelientur
990 2374 1267 2427 imposterum
1310 2379 1400 2417 tum
1450 2376 1628 2427 alumni,
1678 2379 1768 2418 tum
1818 2389 1912 2418 con-

187 2447 367 2489 victores
398 2448 440 2489 in
473 2449 725 2490 caemeterio
759 2449 843 2490 divi
875 2449 1010 2500 Petri3
1052 2449 1085 2491 si
1119 2450 1189 2503 qui
1223 2463 1320 2492 vero
1353 2450 1458 2505 sint,
1499 2450 1571 2503 qui
1604 2450 1703 2492 alibi
1745 2450 1912 2493 humari

189 2521 333 2577 velint,
365 2521 491 2564 funus
524 2523 610 2565 suis
644 2523 855 2566 sumtibus
889 2524 1112 2565 curabunt.

331 2597 492 2649 (Durch
533 2598 742 2641 Urkunde
784 2612 878 2641 vom
922 2600 958 2640 3.
994 2598 1160 2640 Januar
1194 2599 1303 2641 1604
1347 2598 1466 2641 hatte
1508 2599 1583 2642 der
1621 2600 1919 2643 Fiirstbischof

190 2671 324 2714 Iulius
368 2671 461 2713 dem
493 2673 660 2726 Regens
703 2673 775 2715 des
818 2673 1059 2716 bischoflich
1100 2673 1344 2726 geistlichen
1387 2673 1601 2716 Seminars
1645 2674 1914 2717 Pfarrrechte

190 2745 410 2788 innerhalb
442 2746 515 2789 des
538 2747 802 2801 Kollegiums
836 2748 1046 2791 verliehen
1080 2748 1166 2790 und
1198 2748 1267 2791 ihn
1291 2762 1371 2791 von
1398 2749 1520 2803 Jeder
1543 2749 1728 2792 anderen
1751 2749 1914 2792 Pfarrei

191 2820 394 2863 eximiert.
450 2821 542 2864 Wie
575 2835 652 2865 aus
685 2822 765 2865 den
798 2823 1179 2876 Eingangsworten
1212 2823 1349 2866 dieses
1382 2823 1656 2867 Abschnittes
1688 2824 1914 2867 hervorzu·

191 2894 324 2948 gehen
357 2895 533 2951 scheint,
565 2910 653 2939 war
675 2898 863 2951 mangels
897 2898 1033 2941 dieses
1056 2898 1237 2941 Rechtes
1271 2899 1422 2941 vorher
1454 2900 1519 2942 ein
1543 2899 1817 2942 Versaumnis
1848 2899 1913 2941 bei

192 2970 325 3012 einem
368 2971 623 3014 sterbenden
665 2971 971 3015 Seminaristen
1014 2974 1353 3026 vorgekommen.
1416 2975 1494 3017 Die
1535 2974 1742 3017 Urkunde
1782 2974 1914 3017 selbst

191 3044 260 3087 bei
290 3058 327 3086 v.
352 3045 577 3102 Wegele,
610 3047 666 3103 II,
698 3061 737 3101 p.
763 3049 876 3102 227).
