2164 3535
481 229 642 264 Aelteste
670 229 836 264 Statuten
862 228 925 263 des
952 228 1085 263 Wirzb.
1112 227 1397 263 Pr.-Seminars.
1439 230 1536 264 1608.
1784 231 1865 271 307

149 371 246 422 post
294 368 610 411 meditationem
649 372 900 411 nocturnam
942 367 1104 420 regenti
1143 366 1306 422 tradet,
1354 367 1570 420 assignata
1611 366 1738 418 hora,
1787 379 1871 420 qua

150 444 328 496 quisque
370 456 514 485 eorum
555 455 750 496 egressus
795 445 837 484 et
875 443 1092 494 ingressus
1133 441 1284 484 fuerat.
1348 444 1391 483 et
1432 444 1481 482 ut
1517 441 1645 483 ianua
1689 441 1869 483 ianitore

149 530 366 571 nunquam
408 517 690 571 destituatur,
738 517 779 558 in
826 517 962 569 prima
1010 528 1154 558 mensa
1197 528 1289 557 cum
1338 516 1516 558 caeteris
1558 515 1784 569 prandebit
1831 519 1874 557 et

151 592 364 641 coenabit3
407 593 597 644 tempore
628 603 727 632 vero
760 591 851 641 illo,
893 602 977 643 quo
1010 590 1048 631 in
1084 590 1265 632 triclinio
1298 590 1398 645 erit,
1439 592 1608 645 surget,
1651 590 1816 643 quoties
1849 602 1873 631 a

151 679 356 719 campana
387 665 627 717 vocabitur,
669 669 712 706 et
742 665 954 706 intellecto
987 677 1154 718 eorum,
1196 665 1267 717 qui
1299 663 1400 706 foris
1432 668 1551 720 sunt,
1591 664 1781 717 negotio.
1814 665 1873 706 in-

151 740 268 793 gredi
306 743 381 781 aut
419 742 642 793 expectare
674 751 744 781 eos
770 739 958 793 jubebit,
1000 741 1128 791 prout
1160 739 1324 791 regenti
1356 739 1492 781 visum
1524 739 1664 781 fuerit.
1728 739 1780 781 ad
1812 739 1872 780 in-

153 816 352 858 teriorem
395 817 562 868 partem
605 813 754 855 domus
796 813 1006 855 neminem
1044 813 1300 855 intromittet
1341 826 1416 855 nec
1449 814 1641 857 alumnos
1674 818 1749 856 aut-
1780 826 1875 856 con-

151 891 332 932 victores
365 903 386 931 e
417 890 603 931 musaeis
637 888 841 943 evocabit,
874 888 1123 941 priusquam
1155 888 1369 930 licentiam
1401 901 1425 929 a
1457 892 1629 942 regente
1660 889 1870 931 habuerit.

153 977 294 1006 aream
327 964 489 1017 collegii
521 968 564 1006 et
594 964 802 1017 porticum
835 963 888 1004 ad
921 963 1103 1005 culinam
1135 975 1270 1016 usque
1302 963 1460 1004 munda
1493 964 1680 1005 servabit
1712 968 1753 1005 et
1775 977 1872 1016 pur-

153 1039 282 1095 gabit,
314 1039 480 1092 quoties
512 1039 742 1081 necessitas
766 1038 961 1090 exegerit.
1016 1037 1239 1079 salarium:
1273 1041 1365 1079 octo
1389 1037 1549 1093 floreni,
1582 1038 1692 1080 sicca
1715 1051 1873 1093 mensa,

153 1114 299 1156 diebus
332 1114 492 1156 festivis
524 1113 831 1156 solennioribus
865 1117 906 1155 et
938 1113 1267 1165 quadragesima
1288 1114 1381 1154 tota
1404 1113 1710 1160 mensuravini
1735 1112 1873 1153 media

154 1189 330 1242 singulis
362 1188 521 1230 diebus.

625 1393 865 1436 Officium
900 1393 1078 1435 famuli
1118 1394 1406 1436 communis.

292 1498 418 1539 quta
457 1498 767 1551 praescriptum
806 1498 990 1551 regentis
1032 1510 1280 1552 campanam
1319 1498 1506 1551 pulsabit
1545 1511 1666 1540 mane
1701 1498 1753 1540 ad
1786 1511 1877 1540 sur-

157 1573 360 1629 gendum,
392 1572 446 1614 ad
478 1586 644 1628 preces,
677 1573 731 1614 ad
763 1573 950 1629 scholas,
984 1573 1037 1615 ad
1069 1572 1231 1625 studia,
1271 1573 1323 1615 ad
1356 1573 1576 1629 exercitia,
1610 1573 1662 1615 ad
1695 1586 1876 1625 sacrum,

157 1647 335 1701 aliisque
372 1647 506 1700 horis,
549 1647 649 1689 dum
688 1647 916 1689 iubebitur.
979 1648 1020 1689 111
1060 1647 1196 1689 medio
1237 1647 1398 1690 ambitu
1430 1648 1571 1701 ignem
1603 1648 1804 1690 excitabit
1836 1651 1878 1689 et

158 1735 311 1776 aquam
344 1735 419 1776 pro
452 1723 631 1765 lavacris
664 1723 919 1776 apportabit.
966 1723 1199 1764 triclinium
1232 1726 1422 1776 tempore
1454 1724 1664 1764 matutino
1689 1722 1877 1776 quotidie

158 1797 379 1850 purgabit,
418 1809 584 1839 mensas
626 1798 809 1839 instruet
849 1800 889 1839 et
928 1797 1087 1839 eisdem
1129 1797 1295 1850 prandii
1338 1802 1381 1839 et
1412 1810 1565 1839 coenae
1596 1800 1785 1850 tempore
1817 1798 1877 1839 in-

159 1873 313 1914 serviet
345 1873 568 1926 diligenter
600 1885 647 1915 30
677 1872 870 1914 fideliter.
925 1885 1176 1927 pannorum,
1210 1873 1281 1926 qui
1315 1872 1368 1914 ad
1394 1872 1622 1914 lavandum
1646 1872 1877 1929 dabuntur,

159 1960 244 1989 una
284 1960 377 1989 cum
418 1949 652 1989 sacristano
686 1960 830 1989 curam
862 1947 1043 1988 habebit.
1108 1950 1298 2000 tempore
1329 1947 1517 2000 hyberno
1548 1947 1589 1988 in
1620 1948 1802 1989 musaeis
1836 1951 1879 1989 et

160 2022 386 2075 cubiculis,
437 2023 771 2077 quotiescunque
814 2035 920 2075 opus
958 2022 1106 2077 fuerit,
1154 2021 1350 2063 candelas
1393 2021 1603 2064 accendet.
1675 2023 1878 2064 salarium

159 2098 344 2151 nullum,
386 2111 531 2140 mensa
572 2099 704 2151 sicca,
744 2097 862 2139 festis
903 2097 1134 2150 majoribus
1177 2100 1219 2139 et
1250 2097 1290 2138 in
1323 2097 1649 2150 quadragesima
1680 2110 1879 2140 mensura

160 2173 246 2215 vini
276 2173 414 2215 media
446 2173 593 2215 diebus
626 2173 815 2226 singulis.

502 2414 573 2456 De
614 2414 861 2456 omnibus
902 2414 1126 2455 famulis
1167 2414 1217 2454 in
1260 2413 1538 2455 communi.

300 2517 432 2559 Nemo
464 2520 584 2559 extra
615 2517 835 2569 collegium
868 2516 1143 2569 pernoctabit.
1201 2516 1240 2557 in
1273 2515 1525 2557 necessitate
1556 2516 1726 2557 licentia
1759 2529 1783 2558 a
1817 2529 1879 2558 10-

164 2595 288 2644 gente
319 2591 628 2645 impetrabitur.
677 2595 829 2644 quater
860 2592 901 2631 111
935 2602 1042 2632 311110
1077 2589 1390 2632 confitebuntur
1418 2594 1461 2631 et
1489 2590 1879 2638 communicabunt;

163 2666 226 2709 his
259 2666 368 2708 enim
389 2666 623 2720 praesidiis,
656 2666 867 2720 periuriis,
894 2666 1160 2720 juramentis,
1195 2665 1590 2719 compotationibus,
1622 2664 1875 2717 infidelitati,

162 2741 483 2797 inobedientiae,
516 2741 626 2782 omni
659 2741 838 2794 denique
868 2740 1132 2782 inordinatae
1164 2741 1274 2782 vitae
1305 2741 1372 2782 via
1403 2739 1705 2794 praecluditur.

632 2972 894 3025 Regulae
935 2969 1413 3013 bibliothecarii.

307 3067 342 3107 1.
390 3063 676 3106 Bibliothecae
715 3064 873 3106 clavem
911 3076 1039 3116 penes
1079 3076 1122 3105 se
1159 3061 1332 3104 habebit
1362 3062 1654 3113 neminemque
1686 3060 1883 3102 admittet

169 3139 222 3181 ad
254 3139 547 3182 bibliothecam
578 3140 668 3182 sine
699 3139 883 3192 regentis
916 3138 1036 3180 scitu.

1610 3206 1678 3238 201ε
