2164 3535
562 210 712 256 Spatere
741 211 904 246 Statuten
931 211 993 245 des
1020 210 1156 245 Kolner
1182 210 1364 245 Seminars
1394 214 1491 247 1629.
1803 216 1885 256 325

164 348 411 401 telligenda,
453 349 574 402 quasi
609 349 786 391 liberum
820 350 875 391 sit
906 349 1095 392 confiteri
1127 354 1167 392 et
1201 350 1530 406 communicare,
1573 353 1648 393 aut
1679 351 1886 403 omittere,

163 423 236 465 sed
267 423 328 464 ita
359 423 627 465 sentiendum
660 427 737 477 est,
769 424 862 466 ideo
897 424 1000 466 adeo
1033 425 1222 467 modeste
1253 425 1368 478 loqui
1393 425 1597 480 regulam,
1630 426 1742 478 quod
1769 440 1887 480 prae-

164 501 318 553 sumat,
351 498 562 539 neminem
594 499 697 553 fore,
730 499 802 551 qui
834 498 875 539 id
909 499 1108 551 negligat,
1142 499 1394 553 praesertim
1416 512 1511 541 cum
1535 500 1601 553 alij
1628 500 1670 541 id
1692 500 1887 553 religiose

163 572 449 627 observarint,
490 572 659 625 iainque
704 585 854 625 parare
894 586 938 615 se
981 573 1182 625 debeant,
1227 577 1274 615 ut
1312 574 1409 616 olim
1441 574 1630 627 quotidie
1662 575 1884 618 celebrent.

163 647 304 697 Quare
336 646 538 700 declarat,
570 647 651 688 nisi
675 646 942 689 Confessario
976 648 1089 689 aliud
1113 648 1321 703 videatur,
1354 662 1498 691 omnes
1532 650 1668 692 teneri
1700 650 1754 692 ad
1777 663 1886 693 com-

161 720 403 763 munionem
435 724 582 763 octavo
616 720 693 762 die,

300 797 378 838 169
422 795 660 837 Matutinae
679 795 867 837 concioni
890 796 1043 837 summi
1066 797 1211 850 templi
1235 798 1464 840 Dominicis
1487 799 1711 853 Festisque
1735 800 1883 843 diebus

159 871 398 912 intererunt
429 870 651 922 Theologi;
697 870 851 912 caeteri
884 870 1011 912 etiam
1043 871 1093 924 ijs
1127 871 1265 925 festis,
1305 872 1458 924 quibus
1491 873 1532 915 in
1566 874 1728 916 80110113
1769 875 1885 917 nulla

159 948 237 999 est,
261 945 485 987 Sodalitati
508 957 607 987 vero
630 945 923 987 Annunciatae
945 946 985 986 in
1007 946 1125 988 festis
1147 946 1194 987 B.
1216 947 1414 1002 Virginis,
1438 951 1480 989 et
1502 949 1881 1005 Ecclesiasticae¹),

160 1019 327 1073 quoties
360 1020 401 1061 in
435 1019 598 1061 80110113
631 1032 711 1061 non
744 1019 1040 1073 impedientur.

299 1096 349 1136 17
360 1101 377 1137 ‘3
421 1094 599 1150 Diebus,
641 1085 1184 1148 quibus*communicatur,
1225 1096 1277 1138 ob
1309 1098 1588 1139 reverentiam
1622 1097 1885 1142 Sacramenti

158 1170 415 1212 ientaculum
448 1182 530 1211 non
564 1170 747 1225 dabitur,
779 1170 857 1212 nisi
892 1171 1001 1212 forte
1033 1172 1167 1214 serius
1199 1171 1335 1213 iretur
1366 1172 1421 1213 ad
1452 1185 1653 1216 mensam.

299 1246 377 1288 189
419 1244 455 1285 A
486 1245 747 1287 recreatione
779 1249 822 1288 et
854 1246 1074 1299 colloquiis
1108 1246 1249 1288 absint
1280 1247 1413 1298 rixae,
1457 1248 1763 1296 scurrilitates,
1804 1250 1884 1291 ioci

158 1320 355 1362 scurriles
388 1323 430 1362 et
452 1320 661 1373 punctivi,
695 1323 909 1373 agantque
931 1320 1042 1363 inter
1065 1333 1122 1375 se,
1156 1325 1205 1363 ut
1227 1321 1427 1364 honestos
1451 1322 1571 1365 decet
1593 1324 1883 1367 adolescentes

157 1396 200 1436 et
240 1406 332 1450 eos,
382 1394 453 1448 qui
496 1395 549 1437 ad
588 1395 777 1437 ordinem
824 1395 1073 1449 presbyterij
1121 1408 1351 1450 curamque
1391 1399 1648 1450 pastoralem
1694 1399 1883 1453 proxime

157 1468 451 1523 disponuntur.

297 1546 375 1588 199
418 1545 665 1598 Intelligant
697 1558 861 1601 omnes,
903 1558 1049 1587 earum
1083 1547 1289 1603 [rerum],
1331 1559 1441 1600 quae
1472 1547 1584 1590 domi
1617 1551 1717 1591 sunt
1756 1562 1882 1603 quae-

157 1631 238 1672 que
279 1618 332 1660 ad
372 1619 726 1661 sustentationem
770 1633 793 1661 a
833 1620 964 1662 Nobis
1008 1621 1337 1664 clementissime
1381 1623 1692 1679 conceduntur,
1743 1625 1796 1666 ad
1837 1639 1882 1668 30

155 1693 257 1734 nihil
288 1694 518 1747 pertinere,
549 1695 628 1737 nisi
661 1709 709 1737 ex
743 1695 1019 1749 Superiorum
1052 1698 1349 1751 dispositione,
1382 1712 1466 1752 qua
1497 1699 1599 1753 quid
1631 1705 1674 1742 et
1706 1700 1875 1753 quando

155 1781 348 1822 quaeque
380 1769 663 1823 dispensanda
694 1771 791 1823 sint,
828 1772 873 1813 D.
900 1772 1136 1815 Oeconomo
1172 1774 1497 1827 praescribetur.
1553 1774 1697 1817 Sciant
1730 1776 1873 1831 etiam,

156 1843 318 1885 nullum
350 1857 395 1886 se
428 1845 657 1887 dominium
690 1846 730 1887 in
764 1859 834 1900 ea,
878 1859 1015 1900 neque
1046 1847 1087 1888 in
1120 1847 1300 1891 famulos
1334 1849 1512 1904 habere,
1543 1850 1647 1891 nihil
1678 1862 1754 1903 pro
1787 1851 1879 1893 iure

154 1931 250 1973 suo,
294 1932 329 1960 V.
363 1932 400 1972 g.
435 1920 600 1971 vinum,
644 1924 904 1976 assaturam,
945 1923 1163 1975 postulare
1195 1936 1338 1976 posse,
1371 1924 1406 1966 si
1438 1925 1488 1978 ijs
1522 1924 1690 1976 diebus,
1724 1926 1877 1978 quibus

154 1993 274 2036 annis
315 1995 558 2037 melioribus
600 1995 861 2051 habuerant,
903 1996 965 2039 his
1013 1997 1316 2041 difficilioribus
1358 2002 1548 2052 negetur.
1614 2000 1696 2042 Sed
1729 2004 1876 2043 contra

155 2069 232 2111 sibi
266 2070 565 2124 persuadeant,
599 2071 691 2113 dari
723 2071 788 2113 vel
820 2073 964 2124 negari
997 2086 1134 2126 posse,
1168 2078 1296 2126 prout
1326 2075 1478 2116 mereri
1510 2074 1779 2117 videbuntur.

292 2146 371 2187 209
415 2144 625 2188 Modestia
654 2146 696 2187 111
728 2159 886 2197 mensa,
919 2148 1102 2190 exterior
1133 2152 1176 2190 et
1206 2149 1397 2204 interior,
1431 2162 1511 2191 non
1545 2150 1758 2193 silentium
1785 2155 1876 2193 tan-

154 2223 257 2275 tum,
290 2220 363 2261 sed
386 2224 426 2262 et
450 2220 693 2262 civilitatem
716 2234 894 2277 morum,
924 2223 964 2264 in
988 2223 1149 2266 edendo
1172 2224 1351 2265 bibendo
1375 2224 1720 2277 moderationem,
1744 2226 1872 2268 maxi-

154 2307 303 2347 meque
335 2296 659 2349 temperantiam
690 2297 731 2337 10
765 2297 855 2339 01110
888 2301 930 2339 et
961 2302 1064 2351 potu
1097 2301 1140 2340 et
1170 2299 1211 2340 in
1244 2312 1323 2341 usu
1355 2300 1542 2341 carnium
1567 2301 1871 2353 complectitur.

295 2370 408 2412 Haec
447 2374 512 2412 est
550 2371 670 2412 enixa
709 2376 855 2413 nostra
884 2372 1101 2423 voluntas,
1142 2386 1267 2426 quam
1306 2374 1395 2415 sine
1434 2374 1768 2417 dissimulatione
1800 2380 1875 2418 aut

152 2444 238 2485 ulla
270 2445 514 2487 remissione
546 2446 762 2488 observari
794 2447 903 2489 serio
936 2447 1199 2489 mandamus.
1264 2449 1409 2501 Neque
1441 2449 1551 2491 enim
1582 2448 1672 2491 fieri
1714 2454 1869 2504 potest,

153 2523 201 2561 ut
231 2520 320 2562 sine
353 2521 490 2573 rigore
521 2522 641 2574 vigor
672 2523 798 2564 etiam
832 2522 1076 2576 disciplinae
1109 2535 1190 2564 non
1223 2523 1456 2565 flaccescat.

292 2601 513 2655 Signatum
545 2603 837 2656 Arensbergae
870 2603 989 2645 Anno
1024 2605 1146 2645 1629.
1195 2605 1261 2645 31.
1285 2604 1480 2657 Augusti.

702 2717 1049 2760 Ferdinandus
1082 2721 1158 2760 etc.
1193 2721 1269 2761 etc.

1002 2793 1047 2835 L.
1083 2792 1123 2835 8.

958 2873 1065 2915 Joh.
1102 2873 1420 2927 Schonheim,
1454 2875 1729 2918 Secretarius.

287 2989 314 3032 l)
341 2988 395 3023 80.
423 2987 625 3024 Sodalitati.
