2164 3535
224 230 307 271 524
431 227 663 272 Einfuhrung
688 228 751 263 der
777 238 894 263 neuen
912 228 954 262 R.
982 232 1024 263 st.
1052 228 1088 262 in
1115 227 1179 263 der
1205 228 1492 264 oberdeutschen
1509 229 1614 265 Prov.
1644 232 1742 266 1834.

225 368 418 411 omnibus
460 368 672 423 materiis,
719 368 847 412 etiam
895 371 1140 414 accessoriis
1188 371 1318 415 totius
1366 373 1464 415 anni
1509 373 1636 415 simul
1683 372 1951 426 computatis.

224 444 340 486 Haec
371 444 654 497 promulgatio
687 444 825 486 locum
858 450 1036 499 occupet
1064 447 1276 489 secundae
1299 447 1611 490 distributionis
1634 448 1953 490 numismatum.

225 545 278 550 -
332 519 516 573 Singulis
560 519 803 574 hujusmodi
848 523 1260 575 promulgationibus
1299 524 1601 577 praemittatur
1632 523 1829 566 solemnis
1863 534 1956 565 aca—

224 594 373 637 demia.
438 594 481 635 Si
523 596 807 649 promulgatio
851 598 1049 640 classium
1092 598 1360 652 superiorum
1404 612 1428 641 a
1470 599 1810 653 promulgatione
1852 597 1953 641 infe-

224 671 383 713 riorum
426 674 602 724 propter
644 671 947 726 discipulorum
981 687 1205 716 numerum
1238 674 1477 728 separanda
1509 674 1584 729 sit,
1627 674 1798 727 utrique
1831 686 1956 716 suum

226 746 471 790 exercitium
503 747 819 800 praemittatur.

366 825 403 875 c)
454 821 660 865 Solemnis
693 823 734 865 in
767 822 848 866 fine
880 825 978 866 anni
1010 826 1296 878 praemiorum
1330 825 1585 868 distributio⁹
1645 825 1765 867 Hanc
1796 837 1846 867 ex
1876 836 1958 866 usu

223 897 440 951 praecedit
471 898 583 940 actio
615 899 779 952 tragica
804 900 867 942 vel
901 900 1073 955 comica,
1107 913 1217 954 quae
1250 902 1284 943 si
1318 901 1472 943 alicubi
1495 914 1577 943 non
1612 901 1653 942 in
1687 913 1768 943 usu
1800 899 1869 955 sit,
1901 899 1958 941 vi-

226 972 392 1028 deatur,
426 975 570 1014 utrum
603 974 694 1027 ejus
726 987 829 1017 usus
863 974 1212 1018 introducendus.
1268 976 1392 1018 Certe
1415 976 1449 1018 si
1482 976 1590 1018 actio
1625 977 1783 1019 comica
1817 975 1956 1029 detur,

223 1048 265 1090 in
298 1049 603 1091 scurrilitatem
635 1062 715 1092 non
750 1050 991 1107 degeneret,
1024 1051 1122 1101 imo,
1155 1052 1189 1094 si
1220 1052 1359 1105 liceat,
1392 1051 1580 1093 tollatur.

362 1124 501 1178 Hujus
534 1125 711 1167 actionis
744 1137 847 1167 cura
877 1126 1083 1168 incumbit
1113 1126 1348 1169 Professori
1380 1126 1519 1181 Rhet„
1553 1127 1625 1180 qui
1657 1139 1749 1169 eam
1781 1125 1954 1168 Rectori

225 1198 421 1242 exhibeat
459 1212 554 1242 mox
595 1204 693 1254 post
732 1201 858 1243 ferias
891 1201 1112 1254 paschales
1145 1202 1488 1257 examinandam,
1533 1215 1581 1244 ac
1612 1214 1817 1256 personas
1850 1203 1957 1244 tem-

224 1287 327 1328 pore
366 1279 603 1329 opportuno
637 1276 868 1318 distribuat
893 1277 1017 1330 juxta
1048 1278 1241 1320 Rectoris
1275 1278 1598 1331 praescriptum,
1662 1277 1869 1320 Rhetores
1904 1277 1957 1319 ob

224 1350 331 1392 hanc
374 1351 581 1393 actionem
616 1364 640 1393 a
674 1351 828 1394 scholis
861 1366 942 1394 non
975 1356 1127 1395 vacent
1159 1357 1257 1396 ante
1289 1353 1414 1395 finem
1447 1354 1642 1396 omnibus
1676 1366 1955 1396 communem.

363 1426 462 1479 Ipsa
494 1427 779 1480 praemiorum
813 1428 1055 1471 distributio
1079 1429 1136 1471 sit
1158 1442 1286 1483 quam
1311 1429 1633 1483 solemnissima,
1666 1429 1781 1471 hinc:
1816 1430 1858 1481 a)
1892 1441 1959 1470 ac·

225 1504 338 1544 tores
380 1503 643 1545 convenienti
685 1507 896 1557 apparatu
939 1504 1133 1546 collocati
1171 1505 1256 1546 sint
1289 1508 1418 1558 atque
1451 1504 1694 1547 excercitati
1727 1504 1781 1546 ad
1814 1503 1954 1546 danda

225 1589 319 1619 cum
352 1576 522 1633 decore,
562 1578 672 1620 sicut
704 1578 898 1632 discipuli
932 1578 985 1621 ad
1018 1579 1263 1633 accipienda
1294 1580 1501 1633 praemia:
1549 1580 1595 1632 b)
1626 1580 1762 1633 ipsam
1796 1579 1958 1632 procla-

224 1652 453 1695 mationem
485 1654 719 1707 praecedat
751 1658 980 1697 concentus
1013 1656 1199 1698 musicus
1232 1656 1453 1709 solemnis,
1485 1656 1558 1709 qui
1590 1656 1758 1698 brevior
1789 1655 1841 1697 ad
1876 1655 1958 1696 sin-

225 1728 325 1781 gula
362 1730 552 1782 praemia
596 1732 840 1783 repetatur:
889 1733 926 1783 c)
960 1731 1335 1784 proclamationem
1376 1735 1604 1774 concentus
1637 1731 1823 1773 musicus
1856 1743 1956 1784 quo-

225 1815 307 1856 que
341 1803 553 1846 claudant.

365 1879 610 1922 Curandum
652 1886 817 1935 autem,
865 1885 912 1924 ut
954 1882 1020 1924 via
1067 1882 1120 1923 ad
1168 1895 1316 1925 scenas
1365 1882 1579 1937 discipulis
1621 1883 1753 1925 facilis
1796 1886 1951 1936 pateat.

227 1954 389 2004 Quodsi
421 1956 516 2008 quis
558 1956 745 2009 praemio
779 1956 1073 1999 donandorum
1108 1958 1268 2011 absque
1300 1971 1429 2001 causa
1460 1959 1629 2000 Rectori
1663 1963 1705 2001 et
1735 1958 1956 2001 Praefecto

227 2030 408 2083 probata
439 2044 521 2072 non
554 2031 688 2087 adest,
720 2033 955 2085 praemium
989 2033 1169 2075 amittat.
1233 2035 1353 2087 (Reg.
1382 2037 1444 2075 11.
1479 2036 1658 2088 praem)

367 2106 514 2147 Altera
547 2119 569 2147 a
602 2107 890 2159 praemiorum
923 2108 1220 2151 distributione
1254 2109 1334 2165 die,
1366 2110 1472 2151 hora
1494 2111 1588 2161 5¹l2,
1624 2109 1862 2152 celebretur
1893 2122 1958 2151 sa-

229 2194 344 2223 crum
378 2181 564 2224 solemne
597 2182 638 2223 in
663 2183 898 2235 gratiarum
924 2184 1146 2240 actionem,
1179 2185 1219 2226 in
1244 2186 1363 2238 cujus
1385 2184 1467 2227 fine
1499 2184 1688 2238 exposito
1723 2184 1811 2227 S1130
1840 2184 1957 2239 hym-

228 2269 307 2297 nus
339 2256 645 2299 Ambrosianus
688 2257 948 2300 decantetur.
1017 2259 1125 2301 Huic
1167 2273 1311 2302 omnes
1351 2259 1617 2302 Professores
1660 2272 1708 2302 ac
1747 2259 1956 2314 discipuli,

227 2334 392 2374 statuta
422 2332 462 2373 111
496 2333 692 2375 absentes
724 2346 873 2387 poena,
906 2335 1114 2377 intersint.
1169 2335 1266 2376 Mox
1298 2348 1323 2376 a
1353 2347 1473 2377 sacro
1506 2335 1702 2377 salutatis
1736 2334 1956 2377 Praefecto

229 2412 272 2449 et
303 2407 547 2461 Magistris‚
581 2409 849 2462 acceptisque
890 2410 1043 2452 litteris
1086 2410 1465 2459 testimonialibus,
1508 2410 1701 2463 discipuli
1743 2410 1958 2452 discedere

227 2487 418 2537 possunt.

366 2559 482 2602 Haec
514 2560 682 2614 valent,
724 2560 894 2613 quando
929 2561 1113 2602 omnium
1155 2561 1398 2604 scholarum
1440 2561 1725 2615 promulgatio
1758 2560 1956 2603 solemnis

230 2634 355 2675 simul
388 2634 446 2676 fit.
510 2636 668 2677 Verum
701 2636 742 2677 111
777 2636 963 2689 Collegio
997 2637 1273 2689 Friburgensi
1311 2638 1363 2679 ob
1404 2638 1606 2691 majorem
1650 2635 1956 2688 discipulorum

231 2721 454 2751 numerum
486 2710 547 2752 ita
579 2711 680 2753 haec
713 2712 959 2754 solemnitas
993 2712 1295 2754 distribuatur:

367 2797 716 2849 Repraesentatio
756 2799 917 2851 primo
961 2799 1137 2841 actionis
1179 2799 1444 2852 germanicae
1485 2803 1526 2840 et
1564 2798 1739 2851 gallicae
1780 2798 1854 2840 fiet
1891 2798 1957 2840 (lie

228 2883 310 2912 non
343 2871 543 2925 impedito
578 2872 689 2913 circa
720 2872 875 2914 festum
911 2874 1222 2927 assumptionis.
1271 2874 1413 2916 Prima
1444 2873 1593 2916 deinde
1616 2873 1683 2914 die
1713 2876 1957 2926 opportuna

229 2948 574 2999 repraesentetur
607 2948 715 2989 actio
749 2960 893 2999 germ..
929 2953 971 2990 ct
1003 2949 1317 2991 distribuantur
1338 2949 1526 3003 praemia
1550 2949 1730 2991 alumnis
1755 2949 1955 2991 classium

228 3034 356 3073 germ.
397 3046 445 3052 —
481 3021 676 3063 Secunda
708 3022 774 3064 die
807 3023 1058 3065 exhibeatur
1091 3025 1199 3066 actio
1232 3024 1401 3082 gallica:
1434 3024 1505 3064 ubi
1530 3023 1698 3065 videtur
1719 3023 1808 3066 fieri
1832 3036 1955 3077 posse

230 3109 324 3138 cum
356 3098 498 3139 fructu
531 3100 571 3139 et
605 3098 753 3151 maJ'ori
788 3098 1015 3153 dignitate,
1048 3100 1371 3152 promulgentur
1402 3099 1528 3141 etiam
1566 3099 1736 3141 nomina
1767 3098 1955 3152 superio-

230 3172 429 3214 ristarum
463 3185 538 3225 pro
573 3175 623 3215 29
657 3174 871 3228 semestri,
911 3174 1087 3226 legendo
1120 3177 1287 3215 tantum
1320 3174 1491 3216 nomina
1521 3175 1681 3227 primae
1714 3174 1879 3222 elassis,
1913 3177 1955 3215 et
