2164 3535
280 221 363 262 560
716 218 942 262 Anordnung
967 218 1030 253 des
1055 219 1107 262 3j.
1135 218 1264 263 philos
1292 218 1434 253 Kursus
1464 221 1561 254 1858.

1025 478 1263 530 Loqioa.

424 596 458 634 1.
507 593 569 634 De
602 593 781 645 Logicae
813 597 992 648 natura,
1025 594 1210 647 objecto,
1249 592 1331 635 fine
1363 596 1404 634 et
1446 592 1687 645 partitione.
1752 593 1867 634 Haec
1910 605 2013 646 quo-

281 681 362 722 que
395 668 601 721 Magister
623 668 700 710 hoc
733 669 822 711 loco
847 669 1032 712 breviter
1054 681 1129 723 pro
1155 668 1409 710 discentium
1431 666 1634 709 facultate
1657 671 1853 723 exponat,
1886 668 2008 719 infra,

281 744 305 785 i.
341 756 375 785 e.
410 744 528 785 initio
562 743 774 786 secundae
805 745 941 798 partis
976 745 1156 797 Logicae
1191 747 1266 786 aut
1299 744 1426 785 etiam
1460 744 1499 785 in
1533 742 1627 792 fine,
1661 743 1732 785 ubi
1765 743 1816 785 de
1838 743 2015 785 scientia

282 819 437 871 agitur,
470 819 597 861 latius
631 819 682 861 de
714 819 862 862 iisdem
897 820 1209 874 disputaturus.

422 896 458 936 2.
508 894 571 936 De
603 894 719 939 idea.
764 895 941 948 ejusque
973 894 1293 949 partitionibus:
1332 893 1402 936 ubi
1435 907 1592 949 genus,
1637 894 1796 947 species
1828 898 1871 936 et
1903 893 2016 936 diffe-
2052 897 2067 913 ·

284 970 432 1021 rentia,
467 970 685 1023 proprium
718 974 761 1012 et
794 971 1004 1024 accidens,
1037 984 1114 1013 nec
1138 983 1219 1012 non
1243 982 1353 1023 quae
1376 971 1615 1023 categoriae
1638 970 1851 1026 dicuntur,
1884 983 2016 1024 quan-

282 1048 373 1088 tum
407 1046 485 1088 hoc
519 1046 610 1088 loco
644 1047 748 1088 satis
782 1050 860 1099 est,
893 1047 1177 1100 explicentur:
1213 1047 1263 1088 de
1295 1046 1403 1099 signi
1439 1046 1609 1088 notione
1642 1050 1684 1088 et
1715 1046 1932 1102 divisione,
1964 1046 2016 1088 de

283 1122 474 1164 terminis
508 1134 740 1176 eorumque
779 1121 1070 1165 affectionibus
1103 1125 1144 1164 61
1176 1121 1502 1176 partitionibus,
1546 1122 1797 1174 praesertim
1841 1122 1892 1163 (16
1927 1121 2016 1163 11111-

283 1198 410 1251 vocis,
442 1198 680 1251 aequivocis
714 1201 755 1240 et
787 1198 990 1251 analogis,
1026 1198 1075 1239 de
1108 1198 1369 1251 simplicibus
1403 1200 1446 1238 et
1470 1196 1715 1250 complexis:
1749 1199 1841 1238 tum
1873 1197 2017 1250 singu-

284 1273 362 1315 lari
396 1272 618 1326 diligentia
651 1274 702 1316 de
734 1273 977 1316 definitione
1009 1277 1052 1315 et
1082 1273 1296 1315 divisione.

424 1350 460 1389 3.
516 1349 576 1390 De
603 1348 750 1402 judicii
785 1353 827 1391 et
858 1349 1160 1402 propositionis
1199 1349 1371 1390 notione
1405 1352 1447 1390 et
1479 1349 1799 1402 partitionibus:
1841 1349 1892 1391 de
1923 1361 2017 1402 pro-

285 1424 539 1477 positionum
575 1425 753 1466 veritate
786 1428 828 1467 et
859 1425 1047 1467 falsitate
1081 1425 1259 1478 aliisque
1292 1424 1650 1478 proprietatibus:
1685 1425 1735 1466 (le
1768 1423 2014 1466 earumdem

287 1500 563 1553 oppositione,
597 1501 926 1554 aequipollentia
958 1504 999 1542 et
1031 1501 1314 1543 conversione.

424 1577 461 1617 4.
514 1576 574 1617 De
607 1576 816 1617 ratiocinii
850 1580 1004 1618 natura
1037 1580 1079 1619 et
1122 1576 1362 1630 principiis,
1405 1576 1455 1617 de
1489 1576 1606 1618 varia
1649 1575 2017 1628 argumentatione

286 1662 333 1691 ac
366 1650 593 1703 praecipue
627 1650 678 1692 de
711 1651 980 1705 syllogismo,
1020 1653 1109 1705 ejus
1143 1655 1364 1693 structura
1396 1655 1438 1693 et
1472 1652 1652 1704 regulis,
1685 1664 1793 1704 quae
1826 1650 2018 1704 singulae

286 1724 504 1766 enucleate
537 1725 829 1778 explicandae:
875 1726 925 1768 de
964 1726 1214 1768 inveniendo
1257 1726 1418 1769 medio:
1463 1726 1513 1768 de
1556 1726 1754 1773 fallaciis;
1797 1726 1847 1767 de
1891 1726 2018 1767 variis

286 1800 518 1853 syllogismi
543 1800 778 1853 speciebus,
813 1801 863 1843 de
887 1801 1132 1844 inductione
1155 1805 1284 1855 atque
1307 1802 1484 1844 caeteris
1509 1801 1835 1855 argumentandi
1857 1801 2015 1843 formis.

426 1878 462 1917 5.
512 1876 574 1918 De
608 1876 981 1919 demonstrationis
1016 1882 1170 1919 natura
1212 1881 1254 1919 et
1298 1878 1535 1931 principiis,
1580 1877 1630 1919 de
1668 1877 1805 1919 medio
1848 1876 2018 1918 demon-

287 1952 533 2003 strationis,
573 1952 624 1994 de
657 1953 748 2005 ejus
780 1953 1028 2006 generiluis,
1061 1953 1309 1995 nominatim
1343 1953 1394 1995 de
1427 1953 1658 2007 analytica,
1691 1952 1928 2006 synthetica
1961 1957 2017 2004 et,

287 2040 396 2080 quae
429 2040 477 2069 ex
512 2031 696 2080 utraque
732 2028 1019 2081 componitur,
1053 2029 1300 2081 regressiva.
1366 2030 1574 2071 Accurate
1615 2029 1742 2070 etiam
1786 2028 2018 2082 explicetur

287 2103 511 2146 methodus
545 2107 586 2145 61
617 2115 766 2144 norma
798 2103 1054 2157 disputandi.

428 2183 464 2220 (5.
516 2179 577 2220 De
610 2191 708 2220 vero
742 2179 977 2232 generatim
1010 2183 1052 2220 et
1085 2179 1135 2219 de
1170 2179 1347 2221 veritate
1380 2179 1515 2232 logica
1559 2179 1599 2220 in
1641 2179 1798 2232 specie:
1841 2191 1941 2220 num
1976 2178 2015 2219 in

288 2268 428 2308 sensu,
463 2267 514 2296 an
549 2255 590 2296 in
623 2255 712 2296 solo
747 2254 962 2296 intellectu
1004 2267 1096 2296 esse
1128 2255 1287 2307 possit,
1330 2267 1430 2295 num
1474 2255 1515 2295 in
1559 2254 1735 2308 simplici
1777 2254 2017 2295 intellectus

289 2329 637 2385 apprehensione,
671 2343 723 2371 an
756 2330 798 2371 in
826 2330 985 2384 judicio
1018 2334 1187 2371 tantum
1220 2330 1470 2383 reperiatur.

432 2407 467 2446 7.
518 2406 579 2447 De
612 2405 875 2458 ignorantia,
919 2405 1206 2458 dubitatione,
1249 2405 1466 2460 opinione,
1509 2406 1809 2458 probabilitate
1842 2406 2018 2459 ejusque

291 2481 494 2534 gradibus
529 2480 726 2531 diversis,
771 2481 822 2523 de
864 2481 1117 2523 certitudine
1157 2485 1199 2523 et
1241 2481 1452 2523 evidentia
1495 2493 1727 2534 earumque
1767 2481 2016 2534 partitione:

291 2569 342 2598 an
376 2556 458 2598 alia
491 2556 574 2598 alia
607 2557 740 2598 maior
772 2569 863 2598 esse
895 2560 1035 2610 queat.
1100 2558 1161 2598 De
1194 2569 1336 2598 errore
1369 2557 1544 2610 ejusque
1575 2556 1775 2598 fontibus.

431 2633 468 2674 8.
519 2632 676 2673 Sensus
708 2632 843 2673 intimi
875 2636 1030 2674 natura
1053 2636 1095 2673 et
1117 2632 1343 2685 partitione
1367 2632 1587 2685 explicata,
1621 2632 1874 2681 declaretur,
1907 2643 2016 2684 quae

290 2721 365 2761 per
405 2721 499 2749 euni
543 2711 659 2749 certa
699 2706 789 2748 fieri
828 2708 1013 2761 possint,
1065 2720 1173 2760 quae
1214 2720 1295 2749 non
1334 2707 1508 2761 possint.
1584 2706 1819 2760 Corporum
1869 2705 2018 2747 deinde

291 2783 514 2825 existentia
561 2786 707 2824 contra
740 2782 963 2825 Idealistas
996 2787 1038 2823 et
1070 2795 1270 2824 sensuum
1305 2787 1573 2824 externorum
1617 2781 1824 2824 veracitas
1866 2784 2016 2822 contra

293 2858 508 2911 Scepticos
541 2858 804 2899 defendatur.

433 2936 469 2973 ί),
522 2933 582 2974 De
614 2933 890 2985 intelligentia
922 2936 964 2974 et
997 2933 1329 2975 ratiocinatione.
1397 2931 1731 2980 Universalibus,
1764 2930 2014 2985 praesertim

293 3009 451 3063 specie,
495 3008 738 3050 accuratius
771 3008 1008 3060 explicatis,
1048 3008 1254 3062 imprimis
1288 3012 1568 3061 conceptuum
1601 3006 1903 3049 universalium
1935 3005 2017 3047 exi-

296 3083 453 3125 stentia
486 3086 719 3135 asseratur,
752 3095 846 3124 mox
867 3083 916 3124 iis
951 3083 1214 3136 objectivam,
1248 3087 1295 3125 ut
1326 3084 1459 3136 ajunt,
1494 3082 1731 3124 realitatem
1764 3081 2019 3135 respondere

295 3158 631 3207 demonstretur,
675 3158 870 3200 refutatis
914 3158 1042 3200 etiam
1074 3160 1146 3212 qui
1189 3159 1320 3201 critici
1363 3158 1753 3200 transcendentales
1798 3157 2016 3207 dicuntum
