2164 3535
631 205 705 240 Das
731 204 862 250 papstl.
890 204 1054 240 Seminar
1079 203 1115 238 in
1140 201 1266 238 Fulda.
1309 201 1406 237 1627.
1797 203 1880 244 293

161 347 316 389 victum
348 345 682 390 necessariarum
714 348 840 388 aucta
871 344 925 387 ad
956 344 1010 385 30
1048 343 1090 386 in
1121 354 1231 385 nova
1261 341 1484 385 erectionis
1522 340 1649 383 Bulla
1687 339 1880 393 redigen-

160 421 260 464 dum
291 434 395 465 esse.

297 497 334 538 2.
378 496 581 538 Alumnos
613 496 827 548 praefatos
859 506 941 536 non
974 506 1023 536 ex
1055 495 1147 536 tota
1178 491 1427 546 Germania,
1460 489 1556 542 sed,
1596 492 1645 531 ut
1677 489 1881 532 hactenus

160 570 392 625 consuevit,
424 583 473 612 ex
503 568 908 623 septentrionalibus
941 568 1032 621 ejiis
1064 566 1311 621 provinciis,
1343 568 1391 608 ut
1422 564 1680 619 Franconia,
1712 563 1881 618 Hassia,

160 644 396 700 Buchonia,
444 643 646 699 Saxonia,
693 643 865 698 Misnia,
912 641 1162 695 Thuringia,
1209 640 1496 696 Brunswigia,
1539 638 1762 682 Westfalia
1803 641 1880 681 cet.

159 719 395 763 evocandos
427 731 531 761 esse.

298 795 336 836 3.
385 793 447 835 Ex
478 792 681 847 praefatis
713 793 768 834 30
801 792 981 834 alumnis
1014 792 1068 833 20
1100 789 1349 843 obligandos
1382 801 1474 832 esse
1505 788 1559 831 ad
1591 790 1881 843 juramentum

159 868 463 924 praestandum
491 869 614 922 juxta
644 867 870 910 formulam
893 880 918 909 a
946 879 978 908 s.
1004 865 1342 919 Congregatione
1364 864 1544 907 alumnis
1566 863 1881 907 Pontificiorum

160 944 441 998 Collegiorum
480 942 804 998 praescriptam;
846 941 1031 995 reliquos
1071 953 1171 983 vero
1211 939 1377 995 decem,
1417 951 1499 981 non
1540 940 1682 981 tamen
1722 939 1881 993 plures,

160 1019 371 1062 nobilibus
403 1022 445 1062 et
476 1018 713 1061 illustribus
744 1017 1007 1072 parentibus,
1051 1016 1180 1059 etiam
1210 1014 1435 1057 haereticis
1478 1016 1593 1056 ortos
1636 1013 1881 1067 (dummodo

158 1095 239 1149 ipsi
271 1094 464 1137 catholici
497 1094 601 1150 sint,
635 1093 699 1135 vel
731 1105 860 1147 quam
891 1092 1076 1146 primum
1108 1090 1227 1141 fiant)
1261 1090 1313 1132 ab
1347 1102 1397 1132 ea
1428 1088 1684 1142 obligatione
1717 1088 1882 1142 dispen-

159 1169 313 1213 sandos
352 1182 444 1212 esse
486 1181 510 1211 a
541 1168 700 1212 Nuntio
732 1167 976 1222 Apostolico
1017 1178 1093 1220 pro
1136 1166 1227 1220 ejus
1270 1164 1499 1219 prudentia
1539 1167 1582 1207 et
1621 1163 1882 1207 authoritate

159 1245 213 1288 ad
241 1245 284 1288 id
316 1245 555 1300 specialiter
585 1244 622 1288 ei
655 1242 922 1287 concedenda
952 1242 994 1284 in
1027 1242 1152 1285 Bulla
1186 1241 1420 1285 erectionis

297 1322 335 1362 4.
384 1319 515 1363 Scuta
556 1321 640 1362 600
681 1319 774 1361 auri
817 1318 868 1362 de
909 1318 1109 1374 Camera,
1152 1329 1261 1371 quae
1303 1315 1617 1358 distribuantur
1656 1314 1709 1356 ad
1750 1314 1885 1357 instar

160 1396 451 1451 eleemosynae
482 1395 746 1438 scholaribus
778 1394 1039 1449 pauperibus
1072 1396 1192 1436 extra
1224 1392 1458 1446 Collegium
1491 1389 1764 1445 degentibus,
1797 1401 1883 1432 ser-

158 1470 297 1513 vanda
337 1483 429 1514 esse
470 1471 524 1514 ad
564 1483 687 1513 usum
727 1482 963 1525 pauperum
1005 1469 1137 1524 ipsius
1171 1468 1345 1522 Collegii
1388 1467 1675 1521 alumnorum,
1717 1465 1789 1519 qui
1830 1465 1884 1508 ad

161 1546 335 1589 titulum
366 1546 577 1589 missionis
610 1546 663 1588 ad
694 1545 1039 1600 presbyteratum
1074 1545 1198 1599 Juxta
1237 1543 1493 1598 praestitum
1534 1541 1576 1583 in
1610 1540 1784 1593 Collegii
1823 1539 1883 1581 in-

159 1633 309 1675 gressu
336 1622 627 1676 juramentum
659 1620 954 1676 promovendi,
986 1620 1052 1662 vel
1084 1619 1211 1662 etiam
1243 1618 1448 1674 promoti,
1480 1616 1607 1659 rebus
1641 1616 1695 1659 ad
1725 1615 1882 1658 victum

159 1697 408 1740 necessariis
440 1696 663 1753 carebunt,
705 1696 836 1739 donec
867 1708 923 1739 sc.
967 1695 1111 1738 studia
1151 1707 1231 1737 sua
1261 1694 1326 1737 vel
1366 1696 1486 1737 extra
1518 1691 1750 1742 Collegium
1791 1703 1883 1744 per-

158 1771 315 1828 ficiant,
346 1772 413 1815 vel
444 1771 535 1815 aliis
567 1771 702 1815 modis
734 1770 1050 1826 provideantur.

297 1848 334 1889 5.
379 1846 496 1898 Quae
527 1860 576 1890 ex
609 1846 731 1889 dictis
762 1845 894 1890 scutis
928 1846 1012 1888 600
1044 1844 1158 1887 ultra
1180 1843 1470 1899 praefatorum
1493 1855 1729 1897 pauperum
1752 1841 1883 1883 alum-

161 1935 314 1965 norum
346 1922 701 1965 sustentationem
733 1924 1004 1977 supererunt,
1037 1919 1253 1974 eroganda
1273 1931 1366 1961 esse
1388 1919 1429 1960 in
1452 1917 1632 1960 alumnis
1656 1917 1746 1960 aliis
1769 1916 1883 1958 ultra

157 2009 381 2040 numerum
412 2000 574 2040 statum
604 1997 646 2039 in
679 1996 886 2051 Collegio,
928 2008 1024 2038 cum
1055 1994 1313 2048 obligatione
1343 1996 1484 2036 tamen
1521 1991 1754 2047 juramenti
1794 2004 1819 2033 a
1849 2004 1880 2033 s.

161 2072 498 2127 Congregatione
530 2072 783 2126 praescripti
814 2070 1076 2125 recipiendis.

298 2149 322 2190 6
385 2147 668 2190 Difficultates
699 2159 776 2189 seu
814 2146 943 2188 dubia
974 2158 999 2188 a
1029 2146 1209 2188 Rectore
1241 2143 1415 2198 Collegii
1448 2143 1686 2198 proposita,
1726 2141 1883 2196 partim

159 2226 207 2264 ut
249 2223 487 2265 communia
532 2222 682 2265 ceteris
724 2221 919 2274 Collegiis
966 2220 1207 2275 recipienda
1253 2232 1365 2275 esse,
1414 2220 1513 2273 quia
1558 2217 1752 2273 pluribus
1794 2219 1883 2271 Jam

159 2297 281 2340 factis
314 2297 613 2352 experimentis
644 2297 786 2340 inania
818 2309 910 2339 esse
939 2299 1201 2350 compertum
1224 2299 1301 2346 est,
1334 2295 1490 2349 partim
1512 2293 1637 2336 Bulla
1658 2293 1881 2336 erectionis

161 2375 204 2415 et
233 2373 390 2427 partim
429 2372 610 2427 denique
651 2372 809 2426 regulis
851 2375 895 2414 et
934 2371 1326 2426 constitutionibus,
1370 2382 1479 2424 quae
1511 2368 1706 2422 Collegiis
1739 2367 1881 2410 Ponti-

159 2447 262 2491 ficiis
295 2448 347 2491 ab
378 2449 471 2502 ipsa
503 2461 533 2491 s.
569 2447 907 2501 Congregatione
938 2445 1301 2501 praescribuntur,
1333 2443 1503 2487 sublata
1534 2455 1637 2486 esse.

300 2531 337 2570 7.
378 2529 435 2571 Et
466 2532 680 2583 postremo
704 2528 872 2571 Bullam
905 2539 1038 2569 novae
1060 2525 1282 2568 erectionis
1303 2525 1429 2579 hujus
1453 2524 1627 2577 Collegii
1649 2526 1691 2567 et
1712 2523 1881 2577 regulas

161 2616 209 2646 ac
240 2603 564 2647 constitutiones
596 2604 723 2659 illius,
755 2602 930 2645 mutatis
953 2601 1183 2657 mutandis,
1216 2599 1498 2654 expediendas
1527 2612 1620 2642 esse
1645 2600 1769 2653 juxta
1800 2599 1883 2641 for-

160 2679 320 2721 mulam
344 2679 565 2722 erectionis
588 2681 631 2721 et
652 2678 897 2732 regularum
921 2689 969 2719 ac
999 2675 1349 2719 constitutionum
1372 2674 1655 2728 Collegiorum
1676 2674 1883 2717 Viennen-

160 2754 232 2809 sis,
264 2754 491 2808 Pragensis
523 2757 566 2797 et
596 2753 763 2808 Illyrici.

302 2978 551 3021 Nachtra
561 2990 600 3032 g.
663 2977 769 3019 Eine
800 2976 970 3019 weitere
1000 2974 1241 3029 Milderung
1281 2977 1367 3017 trat
1400 2974 1466 3017 ein
1498 2973 1632 3016 durch
1663 2972 1730 3015 die
1760 2972 1882 3015 Bulle

163 3053 333 3097 Urbans
355 3053 470 3095 VIII.
536 3052 770 3104 »Quoniam
802 3051 992 3094 divinae«
1026 3063 1122 3092 vom
1162 3051 1228 3092 19.
1259 3048 1493 3092 Dezember
1527 3049 1649 3090 1628.
1709 3047 1758 3089 In
1791 3046 1882 3089 der-

163 3129 307 3172 selben
339 3127 443 3170 wird
474 3141 555 3170 nur
586 3127 653 3170 die
683 3126 825 3170 Halfte
857 3126 932 3169 der
963 3125 1153 3179 adeligen
1184 3125 1393 3167 Alumnen
1426 3125 1517 3178 (15)
1550 3135 1627 3164 zur
1658 3122 1880 3176 Ablegung
