2164 3535
525 200 686 236 Aelteste
714 201 881 236 Statuten
909 200 972 236 des
998 199 1136 235 Wirzb.
1160 199 1445 234 Pr.-Semina'rs.
1486 202 1584 236 1608.
1832 203 1913 244 295

193 351 286 375 anno
315 343 413 381 1608,
440 345 472 378 6.
499 340 732 385 Septembris,
758 344 794 374 et
818 339 952 374 tradila
977 344 1061 375 sunt
1084 350 1150 384 per
1175 340 1254 374 me.‘
1285 358 1330 364 —
1365 337 1434 372 Die
1461 341 1630 382 spateren
1659 337 1826 373 Statuten
1852 339 1914 373 des

191 411 222 444 g.
249 401 284 436 S.
311 400 431 436 finden
458 400 535 435 sich
560 399 618 434 bei
644 399 780 443 Gropp,
807 397 894 439 Coll,
922 407 1000 431 nov.
1017 397 1045 441 I,
1071 407 1106 441 p.
1124 398 1168 432 65
1179 395 1214 430 ff.
1241 395 1498 440 abgedruckt.«

327 458 408 493 Wir
439 456 646 501 iiber-gehen
679 455 736 490 die
769 455 1001 499 Einleitung,
1034 455 1070 489 in
1096 454 1251 489 welcher
1285 453 1349 488 der
1381 452 1638 487 Furstbischof
1658 452 1780 488 Julius
1816 453 1913 488 scine

191 514 355 559 Absicht‚
381 514 450 550 den
477 514 644 549 Trienter
661 513 933 557 Anordnungen
958 513 995 546 in
1021 512 1154 547 betreff
1175 512 1239 546 der
1265 510 1480 556 geistlichen
1508 509 1732 545 Seminarien
1758 511 1914 546 nachzu-

189 572 366 616 kommen,
392 571 464 606 und
489 572 558 606 den
583 571 714 606 Zweck
740 571 840 606 einer
877 570 1023 605 solchen
1048 570 1196 605 Anstalt
1221 569 1445 614 ausspricht,
1479 567 1551 603 und
1578 568 1690 612 geben
1719 568 1830 603 sofort
1856 569 1912 603 die

189 629 614 673 Einzelbestimmungen.

520 848 589 890 De
627 848 788 890 sacris
826 859 913 889 seu
951 846 1120 889 missis
1158 845 1585 889 hebdomadariis.

326 951 512 1005 Singulis
544 951 741 994 sabbathi
772 951 921 993 diebus
954 950 1245 993 sacerdotibus
1268 949 1448 991 alumnis
1471 948 1576 990 hora
1598 949 1912 1002 praescribetur

187 1040 212 1069 a
244 1026 406 1080 collegii
438 1029 610 1080 regente
642 1039 810 1070 sacrum
843 1026 1023 1082 dicendi,
1056 1038 1104 1068 ac
1137 1025 1318 1078 quisque
1348 1025 1415 1065 ter
1446 1023 1665 1065 minimum
1688 1037 1763 1077 per
1785 1026 1911 1078 septi-

185 1114 353 1144 manam
390 1101 521 1144 sacris
564 1102 830 1158 operabitur,
871 1101 1040 1155 saepius
1081 1104 1130 1143 ut
1160 1099 1235 1142 fiat
1265 1099 1388 1141 valde
1420 1098 1665 1152 optandum.
1727 1099 1910 1142 mediam

184 1176 330 1219 horam
378 1176 560 1230 quisque
610 1177 671 1219 rei
718 1176 883 1219 divinae
932 1175 1200 1230 peragendae
1245 1174 1428 1225 tribuet3
1482 1173 1749 1216 tremendum
1800 1174 1909 1216 enim

184 1250 436 1294 sacrificium
468 1254 547 1307 est,
580 1252 694 1305 quod
727 1264 893 1294 omnem
924 1250 1239 1294 festinationem
1271 1248 1457 1291 excludit
1489 1252 1531 1291 et
1561 1248 1718 1302 potius,
1751 1252 1799 1290 ut
1831 1249 1910 1291 rite

183 1326 465 1382 persolvatur,
497 1338 660 1369 moram
692 1340 786 1370 cum
819 1326 985 1369 ardenti
1017 1326 1178 1380 pietate
1210 1323 1402 1378 requirit.
1450 1336 1502 1366 ne
1534 1322 1815 1366 sacrificaturi
1838 1324 1909 1366 diu

183 1414 228 1444 se
261 1404 487 1457 occupent,
520 1401 700 1444 maxime
732 1401 767 1444 si
799 1401 946 1444 novitii
977 1401 1063 1443 sint
1093 1398 1352 1454 presbyteri,
1391 1398 1432 1440 in
1476 1398 1728 1451 quaerendis
1761 1411 1809 1441 ac
1850 1399 1911 1440 in-

183 1476 398 1519 veniendis
430 1476 570 1519 missis
603 1476 867 1530 singulorum
899 1476 1081 1528 dierum,
1115 1476 1218 1518 ordo
1252 1487 1374 1518 sacra
1406 1474 1571 1517 dicendi
1603 1486 1679 1527 per
1711 1474 1909 1528 septima-

187 1564 285 1593 nam
318 1564 342 1594 a
374 1555 547 1605 regente
580 1552 743 1605 collegii
774 1555 1051 1606 componetur
1088 1554 1131 1594 et
1167 1551 1209 1593 in
1250 1551 1390 1604 aliquo
1424 1550 1644 1592 sacristiae
1684 1550 1796 1601 loco,
1838 1550 1910 1592 ubi

183 1626 315 1669 videri
346 1639 394 1669 ac
424 1627 507 1680 legi
537 1627 685 1682 possit,
718 1626 927 1680 affigetur.
980 1630 1022 1669 et
1054 1640 1148 1669 cum
1181 1626 1384 1682 officium,
1417 1625 1530 1679 quod
1562 1627 1762 1681 tractant,
1795 1626 1907 1679 puri-

184 1705 315 1744 tatem
349 1702 443 1756 plus
477 1714 604 1755 quam
637 1702 868 1755 angelicam
901 1702 1110 1755 requirat,
1155 1701 1308 1754 singuli
1353 1701 1388 1743 si
1425 1713 1508 1743 non
1550 1701 1738 1755 saepiUS,
1780 1701 1908 1743 semel

184 1779 325 1819 tamen
357 1776 399 1818 111
429 1776 668 1831 septimana
713 1776 990 1820 conscientias
1033 1789 1132 1819 suas
1174 1776 1434 1819 confessione
1474 1777 1769 1819 sacramentali
1812 1789 1909 1830 pur—

182 1851 356 1907 gabunt,
388 1863 607 1905 nunquam
639 1863 737 1894 vero
770 1851 919 1905 culpae
951 1851 1128 1894 alicuius
1152 1851 1396 1894 mortiferae
1428 1851 1505 1894 sibi
1537 1852 1689 1894 conscii
1712 1851 1765 1893 ad
1789 1863 1906 1892 aram

182 1925 384 1969 accedent
414 1925 716 1982 sacrificaturi,
755 1926 855 1980 quin
897 1926 1014 1979 prius
1057 1925 1171 1979 apud
1210 1926 1473 1968 sacerdotem
1517 1926 1701 1967 animum
1735 1926 1793 1968 sic
1825 1925 1908 1968 foe-

183 2002 331 2044 datum
364 2002 708 2045 emaculaverint.
773 2015 824 2044 ne
864 2001 906 2043 in
938 2001 1295 2056 praelectionibus
1328 2001 1574 2054 theologicis
1616 2000 1907 2043 auscultandis

181 2077 495 2134 impediantur,
536 2077 807 2120 sacerdotum
850 2076 980 2130 aliqui
1012 2079 1110 2119 ante
1142 2076 1309 2118 initium
1346 2075 1608 2131 scholarum,
1649 2076 1806 2118 caeteri
1844 2075 1906 2118 his

182 2152 311 2194 finitis
345 2152 632 2195 celebrabunt.
689 2152 865 2205 Signum
898 2151 951 2194 ad
982 2152 1164 2205 primum
1198 2164 1367 2194 sacrum
1400 2151 1571 2194 dabitur
1603 2151 1742 2193 media
1773 2155 1905 2205 sexta,

184 2228 238 2270 ad
269 2228 503 2271 secundum
534 2227 639 2270 hora
673 2231 811 2284 sexta,
844 2231 1031 2283 caetera,
1064 2240 1173 2281 quae
1205 2230 1438 2280 supersunt
1468 2240 1610 2281 sacra,
1643 2227 1747 2269 hora
1778 2240 1902 2281 nona,

182 2302 282 2345 dum
314 2303 554 2346 scholarum
585 2302 692 2353 finis,
725 2302 918 2345 dicentur
950 2303 1003 2344 ad
1035 2302 1239 2345 decimam
1272 2314 1418 2356 usque.

858 2567 931 2609 De
968 2567 1233 2620 vesperis.

323 2676 541 2719 Sabbatho
575 2676 759 2718 cuiusvis
793 2675 1053 2729 septimanae
1084 2675 1212 2717 tertia
1243 2673 1360 2729 hora,
1393 2673 1579 2716 secunda
1610 2678 1752 2716 autem
1785 2673 1902 2716 festis

183 2765 232 2795 ac
266 2752 484 2795 dominicis
517 2751 666 2794 diebus
698 2763 902 2805 vesperae
934 2750 1233 2792 cantabuntur.
1283 2749 1337 2791 ad
1359 2762 1430 2791 eas
1454 2762 1549 2792 cum
1572 2749 1902 2791 conveniendum

186 2839 417 2880 campanae
448 2827 566 2880 signo
599 2825 916 2879 significabitur.
965 2837 1047 2878 quo
1079 2824 1223 2867 audito
1256 2825 1415 2867 alumni
1447 2825 1553 2867 citra
1582 2837 1742 2867 moram
1776 2825 1903 2867 eccle-

182 2901 287 2943 siam
335 2901 515 2955 ingressi
567 2903 609 2943 et
659 2900 974 2955 superpelliceis
1014 2899 1151 2942 induti
1192 2899 1392 2943 inferiora
1438 2901 1479 2942 in
1528 2900 1654 2942 choro
1702 2900 1903 2942 subsellia

184 2975 405 3018 ordinibus
428 2976 559 3018 sacris
582 2989 656 3019 seu
678 2976 911 3027 maioribus
943 2975 1111 3031 initiati,
1143 2976 1297 3018 caeteri
1320 2979 1461 3017 autem
1485 2987 1656 3017 scamna
1678 2975 1901 3016 humiliora

184 3049 241 3092 ibi
274 3049 419 3092 ordine
450 3050 587 3104 posita
619 3050 887 3103 occupabunt
925 3053 966 3092 et
1004 3062 1080 3103 pro
1117 3051 1319 3103 temporis
1352 3050 1559 3103 officiique
1598 3050 1760 3091 ratione
1792 3062 1901 3091 nunc

187 3124 414 3180 sedebunt,
453 3137 563 3167 nunc
594 3125 791 3181 stabunt,
830 3137 938 3167 nunc
971 3137 1109 3177 genua
1138 3124 1308 3167 flectent
1340 3125 1561 3177 omniaque
1600 3124 1680 3166 alia
1714 3128 1902 3177 praesta-
