2164 3535
482 252 584 288 Neue
611 252 974 295 Studienvorschlage
1000 251 1064 286 der
1088 250 1286 286 deutschen
1312 250 1465 285 Provinz
1495 252 1591 285 1830.
1809 252 1891 292 443

177 405 258 434 non
292 392 474 446 possint,
508 392 560 434 ab
592 392 692 444 ipsis
724 391 852 433 initiis
886 391 965 433 rite
997 391 1175 433 latinum
1208 389 1430 432 addiscant
1460 392 1502 431 et
1529 388 1737 442 judicium
1769 388 1894 430 simul

179 468 417 517 informent,
451 467 549 508 dum
573 467 797 517 genuinam
821 466 1044 508 verborum
1076 466 1237 519 copiam
1261 478 1309 507 ac
1331 464 1635 518 proprietatem
1658 462 1892 505 addiscunt.

180 542 428 584 Thematuin
462 540 703 595 hujusmodi
735 540 963 594 specimina
995 553 1135 583 coram
1168 540 1354 582 exhiberi
1386 541 1598 593 poterunt.

417 850 638 915 Regulae
680 849 981 897 professoris
1022 849 1224 898 infimae
1264 850 1654 899 Grammaticae.

313 989 384 1031 Ad
417 1000 514 1040 reg.
552 990 586 1029 1.
640 987 807 1029 Author
838 987 997 1029 latinus
1029 988 1070 1028 in
1103 987 1298 1029 omnibus
1329 989 1416 1030 fere
1450 988 1645 1040 Collegiis
1675 988 1899 1043 Cisalpinis

178 1078 254 1119 pro
286 1063 503 1118 superiore
535 1063 680 1104 ordine
712 1063 836 1116 hujus
869 1062 1037 1105 scholae
1069 1062 1283 1103 adhibitus
1316 1065 1381 1104 est
1404 1062 1623 1104 Cornelius
1646 1063 1801 1119 Nepos,
1835 1064 1900 1105 cui

176 1140 348 1194 adjungi
386 1145 560 1192 possent
602 1138 820 1180 Phaedrus
863 1141 907 1179 et
944 1137 1133 1179 faciliora
1174 1141 1370 1191 excerpta
1419 1150 1468 1180 ex
1509 1137 1720 1180 Cicerone.
1792 1139 1900 1180 Nam

177 1215 288 1257 circa
319 1215 409 1267 ejus
442 1213 643 1267 epistolas
681 1213 793 1255 idem
827 1213 1051 1255 dicendum
1091 1213 1296 1262 occurrit,
1337 1212 1450 1266 quod
1489 1226 1620 1266 supra
1660 1213 1713 1254 ad
1756 1226 1840 1266 reg.
1878 1215 1895 1254 1

177 1290 289 1332 Prof.
325 1289 513 1331 Gramm.
547 1288 722 1331 mediae.
790 1314 838 1319 —-
903 1289 986 1330 Pro
1018 1288 1215 1330 inferiore
1256 1287 1402 1330 ordine
1446 1288 1601 1330 author
1640 1288 1797 1330 latinus
1838 1291 1902 1331 est

178 1365 409 1418 Epitome
439 1364 694 1406 historiae
724 1376 913 1406 sacrae.

317 1439 386 1481 Ad
418 1452 517 1492 reg.
550 1439 587 1480 2.
650 1439 713 1481 De
746 1438 949 1481 divisione
979 1439 1182 1492 temporis
1213 1438 1339 1491 idem,
1371 1438 1485 1491 quod
1517 1451 1648 1492 supra
1678 1438 1732 1480 ad
1764 1450 1849 1491 reg.
1877 1439 1901 1480 2

176 1515 287 1557 Prof.
328 1514 450 1556 Rhet.
515 1539 565 1544 -
628 1513 711 1556 Est
742 1516 882 1555 tamen
916 1513 987 1568 qui
1018 1513 1159 1569 vellet,
1191 1516 1240 1555 ut
1271 1513 1325 1555 ad
1356 1513 1463 1555 hanc
1504 1513 1690 1556 scholam
1725 1514 1902 1567 juvenes

180 1592 490 1644 praeparentur
521 1589 709 1640 biennio,
752 1601 835 1643 quo
869 1588 1117 1630 erudientur
1145 1589 1186 1630 in
1224 1588 1370 1641 lingua
1401 1588 1648 1644 vernacula,
1689 1590 1732 1630 et
1761 1587 1903 1630 Arith-

179 1665 388 1717 meticam,
420 1664 676 1706 Historicam
708 1667 751 1705 et
773 1662 1086 1716 Geographiam
1117 1663 1453 1717 praelibarent.¹)
1511 1663 1672 1714 Quibus
1707 1662 1900 1705 omnibus

178 1740 257 1781 rite
290 1739 486 1795 peractis,
520 1739 694 1780 dubium
726 1751 808 1780 non
838 1741 915 1791 est,
947 1739 1047 1793 quin
1070 1738 1203 1780 altero
1227 1752 1336 1780 anno
1359 1738 1691 1780 Grammaticam
1714 1737 1900 1780 infimam

179 1814 395 1856 absolvere
428 1814 610 1867 possint3
643 1816 687 1854 et
717 1813 794 1855 hac
827 1814 990 1856 ratione
1022 1813 1250 1866 perfectius
1282 1814 1473 1869 latinam,
1506 1825 1701 1867 graecam
1734 1825 1782 1855 ac
1812 1826 1902 1855 ver-

179 1889 373 1931 naculam
412 1889 600 1941 linguam
644 1888 931 1944 addiscerent,
974 1888 1244 1942 paucioribus
1284 1889 1443 1931 scilicet
1483 1888 1672 1930 materiis
1715 1888 1900 1930 distenti.

180 1964 456 2006 Arithmetica
488 1976 607 2019 vero,
649 1964 839 2005 Historia
882 1976 929 2005 ac
962 1963 1232 2017 Geographia
1265 1963 1413 2006 diebus
1455 1963 1685 2005 vacationis
1724 1963 1765 2005 in
1799 1964 1904 2005 Aca-

179 2040 324 2082 demiis
356 2038 533 2093 privatis
573 2039 873 2081 recolerentur.
910 2064 959 2068 -—
996 2039 1079 2080 Sed
1112 2043 1260 2080 contra
1293 2042 1357 2080 est
1388 2038 1501 2093 quod
1534 2038 1587 2080 ad
1620 2051 1703 2091 reg.
1731 2040 1780 2080 21
1817 2039 1900 2092 §L

178 2116 299 2157 Prov.
334 2118 583 2156 annotatum
608 2118 684 2157 est.
734 2114 932 2157 Ceterum
954 2113 1172 2157 Praefecto
1198 2114 1437 2156 studiorum
1469 2114 1714 2156 inferiorum
1743 2114 1902 2167 injungi

179 2192 333 2244 potest,
365 2192 414 2230 ut
444 2201 637 2230 severum
660 2202 705 2231 se
727 2189 924 2231 exhibeat
945 2190 986 2230 in
1011 2189 1272 2231 admittendo
1300 2189 1353 2230 ad
1376 2189 1695 2241 grammaticam
1716 2187 1902 2230 infimam

182 2268 225 2306 et
256 2275 548 2319 quemcunque
588 2264 769 2318 rejiciat,
812 2265 884 2318 qui
916 2264 1185 2306 vernaculam
1227 2264 1415 2317 linguam
1455 2264 1573 2317 prius
1615 2276 1697 2305 non
1740 2262 1901 2304 addidi-

180 2339 295 2383 cerit.

316 2414 387 2455 Ad
420 2426 516 2467 reg.
551 2414 588 2455 3.
651 2413 713 2454 De
745 2413 908 2455 ratione
940 2412 1175 2466 corrigendi
1207 2413 1333 2469 idem,
1365 2413 1479 2468 quod
1511 2426 1641 2466 supra
1672 2413 1726 2455 ad
1757 2425 1842 2466 reg.
1876 2414 1901 2454 4

179 2490 289 2531 Prof.
324 2489 445 2531 Rhet.
479 2492 522 2530 et
553 2501 638 2542 reg.
674 2490 843 2530 21—24
876 2488 1033 2530 Comm.
1069 2488 1200 2530 Class.
1234 2487 1303 2529 inf.

315 2564 386 2606 Ad
419 2577 518 2617 reg.
554 2567 590 2605 7.
654 2564 775 2606 Circa
807 2566 1104 2616 argumentum
1137 2563 1347 2605 scribendi
1378 2563 1509 2619 idem,
1541 2562 1654 2618 quod
1687 2575 1817 2616 supra
1849 2561 1902 2603 ad

180 2652 263 2692 reg,
290 2641 312 2679 7
347 2640 458 2680 Prof.
488 2639 596 2681 med.
621 2639 807 2681 Gramm.
844 2663 893 2669 -—-
929 2639 1172 2692 Optandum
1195 2651 1377 2694 quoque,
1409 2641 1458 2680 ut
1488 2638 1530 2680 in
1553 2642 1734 2693 utroque
1756 2637 1901 2679 ordine

181 2714 307 2768 hujus
340 2714 507 2756 scholae
543 2715 690 2757 crebro
723 2727 770 2756 ac
813 2714 958 2756 sedulo
1003 2717 1278 2756 exerceantur
1319 2714 1477 2756 alumni
1518 2714 1558 2755 in
1602 2712 1902 2767 orthographia

182 2790 352 2843 linguae
391 2790 659 2844 vernaculae,
709 2792 758 2831 ut
793 2790 835 2830 in
876 2789 1096 2831 altioribus
1137 2789 1341 2831 classibus
1380 2789 1608 2831 tradantur
1648 2788 1901 2843 quandoque

183 2864 340 2906 dictata
385 2865 555 2921 vitiosa,
603 2865 644 2906 in
686 2864 839 2919 quibus
883 2864 1096 2917 corrigant
1139 2863 1332 2918 discipuli
1375 2867 1467 2906 tum
1499 2863 1767 2906 soloecismos
1810 2864 1898 2903 tum

181 2938 478 2982 barbarismos.

323 3079 348 3119 ¹)
374 3077 442 3111 Wo
469 3081 551 3120 gnte
570 3076 931 3111 Elementarschulen
958 3076 1049 3121 sind,
1076 3076 1147 3111 und
1174 3076 1230 3111 die
1250 3076 1401 3111 Knaben
1421 3076 1522 3110 nicht
1540 3086 1582 3109 zu
1609 3074 1692 3108 fruh
1709 3084 1773 3108 ans
1792 3073 1898 3118 Gym-

186 3135 327 3169 nasium
354 3135 627 3179 aufgenommen
653 3135 806 3179 werden,
833 3135 880 3169 ist
904 3134 962 3168 fur
988 3135 1046 3168 all'
1073 3134 1149 3169 dies
1176 3138 1395 3177 vorgesorgt.
1440 3134 1555 3168 Unser
1581 3132 1730 3166 Referat
1755 3136 1899 3167 stammt

182 3202 247 3227 aus
273 3192 336 3227 der
363 3192 521 3227 Schweiz
549 3193 620 3227 und
646 3193 725 3228 dem
750 3193 863 3227 Jahre
893 3195 990 3228 1830.
