2164 3535
293 241 347 281 42
843 235 1145 271 Oberrheinische
1171 235 1475 270 Klassenbucher.

431 379 468 420 4.
500 378 549 420 R.
582 378 628 419 P.
658 381 663 430 Ι
697 377 847 419 Jacobi
880 380 886 429 Ι
920 376 1101 419 Pontani
1128 378 1134 428 Ι
1162 388 1184 418 e
1216 374 1258 417 S.
1292 375 1331 417 J.
1361 377 1368 427 Ι
1401 375 1781 430 Progymnasmata
1813 408 1821 416 .
1857 409 1864 416 .
1901 388 2028 429 quae-

295 453 392 495 dam
420 455 426 505 Ι
454 466 503 495 ex
534 452 688 495 volum.
714 454 737 494 2
761 486 770 494 .
797 485 804 492 .
831 486 838 493 .
864 465 940 506 pro
973 451 1183 506 Suprema
1205 450 1380 493 Gramm
1405 483 1414 491 .
1439 483 1447 492 .
1475 484 1482 492 .
1508 459 1551 494 ut
1581 468 1718 505 supra
1739 481 1749 492 .
1774 484 1781 492 .
1810 452 1932 506 1731,
1965 452 2026 494 8⁰.

295 541 364 583 pp.
390 530 455 570 94.

431 605 469 645 5.
502 603 641 645 Publii
668 605 673 654 Ι
703 602 840 644 Ovidii
867 604 872 654 Ι
901 601 1083 643 Nasonis
1112 604 1116 652 Ι
1145 601 1208 643 De
1247 601 1381 643 Ponto
1410 602 1414 655 Ι
1444 601 1533 643 Lib.
1577 601 1811 644 Secundus.
1841 605 1846 651 Ι
1881 603 2029 644 Fasto-

293 693 387 721 rum
420 679 509 721 Lib.
535 678 774 727 Secundus;
809 677 973 730 Virgilii
997 677 1207 719 Aeneidos
1230 677 1320 719 Lib.
1346 677 1534 731 quintus.
1583 677 1666 719 Pro
1689 676 1813 731 Supr.
1840 677 2026 720 Gramm.

293 788 301 796 .
327 787 334 795 .
362 787 368 795 .
394 754 454 796 Ib.
491 755 614 805 1731,
647 754 712 795 8⁰.
748 766 815 807 pp.
841 754 909 795 86.

431 831 467 871 6.
503 829 652 871 Jacobi
684 828 876 871 Gretseri
904 832 908 881 Ι
937 828 978 870 S.
1002 829 1041 871 J.
1071 832 1076 881 Ι
1104 829 1427 871 Institutionum
1457 831 1461 881 Ι
1490 829 1680 882 Linguae
1713 827 1902 871 Graecae
1929 832 1934 882 Ι
1962 830 2030 872 Li-

293 906 367 948 ber
398 905 567 947 Primus
595 907 600 957 Ι
629 905 691 946 De
725 904 829 946 Octo
863 904 1062 946 Partibus
1090 906 1095 956 Ι
1125 904 1351 945 Orationis.
1382 905 1386 955 Ι
1414 904 1496 946 Pro
1521 903 1645 957 Supr.
1670 902 1858 945 Gramm.
1889 909 1893 955 Ι
1922 903 2028 946 Cum

292 981 435 1023 Indice
467 980 803 1023 Graeco-Latino
828 1013 836 1021 .
863 1013 870 1020 .
896 1012 905 1020 .
930 980 1027 1022 ibid.
1065 981 1195 1028 1703,
1228 981 1290 1021 80.
1324 992 1393 1033 pp.
1417 980 1520 1029 244,
1553 991 1639 1032 seq.
1673 979 1803 1022 Index
1836 979 2030 1022 Vocabu-

294 1057 431 1099 lorum
464 1069 495 1099 s.
529 1070 568 1110 p.

431 1134 467 1173 7.
504 1132 682 1185 Agapeti
720 1134 724 1183 Ι
758 1131 933 1173 Diaconi
966 1133 971 1183 Ι
1007 1130 1283 1172 Paraenetica
1317 1132 1321 1181 Ι
1349 1129 1415 1171 Ad
1447 1129 1736 1172 Justinianum
1764 1132 1768 1182 Ι
1797 1130 2030 1183 Imperato-

292 1221 381 1250 rem
410 1210 415 1259 Ι
442 1207 483 1249 in
522 1219 647 1249 usum
686 1210 737 1249 st.
766 1207 843 1260 J'uv
869 1240 872 1246 .
903 1206 1015 1248 .Pro
1046 1205 1171 1261 Supr.
1208 1205 1383 1248 Gramm
1413 1238 1421 1246 .
1453 1237 1462 1246 .
1493 1238 1501 1246 .
1530 1204 1585 1247 ib.
1612 1206 1742 1261 1731,
1776 1205 1839 1246 8⁰.
1878 1218 1948 1259 pp.
1976 1206 2028 1247 16

291 1284 467 1337 engsten
498 1283 683 1325 Drucks.

431 1359 469 1400 8.
503 1357 645 1401 Canisi
676 1357 846 1400 Catech.
883 1366 929 1402 ut
958 1375 1108 1412 supra.

430 1455 558 1490 Dieses
584 1455 837 1490 Klassenbuch
869 1453 933 1489 der
960 1454 1097 1500 Syntax
1128 1454 1186 1490 fur
1221 1455 1278 1490 die
1305 1455 1445 1490 oberrh.
1473 1455 1625 1490 Provinz
1661 1465 1811 1499 gewann
1838 1454 1886 1489 im
1912 1454 2027 1490 Jahre

296 1515 384 1549 1750
414 1512 528 1548 durch
559 1512 599 1547 P.
631 1513 851 1548 Hermann
885 1511 1144 1556 Goldhagen
1187 1512 1322 1556 (Mainz
1358 1515 1461 1558 1718,
1499 1514 1602 1558 1735,
1632 1513 1735 1555 1794)
1766 1512 1823 1548 die
1855 1512 2024 1557 folgende

294 1571 449 1607 Gestalt:

432 1660 802 1702 Institutiones
831 1663 835 1712 Ι
864 1660 1090 1713 Linguae
1122 1660 1338 1702 Latinae
1365 1662 1370 1711 Ι
1398 1660 1463 1702 Et
1494 1659 1719 1702 Graecae
1747 1664 1751 1710 Ι
1779 1659 1876 1701 Pro
1905 1662 1910 1712 Ι
1939 1659 2030 1702 Su-

293 1750 464 1792 prema
505 1736 874 1778 Grammaticos
903 1738 907 1787 Ι
936 1735 1001 1777 Ad
1038 1735 1242 1777 Normam
1270 1738 1275 1787 Ι
1310 1736 1598 1777 Emmanuelis
1639 1735 1781 1777 Alvari
1809 1737 1814 1787 Ι
1843 1735 1899 1777 Et
1925 1737 1930 1788 Ι
1958 1735 2031 1777 Ja-

297 1812 388 1854 cobi
411 1811 600 1854 Gretseri
628 1814 632 1862 Ι
662 1811 701 1852 S.
728 1811 766 1852 J.
798 1815 801 1863 Ι
831 1825 852 1853 e
881 1811 1260 1865 praestantissimis
1293 1811 1516 1864 utriusque
1548 1810 1717 1863 linguae
1749 1810 2028 1863 scriptoribus

295 1888 336 1930 in
369 1901 493 1929 usum
526 1886 777 1928 Scholarum
809 1887 1053 1928 Provinciae
1087 1886 1128 1928 S.
1153 1886 1191 1927 J.
1218 1885 1271 1927 ad
1294 1886 1489 1928 Rhenum
1513 1884 1783 1938 Superiorem
1807 1918 1814 1926 .
1842 1919 1849 1927 .
1876 1917 1884 1925 .
1908 1885 2029 1927 ador-

293 1966 419 2005 natae
443 1997 449 2003 .
476 1995 484 2004 .
509 1962 613 2004 Cum
646 1962 755 2004 Priv.
792 1962 831 2003 S.
858 1962 900 2004 C.
928 1961 983 2002 M.
1020 1966 1062 2003 et
1096 1963 1190 2003 Fac.
1218 1961 1318 2015 Sup.
1345 1961 1618 2013 Mannhemii,
1652 1974 1700 2003 ex
1722 1961 2028 2016 Typographeo

298 2037 701 2080 Electorali-Aulico
745 2036 858 2090 apud
900 2037 1031 2079 Nicol.
1065 2037 1242 2079 Pierron
1285 2039 1416 2086 1752,
1456 2037 1518 2079 80.
1560 2049 1629 2090 pp.
1662 2038 1712 2078 16
1756 2037 2027 2091 (Praefati0);

296 2115 400 2163 4963
434 2114 509 2161 803
544 2115 609 2154 24.
654 2137 703 2142 -—
744 2112 822 2153 Die
854 2111 1040 2165 Approb.
1076 2111 1150 2153 des
1183 2112 1305 2153 Prov.
1340 2112 1510 2164 Kaspar
1540 2111 1661 2153 Hoch
1692 2124 1787 2153 vom
1820 2113 1886 2153 28.
1910 2112 2029 2166 April

299 2189 422 2241 1750,
456 2189 530 2230 das
563 2188 676 2230 Kais.
712 2187 850 2229 Privil.
887 2199 981 2228 vom
1018 2190 1080 2228 11.
1105 2187 1212 2240 Aug.
1250 2189 1373 2228 1750.
1409 2212 1457 2217 —
1502 2187 1588 2229 Das
1622 2187 1754 2229 Werk
1787 2187 1954 2229 zerfallt
1985 2187 2027 2229 in

296 2265 387 2306 eine
409 2264 513 2305 Pars
547 2263 731 2305 didactia
763 2262 849 2304 und
881 2263 1157 2317 gymnastica,
1192 2275 1311 2304 wozu
1344 2262 1523 2304 drittens
1548 2262 1623 2305 das
1647 2261 1916 2305 Griechische
1941 2262 2027 2304 und

299 2340 481 2381 viertens
514 2339 587 2380 der
620 2337 867 2380 Kanisische
898 2337 1197 2379 Katechismus
1232 2338 1440 2379 kommen.

437 2417 471 2456 1.
504 2414 626 2455 Pars
660 2414 827 2454 Prima
859 2412 1102 2466 (didactica)
1136 2413 1187 2455 de
1211 2413 1386 2467 Syntaxi
1416 2414 1603 2467 Linguae
1625 2413 1818 2467 Latinae,
1852 2412 1903 2455 de
1936 2416 2027 2455 arte

297 2491 515 2544 epistolari
547 2492 589 2532 et
620 2492 711 2532 arte
742 2490 930 2531 metrica.

435 2570 475 2619 a)
509 2565 704 2620 Syntaxis
736 2564 844 2607 nach
877 2564 1071 2606 Alvaraz'
1105 2567 1141 2606 2.
1169 2564 1309 2620 Buch,
1350 2578 1389 2619 p.
1417 2566 1576 2615 1—863
1612 2564 1809 2619 Syntaxis
1842 2563 2027 2617 figurata

297 2656 335 2696 p.
363 2643 544 2683 86-95.

434 2716 651 2770 Appendix
688 2719 722 2757 1.
772 2717 834 2758 De
866 2715 1069 2770 puritate,
1102 2715 1375 2769 proprietate,
1409 2715 1619 2768 elegantia
1648 2718 1689 2757 et
1711 2714 1830 2768 copia
1852 2714 2025 2767 linguae

300 2791 456 2833 latinae
487 2791 576 2843 (lat.
611 2790 808 2844 Stilistik)
841 2805 878 2844 p.
904 2791 1114 2832 95—149.

436 2866 657 2920 Appendix
691 2868 727 2907 2.
784 2866 843 2907 De
873 2866 1044 2918 linguae
1077 2866 1149 2907 lat.
1184 2865 1357 2917 adagiis.
1421 2866 1542 2907 Danu
1566 2866 1704 2907 Forts.
1739 2865 1813 2907 der
1844 2864 2024 2907 Stilistik

303 2943 373 2991 (de
406 2943 541 2997 copia)
574 2943 637 2985 bis
669 2944 826 2996 p..173.

440 3019 483 3069 b)
516 3018 579 3059 De
611 3018 773 3059 ratione
806 3017 1095 3059 conscribendi
1128 3017 1341 3073 epistolas,
1374 3030 1411 3070 p.
1440 3018 1675 3058 173-222,

441 3098 478 3145 c)
511 3093 729 3147 Prosodia,
761 3105 860 3147 pars
896 3096 945 3134 1²}
974 3093 1169 3136 Poeticae
1201 3093 1335 3134 Emm.
1368 3091 1510 3134 Alvari
1542 3091 1648 3134 liber
1679 3091 1845 3146 tertius,
1877 3103 1915 3144 p.
1941 3089 2022 3132 223

304 3170 455 3210 —280
