2164 3535
774 225 1002 261 Schriftliche
1029 225 1238 268 Uebungen.
1808 226 1857 265 91

150 368 450 412 conscribenda
482 367 538 410 sit
559 370 601 410 et
620 367 969 421 interpungenda.
1019 365 1188 419 Aliquid
1210 378 1309 407 vero
1330 364 1714 407 extraordinarium
1737 363 1863 406 solito

149 444 328 498 amplius
361 443 734 497 praescribendum
765 446 843 497 est,
877 455 970 484 cum
1003 442 1144 495 plures
1176 440 1263 482 dies
1288 440 1403 482 Festi
1436 439 1640 493 incidunt,
1673 439 1737 481 vel
1769 452 1864 481 cum

149 519 408 574 vacationes,
451 523 541 561 tum
582 519 762 572 majores
803 521 894 559 tum
936 517 1140 571 minores,
1181 515 1438 558 indicuntur.
1501 515 1618 567 (Reg.
1643 515 1698 556 30
1730 514 1863 566 Com.)

149 593 231 637 Sed
277 595 365 648 Jam
417 594 605 647 singulas
652 593 824 646 regulae
869 596 1012 645 partes
1060 591 1235 634 totidem
1283 590 1561 644 paragraphis
1608 602 1865 644 exponamus

149 682 339 712 seorsum
378 672 421 711 et
461 681 570 722 quae
611 668 703 710 aliis
744 681 793 710 ex
838 668 939 710 locis
981 667 1035 709 ad
1074 678 1417 721 unamquamque
1461 678 1607 707 earum
1654 664 1867 719 pertinent

149 744 274 786 simul
305 755 575 797 exequamur.

613 938 849 988 Dictandi
887 939 1169 1005 argumenti
1208 937 1401 987 modus.

287 1055 506 1097 Scribendi
538 1057 834 1106 argumentum
867 1067 947 1096 non
981 1054 1223 1096 dictandum
1247 1067 1295 1095 ex
1319 1058 1520 1107 tempore,
1555 1053 1629 1095 sed
1664 1053 1866 1095 meditato

149 1135 191 1173 et
221 1131 307 1173 fere
339 1130 389 1172 de
421 1130 591 1183 scripto.
654 1130 711 1170 Et
741 1129 909 1182 quidem
954 1132 1044 1170 tum
1084 1130 1236 1171 Latina
1275 1130 1419 1182 lingua
1460 1133 1548 1170 tum
1592 1129 1730 1181 patria
1769 1129 1868 1170 scri-

147 1205 330 1248 bendum
361 1208 485 1258 esset,
516 1205 588 1247 ubi
621 1204 805 1246 dictatur
837 1204 890 1247 ad
923 1205 1110 1247 verbum.
1171 1205 1256 1257 (Ita
1287 1205 1386 1257 Reg.
1422 1204 1509 1255 cit.)
1553 1204 1690 1246 Curae
1722 1207 1867 1244 autem

147 1282 227 1324 erit
257 1293 339 1322 non
371 1279 494 1321 modo
527 1280 686 1331 Latini,
719 1293 865 1321 verum
897 1280 1023 1321 etiam
1055 1280 1212 1333 patrii
1244 1279 1491 1321 sermonis
1524 1279 1662 1320 nitor
1693 1282 1741 1320 et
1772 1278 1869 1319 ele-

147 1356 331 1409 gantia.
396 1354 559 1407 (Sacch.
600 1355 642 1396 in
681 1355 854 1397 Paraen.
888 1367 920 1397 c.
948 1357 969 1396 7
994 1369 1031 1396 n.
1059 1357 1080 1396 7
1114 1357 1156 1397 et
1182 1356 1271 1397 Iuv.
1304 1355 1355 1396 de
1384 1355 1476 1396 Rat.
1511 1354 1610 1396 disc.
1642 1366 1671 1395 c.
1703 1356 1718 1394 1
1749 1365 1783 1394 a.
1809 1354 1867 1404 3.)

148 1431 203 1473 At
238 1431 417 1472 maxime
455 1430 640 1472 omnium
683 1430 940 1485 curandum,
984 1433 1031 1471 ut
1071 1434 1368 1483 argumentum
1410 1429 1549 1482 ipsum
1587 1429 1641 1471 sit
1682 1428 1868 1482 planum,

147 1505 415 1560 perspicuum
448 1505 896 1559 accommodatumque
928 1506 981 1547 ad
1021 1505 1201 1559 gradum
1234 1505 1410 1547 Scholae
1449 1508 1577 1558 atque
1615 1503 1667 1545 ad
1700 1506 1869 1557 captum

148 1583 190 1622 et
220 1581 455 1634 profectum
488 1581 805 1635 discipulorum,
836 1581 878 1622 in
911 1581 1212 1633 grammaticae
1245 1580 1495 1634 praesertim
1519 1579 1755 1629 Classibus;
1789 1591 1870 1620 non

148 1655 351 1708 prolixius
378 1656 518 1709 justo:
551 1668 633 1696 non
667 1656 932 1698 abstrusum:
967 1669 1047 1698 non
1081 1655 1284 1699 refertum
1306 1655 1539 1709 peregrinis
1562 1655 1755 1697 vocibus:
1789 1666 1869 1695 non

149 1728 380 1772 difficiliore
419 1730 643 1772 verborum
684 1744 792 1772 nexu
834 1731 1104 1785 implicitum:
1146 1744 1228 1773 non
1277 1731 1464 1784 operosis
1508 1730 1872 1773 constructionum

148 1803 332 1857 periodis
355 1817 402 1846 ac
425 1805 553 1846 veluti
577 1805 829 1859 labyrinthis
852 1806 1117 1847 intricatum:
1140 1818 1223 1848 non
1247 1806 1445 1859 captiosis
1468 1806 1565 1848 ullis
1588 1805 1638 1847 de
1661 1804 1872 1847 industria

148 1879 372 1921 tendiculis
406 1879 695 1933 decipulisque
726 1880 997 1934 impeditum:
1032 1894 1114 1922 non
1147 1881 1326 1934 denique
1358 1882 1424 1922 tot
1455 1881 1618 1923 Latinis
1652 1883 1872 1922 oneratum

153 1953 406 1997 dictionibus
437 1955 735 2010 obrutumque,
768 1959 817 1997 ut
847 1956 919 1997 uni
951 1956 1129 1998 subinde
1162 1956 1367 1998 vocabulo
1390 1956 1613 1998 vernaculo
1646 1958 1869 2008 quaterna,

149 2029 279 2083 quina
309 2030 373 2072 vel
407 2030 588 2083 amplius
618 2031 773 2072 Latina
803 2030 1098 2084 respondeant.
1162 2032 1244 2085 (Ex
1267 2044 1351 2084 reg.
1379 2033 1399 2072 7
1424 2030 1533 2073 Med.
1558 2036 1600 2073 et
1623 2030 1700 2074 Ins.
1726 2030 1870 2072 Gram.

148 2105 357 2158 simulque
375 2118 423 2146 ex
448 2104 548 2147 Ord.
573 2105 695 2147 Prov.
716 2106 780 2160 §8
799 2119 836 2147 n.
863 2106 912 2147 13
931 2108 973 2147 et
997 2106 1163 2147 Decret.
1185 2105 1311 2158 Cong.
1335 2106 1455 2147 Prov.
1476 2118 1570 2147 ann.
1594 2107 1701 2147 1622
1719 2118 1757 2146 n.
1779 2106 1868 2156 27.)

152 2180 209 2222 Et
240 2180 432 2233 quamvis
455 2179 662 2223 faciliores
686 2181 892 2234 quasdam
915 2182 1221 2223 sententiarum
1246 2181 1538 2223 conversiones
1561 2194 1635 2222 seu
1658 2180 1873 2235 periodos,

148 2255 386 2309 plusculum
419 2255 544 2297 etiam
578 2256 733 2309 ingenii
767 2260 895 2310 atque
927 2257 1172 2299 attentionis
1213 2257 1426 2298 interdum
1469 2257 1755 2311 postulantes,
1798 2269 1874 2309 per

150 2342 255 2383 quas
289 2330 440 2371 Latina
472 2330 638 2384 phrasis
671 2331 722 2372 ad
756 2332 1025 2373 vernaculam
1058 2331 1419 2386 accommodetur,
1460 2344 1659 2384 respuere
1699 2331 1871 2384 scriptio

150 2417 232 2446 non
265 2404 438 2455 debeat3
471 2418 747 2459 quaecunque
779 2410 920 2448 tamen
950 2407 1203 2461 inserentur,
1237 2419 1285 2448 ea
1318 2407 1468 2448 leniter
1490 2407 1657 2448 omnino
1682 2410 1724 2447 et
1746 2406 1870 2459 quasi

154 2479 243 2521 sine
274 2479 441 2521 salebra
473 2493 643 2522 necesse
675 2484 740 2522 est
770 2480 923 2532 fluant;
956 2482 1039 2523 sint
1072 2482 1218 2524 breves
1251 2486 1293 2523 et
1315 2482 1499 2535 expediti
1532 2481 1753 2525 circuitus:
1788 2494 1872 2523 una

151 2554 274 2596 modo
306 2554 347 2596 in
379 2554 579 2597 thematis
614 2556 790 2609 singulis
814 2557 1001 2598 alterave
1033 2557 1319 2599 admisceatur
1342 2556 1580 2599 difficultas.
1635 2556 1740 2599 Cum
1763 2557 1873 2599 enim

154 2630 414 2684 planioribus
433 2630 720 2673 adolescentes
740 2632 1017 2687 assueverint,
1032 2631 1265 2674 difficiliora
1281 2632 1486 2686 paulatim
1504 2645 1605 2674 usus
1619 2631 1872 2685 explanabit.

153 2704 313 2758 (Sacch.
349 2718 386 2746 n.
412 2707 435 2746 ξ)
469 2708 511 2747 et
534 2707 590 2757 6.)
653 2706 799 2760 Neque
832 2720 982 2760 aspera
1014 2720 1201 2760 unquam
1235 2707 1299 2749 vel
1333 2707 1493 2750 nodosa
1521 2720 1569 2749 eo
1593 2706 1873 2749 consectanda

152 2783 270 2835 sunt,
312 2779 425 2832 quod
457 2780 491 2822 si
521 2780 713 2834 planiora
755 2782 1002 2835 tradantur,
1044 2782 1165 2824 multi
1207 2783 1474 2836 reperiantur
1514 2783 1556 2824 in
1599 2782 1762 2833 schola,
1803 2781 1873 2835 qui

153 2867 281 2907 puras
303 2854 594 2908 immunesque
617 2855 873 2898 soloecismis
897 2856 1075 2898 afferant
1096 2857 1356 2911 scriptiones.
1418 2857 1585 2898 Etenim
1608 2870 1690 2898 non
1714 2857 1873 2910 utique,

155 2934 202 2971 ut
233 2930 500 2972 soloecismos
533 2930 670 2973 facere
703 2932 924 2974 addiscant
946 2932 1079 2985 pueri,
1112 2932 1267 2974 idcirco
1290 2932 1589 2986 scriptionibus
1613 2935 1873 2985 exercentur,

157 3005 230 3047 sed
261 3009 309 3046 ut
340 3005 463 3058 plane
494 3006 709 3059 nitideque
741 3007 925 3049 scribere
957 3020 1004 3049 ac
1035 3007 1150 3061 loqui
1182 3021 1230 3050 ex
1272 3008 1533 3061 praescripto
1574 3007 1873 3060 grammaticae

159 3079 402 3122 doceantur.
466 3080 575 3131 Quid
607 3086 749 3124 autem
782 3082 930 3123 amabo
960 3083 1000 3123 in
1042 3083 1168 3136 plana
1207 3083 1424 3135 nitidaque
1456 3082 1687 3124 Latinitate
1719 3082 1874 3134 (cujus-

157 3154 270 3196 modi
302 3158 380 3209 est,
413 3168 539 3209 quam
573 3156 717 3199 Cicero
751 3158 943 3212 maxime,
976 3157 1225 3199 Latinorum
1267 3157 1386 3200 facile
1426 3157 1634 3211 princeps,
1676 3156 1871 3210 usurpat)
