2164 3535
212 183 295 224 316
560 181 728 216 Statuten
755 181 818 216 des
844 181 981 216 Kolner
1007 181 1351 218 Clericalseminars.
1401 183 1471 218 Um
1500 186 1598 220 1615.

881 471 1276 526 Conditionos‚

270 565 362 606 sub
401 564 586 618 quibus
625 564 684 606 ad
717 563 1174 618 Arehiepiscopale
1208 564 1514 607 Coloniense
1547 564 1886 609 Seminarium

721 645 926 687 Alumni
969 649 1091 688 sunt
1131 647 1437 689 assumendi.

896 739 959 784 (L.
986 749 1021 775 ο.
1048 738 1123 775 fol.
1149 739 1264 785 330.)

356 857 391 898 1.
425 853 519 896 Sint
546 854 743 907 legitimis
766 858 810 897 et
830 854 1020 898 honestis
1042 855 1298 898 Parentibus
1321 855 1423 911 nati⁷
1458 869 1666 910 pauperes
1691 861 1767 899 aut
1789 856 1946 899 medio-

212 929 294 972 cris
326 929 534 971 fortunae.

351 1005 387 1046 2.
421 1004 549 1046 Nulla
586 1004 832 1047 infirmitate
874 1008 949 1046 aut
979 1005 1080 1046 vitio
1113 1005 1204 1048 siue
1238 1005 1510 1048 deformitate
1541 1006 1733 1059 corporis
1767 1005 1945 1048 notabili

212 1079 416 1133 impediti.

351 1156 387 1196 3.
438 1155 694 1197 Testimonio
728 1155 840 1197 vitae
873 1158 916 1197 et
946 1168 1133 1210 morum,
1177 1155 1365 1208 itemque
1398 1155 1691 1197 Litteraturae
1722 1154 1947 1198 sufficienti

212 1230 469 1272 communiti.

350 1307 388 1346 4.
439 1304 532 1347 Sint
564 1305 618 1347 ad
650 1305 868 1347 minimum
901 1317 1108 1346 annorum
1147 1307 1209 1347 18.
1240 1305 1463 1359 Rhetores,
1496 1306 1561 1347 vel
1594 1305 1647 1347 ad
1676 1305 1947 1348 Rhetoricam

212 1380 357 1422 statim
390 1380 492 1434 apti,
525 1379 769 1433 Philosophi
801 1380 903 1421 item
934 1380 1000 1422 vel
1033 1379 1245 1433 Theologi.

352 1458 389 1496 5.
440 1455 534 1497 Sint
565 1455 704 1508 parati
737 1458 834 1508 post
866 1454 953 1497 dies
986 1454 1252 1508 probationis
1285 1455 1406 1497 vnius
1436 1455 1594 1498 Mensis
1627 1456 1946 1510 quamprimum

213 1544 304 1573 sese
336 1530 576 1572 iuramento
610 1529 875 1582 obstringere
909 1529 961 1571 ad
994 1533 1155 1572 statum
1189 1530 1559 1586 Ecclesiasticum,
1593 1531 1648 1573 ad
1682 1543 1828 1573 curam
1861 1531 1949 1573 ani-

216 1619 379 1647 marum
414 1605 595 1647 arbitrio
628 1608 668 1647 et
702 1609 809 1646 nutu
842 1605 1012 1646 Domini
1045 1604 1364 1658 Archiepiscopi
1396 1605 1730 1660 suscipiendam,
1773 1606 1949 1648 admini-

213 1680 446 1735 strandam,
480 1683 522 1722 et
551 1692 636 1721 uno
668 1680 708 1721 in
743 1680 834 1721 loco
868 1680 1210 1733 continuandam,
1244 1680 1384 1733 quoad
1417 1680 1741 1723 altememorato
1766 1681 1947 1723 Domino

215 1756 538 1809 Arehiepiscopo
582 1756 717 1797 visum
759 1756 911 1810 fuerit,
963 1755 1020 1796 vti
1062 1755 1348 1797 iuramentum
1391 1756 1706 1810 praescriptum
1754 1756 1948 1809 pluribus

214 1833 421 1882 continet3
469 1833 575 1873 Item
608 1831 794 1884 Regulas
827 1830 1062 1873 Seminario
1104 1831 1415 1884 praescriptas„
1458 1831 1718 1884 modumque
1761 1831 1802 1873 in
1834 1831 1948 1873 victu

214 1910 256 1949 et
297 1907 452 1949 vestitu
496 1907 575 1949 sub
617 1907 819 1959 regimine
863 1905 1139 1959 Superiorum
1182 1906 1234 1948 ab
1274 1906 1600 1959 Archiepiscopo
1644 1906 1947 1960 deputatorum

215 1984 492 2033 obse1·uandi;
524 1984 752 2025 Praeterea
785 1996 877 2025 sese
909 1984 959 2036 ijs
993 1983 1201 2024 duntaxat
1232 1983 1383 2036 studijs
1416 1981 1669 2036 applicandi,
1703 1981 1756 2022 ad
1780 1994 1889 2034 quae
1925 1994 1950 2022 a

217 2058 516 2113 Superioribus
550 2059 894 2111 destinabuntm,
928 2058 1106 2100 Ordines
1140 2057 1289 2100 Sacros
1324 2058 1377 2099 ad
1410 2057 1638 2099 eorundem
1670 2056 1947 2110 Superiorum

216 2133 483 2175 Arbitratum
525 2133 800 2187 suscipiendi,
852 2133 995 2175 studia
1036 2133 1101 2174 vel
1143 2132 1426 2174 Seminarium
1466 2145 1550 2173 non
1594 2131 1839 2183 deserendi,
1883 2132 1949 2174 vel

216 2209 476 2261 Religionem
517 2209 701 2261 aliquam
741 2208 1006 2261 ingrediendi
1039 2208 1146 2250 citra
1176 2207 1400 2260 ipsiusmet
1427 2207 1595 2248 Domini
1628 2206 1948 2261 Archiepiscopi

218 2284 385 2339 scitum,
418 2296 669 2326 consensum
703 2285 745 2325 et
777 2283 994 2325 obtentam
1026 2283 1066 2324 in
1100 2281 1278 2336 Scriptis
1312 2282 1556 2324 Licentiam.

360 2361 396 2400 6.
445 2360 625 2401 Demum
658 2372 786 2412 super
818 2358 884 2402 his
916 2357 1110 2400 omnibus
1143 2360 1218 2399 aut
1259 2357 1400 2410 aliquo
1445 2369 1616 2410 eorum,
1658 2357 1948 2410 praestitoque

219 2434 479 2483 Iuramento,
514 2434 675 2475 nullam
710 2446 735 2474 a
760 2432 869 2475 Sede
890 2432 1134 2486 Apostolica
1166 2435 1314 2474 contra
1346 2431 1607 2473 voluntatem
1633 2431 1948 2485 Archiepiscopi

221 2509 475 2562 impetrandi
508 2508 881 2562 dispensationem.

360 2587 396 2625 7.
444 2584 588 2626 Parati
631 2585 739 2640 sint,
786 2584 820 2626 si
866 2583 1088 2625 mediocris
1135 2583 1321 2625 existant
1365 2583 1584 2634 fortunae„
1631 2594 1708 2635 pro
1754 2581 1947 2635 ingressu

219 2662 361 2701 taxam
396 2659 669 2701 constitutam
703 2658 961 2713 persoluere.
