2164 3535
687 234 894 277 Erklarung
918 233 981 269 der
1006 234 1179 268 Autoren.
1743 236 1794 275 77

77 390 246 432 quoque
278 377 596 430 inspergantur,
635 389 743 429 quae
775 390 796 418 e
830 379 969 418 vetere
1001 374 1208 421 Historia,
1250 373 1422 423 fabulis,
1455 372 1635 427 adagiis‚
1667 371 1797 413 Grae-

78 465 224 495 corum
257 456 332 494 aut
352 453 638 494 Romanorum
671 451 835 501 ritibus,
868 452 998 492 sacris
1030 453 1106 492 cet.
1142 451 1384 495 occurrunt,
1417 447 1481 488 vel
1509 459 1617 500 quae
1640 447 1690 488 ad
1714 448 1796 488 for-

76 528 252 570 mandos
295 540 453 578 mores,
497 527 784 568 instillandum
824 526 991 579 pictatis
1024 538 1071 567 ac
1103 524 1278 566 virtutis
1311 535 1495 564 amorem
1528 522 1698 564 faciunt.
1762 522 1796 562 E

77 616 160 657 quo
193 602 349 652 videas,
382 614 508 655 quam
541 602 688 642 merito
723 602 869 653 regula
902 603 966 642 27.
1002 599 1245 653 praecipiat,
1278 610 1329 639 ne
1352 597 1556 650 Magister
1587 596 1725 637 subito
1749 608 1798 637 ac

76 677 373 725 tumultuario,
413 675 486 717 sed
519 688 587 725 ea,
622 687 729 727 quae
763 675 872 715 domi
906 674 1230 727 praecogitavit,
1263 672 1549 726 scripseritve,
1581 672 1621 713 in
1654 671 1796 713 schola

77 751 233 793 tradat.
294 749 594 802 Paradigmata
627 762 714 790 rem
746 749 899 791 facient
930 749 1173 802 planiorem.

213 825 282 866 IV.
337 825 401 866 Ea
432 836 529 866 vero
553 827 618 866 est
639 824 913 877 puerulorum
937 823 1100 877 levitas,
1131 823 1416 875 incogitantia,
1451 822 1681 876 dissipatio,
1717 821 1797 863 alio

76 899 219 949 oculis,
252 899 474 952 animoque
507 900 791 953 evagantium,
823 911 911 945 nec,
944 910 1053 951 quae
1079 897 1269 945 audiunt,
1306 897 1581 947 audientium,
1614 900 1662 938 ut
1684 900 1798 938 totus

74 973 139 1015 hic
169 973 475 1026 interpretandi
507 973 628 1015 labor
659 973 876 1014 minimum
907 973 1071 1014 fructus
1106 973 1318 1014 relaturus
1350 972 1417 1023 sit,
1449 973 1528 1013 nisi
1551 971 1796 1013 excitandae

75 1049 317 1090 attentionis
367 1048 492 1100 alias,
547 1048 735 1101 aliasque
781 1047 1008 1089 identidem
1056 1047 1287 1089 industrias
1330 1047 1538 1099 excogitet
1578 1047 1794 1099 Magister.

74 1123 215 1164 Prima
245 1126 322 1175 est,
355 1123 402 1173 si,
436 1122 547 1176 quod
580 1135 710 1176 supra
740 1123 896 1171 monui,
929 1123 1117 1175 singulos
1141 1122 1193 1163 ad
1216 1122 1450 1175 pridianam
1474 1122 1795 1174 praelectionem

75 1198 346 1251 repetendam
389 1200 561 1251 paratos
604 1210 696 1240 esse
738 1201 943 1251 oporteat.
1008 1198 1153 1239 Altera
1192 1200 1276 1247 est,
1318 1197 1351 1238 si
1393 1195 1679 1250 persuadeant
1718 1196 1796 1237 sibi

75 1285 232 1325 omnes,
265 1273 471 1326 quidquid
503 1273 756 1326 explicatum
790 1272 929 1319 suerit,
963 1273 1193 1315 certissime
1214 1272 1451 1314 rediturum
1474 1272 1514 1313 in
1537 1262 1799 1324 argumento,

74 1360 150 1390 nec
188 1347 229 1389 id
272 1349 360 1391 sine
400 1349 543 1391 multis
586 1349 799 1391 erroribus
843 1348 1121 1401 compositum
1161 1347 1210 1389 iri
1242 1347 1294 1389 ab
1326 1359 1394 1398 eo,
1435 1347 1507 1400 qui
1539 1346 1591 1388 ad
1624 1346 1802 1400 explica-

74 1423 229 1465 tionem
272 1424 351 1466 rite
390 1425 576 1466 animuin
618 1437 699 1466 non
744 1423 986 1466 attenderit.
1050 1423 1213 1465 Tertia:
1255 1423 1289 1464 si
1322 1424 1516 1477 apertum
1550 1425 1647 1463 ante
1680 1433 1725 1463 se
1756 1421 1802 1462 li-

75 1498 219 1551 brum,
250 1498 524 1553 libellumque
557 1499 610 1541 ad
642 1499 684 1541 id
715 1503 912 1553 paratum
945 1498 1148 1549 habeant,
1182 1498 1247 1539 cui
1280 1497 1413 1539 dictas
1445 1496 1627 1538 Phrases
1659 1496 1803 1538 inscri-

76 1573 189 1622 bant,
222 1573 287 1615 die
320 1573 524 1615 Sabbathi
547 1574 772 1617 Decurioni
805 1573 1095 1616 exhibendum.
1150 1572 1255 1623 Alia,
1287 1576 1337 1614 ut
1366 1572 1476 1614 inter
1507 1571 1799 1625 explicandum

75 1648 301 1691 identidem
334 1649 457 1697 hunc,
490 1649 660 1690 illumve
692 1654 826 1702 roget,
859 1648 1060 1702 quidnam
1091 1660 1202 1690 nunc
1233 1648 1420 1689 dictum?
1452 1660 1560 1700 quae
1592 1647 1644 1689 sit
1672 1646 1799 1700 hujiis

78 1724 202 1773 vocis,
238 1724 303 1766 vel
335 1724 506 1766 Phrasis
540 1725 654 1766 notio
687 1728 764 1766 cet.
798 1725 832 1766 si
864 1738 946 1766 non
980 1727 1144 1766 constet
1177 1723 1255 1765 sibi
1287 1722 1469 1776 alibique
1502 1722 1638 1764 animo
1671 1721 1799 1762 fuisse

75 1799 361 1852 deprehensus
393 1800 533 1848 fuerit,
567 1811 744 1853 poenam
778 1799 895 1841 dabit
927 1799 1148 1852 extemplo,
1183 1798 1297 1840 nullo
1329 1800 1451 1851 pacto
1481 1796 1799 1839 condonandam

75 1887 112 1915 v.
144 1886 181 1927 g.
221 1877 270 1916 111
309 1877 443 1915 totam
486 1887 579 1916 eam
619 1874 937 1928 explicationem
971 1874 1218 1916 Germanice
1257 1886 1422 1916 versam
1464 1872 1665 1927 postridie
1703 1871 1799 1914 affe-

76 1952 143 1991 rat
175 1952 250 1991 cet.
312 1949 402 1991 Nisi
435 1949 507 2002 qui
538 1949 579 1990 in
611 1949 824 2002 exigendis
857 1949 1062 2003 ejusmodi
1095 1962 1169 1991 seu
1200 1949 1382 1999 mulctis,
1418 1961 1492 1991 seu
1524 1948 1669 2002 poenis
1702 1959 1799 1989 con-

74 2026 257 2067 stantem
289 2024 558 2066 severitatem
591 2024 843 2075 adhibuerit,
876 2025 1057 2066 multum
1090 2024 1252 2078 agendo
1286 2026 1427 2066 actum
1450 2027 1560 2077 aget,
1594 2026 1723 2076 atque
1747 2022 1799 2064 de

75 2099 362 2153 puerulorum,
394 2100 539 2154 pluma
570 2100 774 2142 leviorum
807 2101 1041 2142 attentione
1073 2100 1183 2142 bona
1214 2099 1295 2142 fide
1328 2099 1534 2153 desperet.

193 2166 435 2217 Cavendum
457 2176 557 2217 item
579 2175 796 2228 Magistro,
830 2188 881 2217 ne
909 2176 1081 2217 nimium
1103 2176 1281 2228 ingerat,
1313 2188 1388 2217 nec
1410 2175 1451 2216 in
1472 2174 1623 2216 infimis
1646 2173 1797 2215 scholis

75 2262 206 2303 supra
236 2252 378 2292 ternos
411 2254 485 2292 aut
517 2251 666 2303 quinos
700 2263 846 2294 versus
879 2251 1075 2304 explicet,
1108 2264 1193 2292 una
1222 2250 1425 2292 Periodus
1459 2250 1537 2291 rite
1565 2249 1798 2299 enucleata,

79 2329 121 2367 et
154 2337 178 2366 a
208 2325 350 2378 pueris
381 2325 502 2379 plene
533 2325 746 2367 intellecta
777 2326 872 2379 plus
903 2326 1007 2368 lucis
1040 2325 1174 2375 affert,
1208 2338 1256 2367 ac
1286 2325 1444 2367 multae
1467 2325 1613 2366 leviter
1635 2337 1682 2366 ac
1704 2336 1798 2377 pro-

76 2412 175 2453 pere
217 2399 431 2442 decursae.
503 2400 736 2442 Plurimum
776 2414 873 2442 vero
915 2401 967 2442 ad
1008 2400 1337 2442 conservandam
1375 2400 1651 2441 attentionem
1690 2399 1799 2440 face-

77 2478 154 2524 ret,
187 2474 221 2515 si
253 2475 331 2516 sub
362 2474 487 2517 finem
520 2475 617 2517 anni
649 2475 1005 2528 quemadmodum
1038 2489 1059 2517 e
1082 2475 1344 2528 Praeceptis,
1377 2475 1435 2515 ita
1468 2478 1510 2516 et
1541 2487 1589 2516 ex
1621 2474 1798 2516 authore

77 2549 374 2591 examinandos
407 2562 472 2601 se,
512 2550 746 2603 meliusque
779 2550 1103 2603 1·es11›on(lente1n
1135 2551 1321 2605 praemio
1355 2549 1597 2592 donandum
1629 2550 1795 2591 scirent.

286 2814 360 2862 De
398 2815 735 2881 praelectione
773 2824 924 2880 atque
963 2816 1299 2883 explicatione
1340 2816 1581 2882 Magistri.

561 2932 629 2973 De
660 2944 715 2973 ea
747 2932 991 2985 quaedam
1024 2934 1316 2986 generatim.

495 3011 704 3057 (Kropf‚
754 3013 868 3048 Ratio
908 3013 948 3048 et
984 3013 1047 3049 via
1086 3024 1125 3058 p.
1151 3014 1378 3057 111—113.)

216 3103 397 3145 Multum
434 3105 642 3159 proderit,
684 3106 719 3148 si
751 3106 956 3159 Magister
992 3120 1074 3150 non
1107 3108 1385 3150 tumultuario
1419 3121 1466 3150 ac
1498 3108 1637 3150 subito
1671 3107 1795 3158 dicat,

79 3177 152 3220 sed
191 3191 299 3232 quae
343 3178 453 3221 domi
493 3181 674 3234 cogitate
717 3182 951 3235 scripserit,
992 3186 1214 3237 totumque
1251 3183 1405 3225 librum
1446 3184 1509 3226 vel
1549 3183 1794 3236 orationem,
