2164 3535
276 259 330 301 70
670 254 921 300 Stundenplan
946 255 983 290 in
1009 255 1073 290 der
1099 254 1423 291 osterreichischen
1448 255 1614 291 Provinz.

412 396 449 439 A
469 396 647 440 Meridie
679 396 827 440 diebus
851 395 1058 439 Sabbathi
1089 399 1132 439 et
1163 396 1376 450 profestis.
1443 400 1477 439 1.
1513 397 1746 439 Lectiones.
1799 397 1838 438 2.
1871 395 2006 449 Repe-

274 473 368 517 titio
400 473 616 516 Authoris.
681 474 718 515 3.
752 473 951 515 Dictatio.
1014 474 1052 515 4.
1088 472 1326 527 Explicatio
1359 472 1626 515 Catechismi.

416 549 524 592 Cum
564 548 702 592 media
734 548 802 591 die
834 550 1024 590 vacatur.
1090 550 1126 590 1.
1161 547 1397 591 Lectiones.
1460 549 1499 590 2.
1532 547 1736 590 Authoris
1768 545 2006 600 explicatio.

279 626 318 668 3.
352 624 551 668 Dictatio.
614 625 654 666 4.
687 623 889 668 Historia.
1300 628 1302 630 ·

408 798 646 844 Divisio
683 799 982 854 temporis
1022 811 1132 855 pro
1175 797 1394 843 Schola
1434 799 1880 843 Humanitatis.

543 878 736 922 Diebus
768 879 954 933 quibus
986 892 1082 922 non
1116 880 1442 934 componitur
1472 880 1519 922 in
1553 880 1750 922 Schola.

421 985 456 1026 1.
498 983 734 1027 Lectiones.
797 986 835 1026 2.
879 984 1094 1027 Correctio
1133 984 1398 1027 Thematum.
1467 985 1506 1025 3.
1539 985 1582 1026 4.
1626 983 1862 1038 Explicatio
1903 982 2010 1025 Rhe-

281 1059 452 1102 toricae.

421 1134 457 1176 A
489 1134 677 1177 Meridie.
750 1138 786 1177 1.
819 1135 1054 1178 Lectiones.
1118 1138 1156 1178 2.
1190 1137 1226 1178 3.
1271 1136 1524 1191 Explanatio
1558 1135 1783 1179 Ciceronis.
1848 1136 1884 1176 4.
1919 1133 2012 1177 Dic-

281 1211 402 1268 tatio,
433 1215 476 1254 et
506 1211 707 1254 Historia.

726 1351 926 1393 Diebus
966 1351 1170 1406 quibus
1212 1354 1573 1407 componitur.

429 1447 462 1486 1.
497 1444 732 1487 Lectiones.
797 1445 834 1486 2.
869 1446 907 1486 3.
941 1446 980 1486 4.
1014 1445 1213 1496 Dicta-tio„
1246 1449 1289 1487 et
1320 1446 1580 1500 compositio.

422 1521 459 1563 A
490 1520 678 1563 Meridie.
752 1523 786 1562 1.
826 1520 1060 1563 Lectiones.
1125 1523 1162 1562 2.
1205 1522 1458 1575 Explanatio
1492 1522 1718 1564 Ciceronis.
1781 1522 1818 1563 3.
1861 1521 2013 1575 Expla-

284 1597 399 1640 natio
431 1597 774 1651 Praeceptorum.
837 1598 875 1637 4.
911 1596 1110 1644 Dictatio.
1143 1599 1185 1639 et
1215 1597 1417 1639 Historia.

907 1747 1110 1790 Diebus
1148 1747 1390 1790 Veneris.

427 1843 463 1882 1.
498 1841 730 1883 Lectiones.
794 1842 831 1882 2.
867 1841 1094 1883 CorrectiO.
1159 1843 1195 1883 3.
1230 1844 1266 1884 4.
1303 1843 1555 1896 Explanatio
1588 1843 1930 1895 Praeceptor-um.

425 1917 461 1958 A
494 1916 681 1959 Meridie.
756 1920 790 1958 1.
834 1917 1066 1959 Lectiones.
1141 1920 1176 1959 2.
1223 1918 1475 1972 Explanatio
1508 1917 1734 1960 Ciceronis.
1808 1918 1846 1957 3.
1888 1917 2013 1958 Prae-

289 1995 412 2046 cepta
444 1991 620 2035 Graeca.
683 1994 721 2034 4.
757 1992 1013 2046 Compositio
1047 1992 1223 2036 Graeca..

687 2142 886 2186 Diebus
928 2143 1207 2191 Sabbathi,
1251 2148 1300 2186 et
1339 2144 1612 2187 Profestis.

351 2263 353 2265 ·
431 2239 465 2277 1.
499 2235 732 2278 Lectiones.
781 2237 817 2277 2.
852 2237 1075 2290 Repetitio.
1125 2236 1393 2279 Concertatio
1415 2238 1757 2290 Praeceptorum.
1806 2237 1843 2278 3.
1880 2237 2012 2290 Repe—

289 2312 382 2354 titio
414 2310 629 2353 Authoris.
690 2312 729 2352 4.
762 2311 972 2365 Repetitio
1005 2312 1232 2354 Historiae.

428 2390 463 2428 A
494 2387 681 2430 Meridie.
742 2390 776 2430 1.
811 2387 1045 2430 Lectiones.
1095 2389 1132 2429 2.
1165 2388 1364 2430 DictatiO.
1413 2390 1450 2430 3.
1485 2389 1720 2442 Explicatio
1745 2387 2010 2430 Catechismi.

822 2537 872 2580 Si
915 2537 1085 2580 medio
1124 2538 1208 2581 die
1245 2542 1483 2581 vacetur.

432 2634 465 2672 1.
501 2630 733 2673 Lectiones.
797 2632 835 2672 2.
868 2631 1065 2673 Dictatio.
1129 2632 1164 2671 3.
1200 2631 1401 2674 Historia.

473 2804 694 2848 Diebus
733 2804 1209 2849 Canicularibus
1249 2806 1475 2849 divisio
1518 2805 1831 2860 temporis.

695 2884 884 2927 Diebus
923 2885 1108 2938 quibus
1146 2899 1240 2927 non
1274 2886 1606 2939 componitur.

432 2990 467 3029 1.
521 2987 766 3041 Lectiones,
821 2992 863 3030 et
913 2989 1131 3032 correctio.
1213 2990 1249 3030 2.
1290 2990 1327 3030 3.
1382 2990 1616 3043 Explicatio
1668 2990 2011 3044 Praeceptorum.

291 3064 328 3104 4.
362 3062 566 3105 Historia.

432 3137 467 3179 A
499 3137 687 3181 Meridie.
753 3142 788 3180 1.
823 3139 1058 3181 Lectiones.
1120 3141 1157 3181 2.
1191 3139 1375 3181 Dictatio
1399 3140 1625 3181 Thematis.
1688 3141 1725 3181 3.
1760 3139 2011 3194 Explanatio

291 3210 507 3254 Authoris.

2002 3285 2024 3313 ο
