2164 3535
244 231 326 273 384
486 229 625 273 Regeln
650 228 708 263 fiir
734 229 917 272 Begleiter
943 239 1008 263 von
1034 229 1233 273 Zoglingen
1258 229 1324 263 auf
1345 229 1600 265 Ferienreisen
1628 234 1727 266 1828.

245 371 514 422 creationem,
549 383 676 423 quam
710 383 792 411 non
824 372 1024 421 meretur,
1058 369 1322 411 admittatur.
1382 370 1449 411 Ita
1472 383 1553 411 non
1578 370 1717 425 turba,
1750 372 1824 412 sed
1846 373 1971 426 pauci

243 450 286 488 et
326 446 496 499 quidem
537 446 703 499 selecti,
742 445 994 499 prudentes,
1038 445 1219 487 modesti
1259 458 1307 486 ac
1350 445 1593 487 obedientes
1626 449 1772 500 erunt,
1815 447 1887 500 qui
1919 447 1973 488 ad

242 522 323 564 iter
364 521 602 563 faciendum
644 521 817 563 admissi
860 521 949 563 sine
991 521 1179 574 periculo
1223 534 1412 577 morum,
1457 521 1710 563 valetudinis
1753 534 1801 564 ac
1833 522 1972 564 famae

243 597 498 639 circumduci
538 600 753 650 poterunt.
817 596 977 647 Quodsi
1021 597 1163 650 plures
1197 600 1358 648 essent,
1403 597 1475 649 qui
1507 596 1675 639 admitti
1707 600 1902 651 peterent
1933 602 1975 639 et

241 676 520 724 mererentur,
553 675 659 725 tum,
691 685 742 714 ne
775 673 928 713 nimius
959 672 1251 714 itinerantium
1283 673 1338 714 sit
1371 685 1586 722 numerus,
1623 673 1780 726 duplici
1807 673 1972 726 agmine

242 749 408 790 diverso
441 752 633 801 tempore
664 748 747 789 iter
778 748 944 790 institui
977 753 1133 801 posset.

380 838 416 877 2.
466 835 763 879 Necessarium
796 839 875 889 est,
908 840 956 876 ut
987 839 1210 889 praeterea
1243 849 1267 877 a
1298 836 1385 878 suis
1420 836 1673 879 Parentibus
1707 837 1813 879 hanc
1846 836 1971 879 licen-

242 913 345 954 tiam
385 916 552 954 mature
592 914 759 967 petant,
802 912 981 965 illosque
1024 911 1075 953 de
1115 913 1308 965 expensis
1348 912 1401 954 ad
1444 913 1526 954 iter
1566 912 1815 954 necessariis
1855 924 1975 965 prae-

242 992 454 1044 moneant,
486 1002 537 1030 ne
570 991 718 1041 postea
749 1001 874 1041 aegre
906 989 1060 1037 ferant,
1093 989 1188 1042 plus
1221 1001 1300 1030 sua
1333 989 1529 1042 opinione
1562 989 1692 1030 fuisse
1724 1001 1974 1042 expensum3

242 1077 318 1107 nec
350 1064 519 1118 sufficit,
552 1069 600 1106 ut
629 1065 833 1107 Parentes
866 1064 976 1106 hunc
1009 1077 1260 1107 consensum
1293 1065 1381 1107 suis
1415 1068 1583 1107 tantum
1614 1064 1709 1106 filiis
1743 1064 1973 1115 declarent,

242 1141 317 1182 sed
349 1140 648 1194 Superioribus
691 1153 860 1193 quoque
893 1153 989 1182 eum
1021 1140 1259 1194 significent
1292 1142 1479 1194 oportet,
1525 1140 1614 1182 sine
1646 1152 1730 1193 quo
1762 1152 1884 1181 nemo
1919 1139 1972 1181 ad

242 1216 323 1258 iter
354 1216 616 1258 admittetur.

382 1303 419 1344 3.
473 1303 632 1351 Locus,
675 1302 728 1343 ad
761 1315 886 1355 quem
920 1303 1000 1345 iter
1043 1303 1262 1359 dirigitur,
1306 1304 1665 1357 quemadmodum
1697 1307 1739 1346 et
1771 1303 1859 1359 via,
1899 1316 1976 1357 per

242 1391 370 1432 quain
393 1392 441 1420 eo
473 1378 707 1432 pervenire,
741 1382 782 1420 et
813 1392 888 1432 per
919 1391 1046 1432 quam
1079 1379 1218 1421 redire
1251 1379 1578 1432 desiderabitur,
1611 1383 1777 1421 mature
1799 1380 1845 1421 P.
1869 1379 1971 1420 Pro-

243 1454 408 1496 vinciali
442 1467 465 1495 a
499 1453 726 1507 Superiore
759 1454 987 1497 Convictus
1021 1454 1298 1507 significanda
1330 1458 1477 1511 erunt,
1520 1460 1567 1497 ut
1598 1456 1709 1508 ipse,
1743 1454 1843 1508 quid
1877 1467 1972 1496 con-

243 1531 413 1573 veniens
445 1530 585 1585 fuerit,
619 1530 884 1587 determinet,
918 1531 1140 1573 circuitum
1171 1532 1440 1584 propositum
1474 1531 1694 1586 approbet,
1732 1531 1794 1572 vel
1829 1530 1973 1583 alium,

243 1607 277 1649 si
310 1607 369 1648 ita
402 1606 632 1655 videbitur,
679 1607 963 1648 emetiendum
996 1607 1272 1660 praescribat.
1338 1607 1478 1658 Quare
1512 1607 1715 1661 Superior
1748 1606 1974 1648 Convictus

243 1694 460 1735 nunquam
503 1695 643 1724 coram
677 1682 1000 1724 Convictoribus
1039 1683 1177 1725 locum
1221 1683 1494 1735 determinet,
1538 1683 1591 1724 ad
1633 1696 1757 1736 quem
1789 1682 1851 1724 ire
1894 1682 1973 1724 sibi

244 1758 458 1812 proponit;
492 1758 564 1800 sed
593 1758 632 1799 111
668 1758 795 1799 dubio
828 1758 969 1811 potius
1002 1758 1228 1811 relinquat,
1262 1762 1309 1800 ut
1344 1759 1500 1800 mutari
1532 1772 1608 1813 pro
1641 1757 1970 1800 circumstantiis

242 1835 406 1876 facilius
439 1834 585 1888 possit.

382 1924 420 1964 4.
471 1922 637 1973 Socius,
682 1922 754 1976 qui
787 1934 925 1963 coines
957 1922 1118 1964 itineris
1151 1921 1251 1971 erit,
1293 1923 1380 1963 sive
1413 1935 1522 1964 1111113
1555 1922 1642 1964 sive
1676 1921 1758 1963 duo
1803 1921 1974 1975 fuerint,

245 2011 412 2051 semper
444 1998 487 2039 P.
516 1998 769 2039 Provinciali
802 1997 1101 2051 proponendus
1135 1997 1236 2048 erit,
1270 2000 1312 2038 et
1344 1997 1514 2050 quidem
1549 1997 1650 2038 data
1681 1996 1732 2037 de
1764 2009 1812 2038 eo
1845 1996 1972 2037 insor-

245 2074 442 2123 matione,
475 2077 523 2115 ut
553 2074 642 2126 ipse
668 2073 845 2127 judicet,
877 2086 929 2114 an
962 2073 1045 2123 ille,
1079 2073 1142 2114 vel
1175 2073 1296 2124 alius,
1328 2073 1462 2125 magis
1495 2073 1717 2115 conveniat
1793 2072 1969 2126 Semper

246 2152 388 2190 autem
421 2152 713 2202 proponantur
744 2149 881 2201 magis
914 2148 1094 2198 maturi,
1128 2148 1359 2201 prudentes
1393 2153 1436 2189 et
1468 2161 1565 2190 vere
1597 2148 1795 2199 religiosi,
1828 2148 1898 2201 qui
1931 2148 1971 2188 in

245 2224 485 2277 hujusmodi
518 2224 739 2266 itineribus
773 2224 969 2277 spiritum
1004 2224 1246 2277 religiosum
1279 2236 1361 2265 non
1396 2224 1642 2277 deperdant.

813 2452 837 2506 ξ
870 2454 907 2494 2.
970 2451 1024 2494 In
1062 2451 1173 2506 ipso
1211 2451 1412 2494 itinere.

388 2552 422 2592 1.
473 2550 585 2592 Cura
626 2549 854 2599 habeatur,
897 2554 945 2591 ut
976 2554 1182 2604 quantum
1215 2550 1304 2592 fieri
1338 2550 1515 2603 poterit,
1557 2550 1719 2591 itineris
1763 2561 1972 2602 expensae

247 2625 552 2667 imminuantur
581 2628 622 2667 et
653 2626 795 2679 potius
828 2625 1004 2678 pedites,
1039 2638 1166 2678 quam
1199 2638 1326 2667 curru
1360 2626 1631 2667 itinerentur:
1665 2638 1712 2667 ac
1744 2629 1970 2678 propterea

247 2701 422 2754 singulis
447 2701 594 2742 diebus
626 2701 793 2742 nonnisi
825 2714 981 2754 paucas
1013 2701 1155 2742 leucas
1188 2700 1422 2751 conficiant,
1455 2714 1506 2742 ne
1534 2701 1708 2742 nimium
1743 2700 1972 2752 defatigen-

248 2780 335 2817 tur:
370 2789 497 2818 curru
530 2780 685 2827 tamen,
719 2777 753 2818 si
786 2789 956 2819 11000330
989 2776 1129 2829 fuerit,
1163 2776 1290 2818 etiam
1324 2776 1385 2817 uti
1417 2776 1569 2818 licebit.

385 2866 422 2905 2.
471 2864 563 2905 Non
596 2864 871 2916 permittatur
903 2864 1128 2917 ι11111011111113
1162 2864 1330 2905 obvium
1363 2862 1561 2915 quodvis,
1607 2862 1719 2915 quod
1754 2861 1835 2903 illis
1868 2862 1972 2903 arri-

249 2939 382 2989 deret,
414 2952 552 2981 emere
584 2943 626 2980 et
658 2940 718 2980 ita
749 2940 887 2981 facere
920 2952 1124 2993 expensas
1157 2952 1335 2992 prorsus
1367 2938 1552 2989 inutiles,
1585 2937 1737 2991 quibus
1771 2940 1969 2990 parent-es

247 3015 396 3056 merito
429 3013 751 3056 offenderentur.

387 3102 423 3142 3.
466 3101 513 3142 In
538 3100 794 3151 civitatibus,
826 3115 901 3154 per
923 3115 1027 3155 quas
1059 3102 1243 3144 transire
1277 3101 1513 3153 contigerit,
1547 3101 1636 3142 visu
1663 3100 1789 3152 digna
1805 3099 1969 3152 juveni-

249 3176 325 3217 bus
349 3175 512 3217 ostendi
542 3179 702 3224 curent,
736 3189 844 3229 quae
877 3181 1017 3218 tamen
1050 3178 1139 3218 31110
1171 3176 1357 3229 periculo
1392 3189 1554 3217 morum
1589 3175 1719 3216 videri
1752 3176 1969 3228 poterunt,
