2164 3535
682 224 956 274 Heranbildung
981 223 1044 258 der
1070 224 1208 259 Lehrer
1236 228 1332 260 1622.
1783 231 1864 271 217

151 364 365 416 egestas«,
407 375 543 416 neque
585 376 679 405 cum
719 362 783 404 »i«
827 365 1050 416 sequente,
1093 367 1141 406 ut
1174 364 1376 419 »perfidia
1406 365 1586 408 inimici<
1732 379 1867 419 neque

149 447 242 476 cum
277 449 372 484 »u«,
406 440 454 479 ut
487 437 662 489 »colligo
695 449 839 478 uvas«.
895 437 1033 479 Ceteri
1056 451 1258 481 occursus
1280 440 1417 481 minus
1441 439 1668 482 offendunt.
1719 441 1867 494 Neque

149 522 247 551 vero
279 510 320 551 id
352 511 412 552 ita
442 511 761 564 intelligendum
794 515 881 564 est,
924 513 1045 564 quasi
1078 514 1218 556 nullus
1251 514 1401 556 horum
1434 527 1715 556 concursuum
1745 515 1868 558 facile

148 584 404 637 reperiatur,
446 585 520 627 sed
561 585 674 638 quod
714 598 797 627 non
838 586 1076 629 committat
1108 588 1272 640 Cicero,
1316 591 1364 630 ut
1400 588 1442 630 in
1481 589 1663 642 eleganti
1696 589 1866 643 periodo

147 659 314 712 saepius
346 660 595 713 reperiatur.
660 660 722 701 De
755 661 1161 703 consonantibus
1194 662 1297 705 haec
1330 663 1664 705 animadvertas:
1702 666 1750 705 19
1786 677 1865 706 non

149 733 355 774 committi
387 732 528 787 verba,
561 746 743 786 quorum
776 738 966 776 extrema
998 739 1192 777 constent
1224 737 1414 789 pluribus
1447 738 1789 793 consonantibus,
1821 742 1869 781 ut

149 807 322 860 »ingens
355 807 526 861 stridor,
558 820 663 861 pons
695 809 900 864 fractus«,
935 821 1072 862 neque
1104 822 1189 864 eas,
1231 823 1339 863 quae
1371 812 1453 852 vim
1484 811 1640 854 habent
1669 813 1867 867 plurium,

149 885 194 923 ut
227 882 460 924 »exercitus
492 883 693 937 Xerxis«,
734 896 870 936 neque
903 896 995 934 eas,
1029 897 1212 937 quarum
1238 885 1484 938 juncturam
1516 887 1557 928 in
1590 887 1736 929 eadem
1769 901 1869 930 voce

149 956 265 998 latini
297 956 485 1011 fugiunt,
518 961 567 999 ut
598 957 699 1010 quia
729 958 848 999 latini
881 971 957 1011 pro
992 958 1176 1001 subcedo
1211 959 1357 1001 dicunt
1389 960 1588 1016 succedo,
1626 974 1709 1003 non
1742 963 1868 1005 etiam

146 1031 393 1074 suavissime
426 1032 580 1075 dicitur
611 1032 688 1075 sub
720 1032 949 1083 cineribus,
983 1033 1046 1075 vel
1080 1033 1138 1075 ad
1158 1034 1330 1076 cineres.
1382 1034 1522 1085 Quare
1546 1035 1752 1088 ejusmodi
1775 1049 1869 1078 con-

145 1119 308 1161 cursus,
341 1107 420 1149 etsi
448 1119 531 1148 non
553 1110 640 1148 tam
664 1107 784 1148 anxie
806 1107 985 1163 vitatur,
1019 1121 1101 1149 non
1125 1112 1266 1151 tamen
1289 1108 1587 1162 frequentatur
1609 1122 1633 1151 a
1656 1109 1867 1153 Cicerone.

283 1186 711 1241 Concinnitatem,
745 1187 858 1240 quod
881 1189 974 1230 erat
996 1188 1242 1239 secundum,
1274 1188 1461 1231 efficiunt
1483 1193 1668 1243 quatuor
1688 1189 1868 1244 figurae3

147 1261 340 1303 similiter
361 1261 611 1315 desinentia,
644 1262 837 1304 similiter
860 1262 1069 1317 cadentia,
1102 1263 1223 1316 paria
1244 1263 1418 1316 paribus
1441 1264 1576 1306 relata
1597 1267 1640 1306 et
1662 1265 1867 1319 opposita.

284 1336 532 1378 Numerus
565 1338 784 1390 spectatur
814 1336 854 1378 in
888 1337 1076 1390 periodo,
1111 1337 1161 1379 de
1191 1350 1275 1391 qua
1296 1338 1432 1391 primo
1455 1351 1621 1392 semper
1642 1339 1869 1382 videndum

146 1413 230 1465 est,
264 1423 317 1452 an
350 1411 404 1452 sit
434 1413 632 1463 porrecta
664 1424 716 1452 an
750 1411 1059 1462 circumducta3
1099 1424 1196 1453 nam
1228 1412 1261 1454 si
1295 1412 1350 1454 sit
1380 1413 1522 1455 incisis
1555 1413 1690 1456 divisa
1721 1415 1870 1467 oratio,

145 1485 283 1527 minus
313 1489 378 1528 est
400 1485 451 1527 de
472 1486 650 1539 pedibus
672 1486 962 1528 laborandum.
1016 1487 1177 1529 Deinde
1198 1487 1524 1543 observandum,
1557 1490 1661 1541 quot
1682 1489 1871 1532 membra

144 1560 343 1614 periodus
375 1560 549 1611 habeat;
583 1564 711 1614 atque
743 1562 784 1603 in
817 1561 880 1603 his
913 1561 1032 1603 libris
1067 1561 1431 1615 deprehendemus
1464 1561 1658 1616 periodos
1687 1563 1773 1606 fere
1797 1564 1867 1606 tri-

144 1633 222 1676 bus
253 1634 451 1677 membris
484 1638 559 1677 aut
590 1637 786 1690 quatuor,
829 1635 1043 1677 interdum
1077 1637 1204 1678 etiam
1226 1636 1420 1690 pluribus
1445 1638 1711 1692 constitutas,
1744 1639 1870 1692 idque

144 1709 226 1760 ita,
270 1713 318 1751 ut
358 1709 475 1751 nulla
512 1713 739 1764 propterea
770 1722 1034 1764 supervacua
1066 1710 1195 1752 verba
1225 1711 1502 1755 inculcentur.
1564 1712 1703 1755 Incisa
1733 1726 1870 1767 pauca

144 1783 434 1837 reperiuntur:
468 1785 622 1826 caesim
655 1785 763 1826 enim
794 1785 945 1835 dicere,
979 1788 1054 1828 aut
1075 1785 1311 1828 humilioris
1335 1789 1402 1828 est
1424 1787 1617 1830 dictionis
1642 1791 1717 1830 aut
1737 1789 1870 1841 magis

145 1857 357 1901 incitatae.

282 1933 534 1986 Temperata
572 1934 737 1976 dicendi
779 1934 935 1989 figura,
984 1935 1121 1988 qualis
1164 1939 1229 1977 est
1267 1936 1308 1977 in
1349 1936 1412 1978 his
1451 1937 1591 1991 libris,
1640 1937 1870 1991 productas

145 2007 340 2061 periodos
364 2012 490 2050 amat.
532 2009 615 2051 Ubi
638 2021 737 2062 ergo
761 2009 923 2063 periodi
944 2009 1135 2051 membra
1154 2009 1454 2067 invenerimus,
1472 2011 1698 2054 videndum
1720 2012 1870 2065 primo,

145 2095 171 2124 a
217 2083 331 2136 quali
375 2083 481 2137 pede
527 2084 719 2137 incipiat3
777 2085 1122 2138 inveniemusque
1169 2085 1256 2128 fere
1304 2086 1368 2128 vel
1414 2099 1505 2129 esse
1560 2087 1759 2129 creticum
1806 2088 1871 2130 vel

146 2169 348 2211 paeonem
381 2158 564 2210 primum
596 2159 661 2200 vel
693 2162 908 2215 quartum,
939 2160 1005 2202 vel
1034 2159 1287 2211 dochmium,
1320 2161 1385 2202 vel
1408 2161 1666 2217 dichoreum,
1698 2162 1764 2204 vel
1785 2175 1870 2204 mo-

147 2232 320 2283 lossum,
352 2245 389 2272 v.
423 2236 711 2286 anapaestum.
767 2234 930 2276 Deinde
966 2234 1233 2277 attendemus
1267 2235 1320 2276 ad
1354 2235 1459 2278 duos
1481 2240 1719 2290 postremos
1741 2237 1869 2290 pedes

146 2306 277 2349 totius
310 2306 485 2363 periodi,
518 2307 590 2349 ubi
624 2309 881 2362 reperiemus
913 2310 1162 2363 plerumque
1190 2311 1255 2352 vel
1278 2311 1479 2354 creticum
1502 2316 1706 2366 sequente
1729 2313 1869 2355 dicho-

146 2394 239 2437 reo,
272 2382 336 2423 vel
369 2381 568 2424 choreum
602 2395 696 2425 cum
728 2384 926 2439 molosso,
958 2385 1023 2427 vel
1056 2385 1307 2437 dochmium,
1342 2400 1377 2427 v.
1412 2386 1620 2441 duplicem
1653 2388 1868 2439 creticum,

147 2456 211 2498 vel
244 2457 447 2499 creticum
479 2470 571 2499 cum
607 2457 795 2512 dactylo,
833 2459 898 2500 vel
928 2459 1175 2502 trochaeum
1208 2474 1302 2503 cum
1335 2461 1545 2518 spondeo,
1588 2462 1651 2504 vel
1678 2462 1869 2516 jambum

147 2534 222 2573 aut
263 2531 509 2574 trochaeum
551 2545 644 2574 cum
684 2533 954 2587 dispondaeo.
1031 2534 1152 2577 Circa
1194 2535 1354 2578 medios
1396 2536 1525 2590 pedes
1567 2537 1705 2579 minor
1746 2536 1871 2579 debet

146 2619 238 2649 esse
279 2619 391 2649 cura.
466 2607 578 2649 Satis
619 2620 717 2661 ergo
756 2608 836 2650 erit
874 2609 1119 2664 observare,
1162 2623 1214 2652 an
1255 2611 1435 2653 materia
1475 2611 1636 2665 periodi
1679 2612 1870 2665 requirat

148 2681 391 2724 tarditatem
426 2694 478 2723 an
512 2682 771 2724 celeritatem
803 2683 929 2735 vocis,
962 2695 1012 2724 an
1048 2697 1144 2726 vero
1178 2685 1498 2739 amplitudinem
1530 2690 1572 2728 et
1603 2687 1869 2740 majestatem

147 2756 381 2811 quandam,
424 2769 475 2798 an
509 2756 611 2810 quid
642 2758 838 2800 inedium.
903 2759 945 2800 Si
979 2759 1237 2802 celeritatem
1271 2761 1481 2815 requirat,
1523 2761 1757 2804 videbimus
1789 2763 1870 2804 fre-

149 2830 389 2883 quentiores
422 2843 515 2873 esse
546 2831 825 2885 pyrrhichios,
853 2833 1034 2887 jambos,
1068 2834 1345 2889 tribrachyes,
1379 2835 1559 2889 denique
1582 2836 1723 2889 plures
1747 2836 1870 2889 sylla-

147 2905 222 2946 bas
255 2905 402 2947 breves
434 2918 561 2958 quam
594 2906 762 2959 longas,
796 2907 830 2948 si
863 2908 1128 2957 tarditatem,
1161 2909 1304 2962 plures
1338 2909 1569 2965 spondeOS,
1602 2909 1796 2952 bacchios
1828 2913 1870 2951 et

148 2979 326 3029 similes;
359 2979 393 3021 si
425 2981 694 3034 maiestatem
727 2982 940 3034 quandam
962 2982 1188 3033 heroicam,
1221 2996 1403 3036 paeones
1427 2987 1469 3026 et
1491 2984 1699 3038 dactylos,
1732 2983 1867 3026 medio

148 3053 234 3095 fere
266 3066 310 3095 se
341 3054 498 3096 habent
530 3056 683 3098 cretici.
745 3057 974 3110 Nunquam
1007 3061 1147 3099 tamen
1180 3058 1491 3112 deprehendes.
1535 3059 1700 3101 numeri
1741 3071 1870 3101 causa

149 3127 390 3170 Ciceronem
423 3129 601 3185 longius,
633 3143 761 3184 quam
790 3144 868 3185 par
898 3131 966 3187 sit,
999 3131 1173 3174 verbum
1207 3133 1378 3186 aliquod
1410 3133 1462 3176 ab
1491 3133 1556 3188 iis,
1589 3146 1682 3176 cum
1714 3133 1867 3187 quibus
