2164 3535
373 213 665 257 Tagesordnung
689 211 746 248 fiir
771 212 828 248 die
855 212 1141 248 oberdeutschen
1169 212 1399 257 Gymnasien.
1446 214 1544 249 1737.
1769 218 1819 258 61

94 353 145 396 de
177 354 351 409 erratis,
395 354 445 396 de
477 353 669 395 absentia
700 357 776 395 cet.
812 356 912 394 tunc
945 352 1091 394 statim
1123 351 1304 393 audiunt
1336 354 1465 405 atque
1496 352 1744 406 expediunt,
1776 357 1823 395 ut

95 440 145 469 116
177 440 284 481 opus
317 428 372 469 sit
405 428 441 470 ei
473 427 642 480 negotio
675 427 715 468 in
747 427 890 469 schola
922 430 1070 480 postea
1100 426 1328 467 immorari.
1395 426 1501 479 (Iuv.
1537 427 1588 469 de
1620 430 1698 469 rat.
1732 428 1820 471 doe.

94 515 126 544 6.
152 504 190 557 2,
224 515 259 544 a.
286 503 326 557 3,
358 503 381 556 ξ
408 504 466 554 2.)
528 503 668 555 Atque
700 502 847 544 eadem
879 500 987 542 fiunt
1017 504 1115 543 ante
1143 500 1330 543 scholam
1352 502 1688 554 pomeridianam
1713 503 1823 545 aliis-

95 590 177 630 que
208 576 403 619 similiter
435 577 594 619 diebus.

230 652 347 694 Hora
370 652 463 694 VII.
517 656 803 693 convocantur
834 652 953 703 signo
977 652 1109 693 altero
1134 651 1327 706 discipuli
1351 651 1650 706 ducunturque
1675 653 1822 694 ordine

93 727 147 768 ad
190 739 359 769 sacrum
398 727 440 767 in
480 727 578 769 aula
610 726 827 779 Gymnasii
870 727 934 768 vel
975 726 1149 778 Collegii
1192 727 1350 781 templo
1393 727 1713 775 celebrandum,
1757 728 1822 768 cui

92 801 285 855 Magistri
317 814 485 855 quoque
517 814 684 855 semper
714 801 938 843 intersunt.
973 801 1092 855 (Reg.
1119 802 1142 842 3
1177 801 1291 843 Com.
1326 803 1425 855 Reg.
1451 805 1504 844 45>
1537 801 1672 845 Praef.
1709 803 1820 845 stud.

92 876 163 918 inf.
196 876 394 919 Consuet.
427 877 550 919 Prov.
585 889 618 919 c.
646 879 663 918 1
701 889 740 918 n.
768 879 789 917 7
824 880 866 917 et
899 889 931 918 c.
957 878 981 917 6
1014 876 1133 929 117.)

227 951 368 994 Media
397 951 512 994 VIII.
576 951 802 1005 Discipulis
844 963 869 992 a
906 963 1026 993 sacro
1064 964 1140 1005 per
1182 951 1372 992 ordinem
1415 951 1607 994 deductis
1651 953 1818 995 initium

90 1026 137 1068 fit
176 1026 356 1069 scholae.
419 1026 625 1079 Magister
666 1039 761 1068 mox
804 1026 1025 1068 considens
1067 1026 1107 1067 in
1151 1025 1356 1067 cathedra
1387 1027 1565 1080 praebet
1598 1040 1722 1070 aures
1756 1041 1822 1070 ex-

91 1101 338 1144 cusantibus
372 1113 436 1157 se,
470 1101 578 1154 siqui
612 1101 767 1144 residui
800 1101 979 1153 fuerint,
1012 1101 1062 1142 de
1094 1101 1259 1151 erratis,
1295 1101 1346 1142 de
1379 1101 1572 1143 absentia
1605 1106 1681 1144 cet.
1744 1103 1823 1144 Ac·

91 1177 192 1230 cipit
222 1177 380 1230 scripta
411 1190 487 1231 per
519 1176 765 1219 decuriones
798 1176 1002 1230 principio
1036 1176 1180 1217 statim
1220 1176 1417 1228 collecta,
1460 1177 1635 1229 corrigit
1679 1177 1822 1231 aliqua

90 1252 260 1307 tacitus,
292 1252 450 1294 lustrat
481 1264 613 1305 pensa
643 1251 992 1293 extraordinaria.
1057 1251 1226 1292 Interea
1259 1251 1452 1305 discipuli
1485 1252 1686 1295 lectiones
1719 1253 1821 1295 reci-

90 1329 185 1368 tant
221 1327 421 1380 privatim
464 1326 783 1378 decurionibus,
826 1330 868 1368 et
906 1326 977 1379 qui
1021 1326 1294 1368 recitaverint
1330 1326 1448 1368 taciti
1489 1340 1580 1369 sese
1612 1328 1823 1381 tantisper

91 1405 340 1455 comparant
371 1401 611 1455 repetitioni
643 1414 718 1444 5611
751 1401 1019 1454 explicationi
1051 1400 1177 1454 paulo
1201 1404 1299 1454 post
1321 1401 1564 1454 exigendae.
1621 1402 1822 1444 Decurio-

91 1490 193 1519 num
225 1477 375 1520 deinde
406 1479 529 1519 notas
562 1477 826 1529 recognoscit
858 1476 1083 1531 Magister,
1116 1475 1218 1528 legit
1250 1476 1471 1527 absentes,
1506 1477 1625 1518 audit
1657 1478 1821 1531 aliquos

92 1552 258 1605 publice
289 1553 532 1607 recitanteS,
564 1556 776 1606 postremo
811 1551 1022 1607 admonet,
1055 1551 1194 1605 siquid
1223 1555 1394 1605 praeter
1418 1551 1607 1594 ordinem
1633 1553 1821 1606 proxime

92 1628 157 1670 vel
187 1628 228 1669 in
261 1631 479 1681 posterum
511 1627 682 1677 incidat,
713 1627 853 1680 siquid
886 1627 1160 1680 singulariter
1191 1626 1518 1681 observandum,
1552 1628 1692 1680 siquid
1725 1641 1821 1682 pec-

94 1704 233 1744 catum
265 1703 432 1757 publice
465 1707 542 1746 cet.
606 1704 686 1756 (Ex
719 1717 805 1757 reg.
831 1706 854 1745 2
888 1704 1040 1756 singul.
1075 1703 1206 1745 Class.
1242 1706 1284 1745 et
1316 1703 1404 1745 Iuv.
1439 1703 1515 1745 loc.
1551 1704 1637 1755 cit.)

232 1778 350 1821 Hora
382 1780 497 1821 VIII.
540 1780 621 1832 (vel
655 1780 780 1833 paulo
814 1782 929 1832 ante)
964 1782 1217 1833 repetuntur
1248 1779 1554 1832 praelectiones
1587 1792 1660 1821 5611
1694 1779 1822 1832 expli-

93 1856 245 1895 cantur
276 1866 301 1896 a
331 1854 560 1910 discipulis,
594 1857 636 1896 et
666 1868 799 1896 novae
831 1855 1113 1908 explanantur
1145 1867 1169 1896 a
1190 1854 1396 1907 Magistro
1430 1857 1557 1907 atque
1580 1854 1818 1907 exiguntur.

94 1929 213 1982 (Reg.
238 1930 290 1971 25
325 1929 438 1971 00111.
464 1933 506 1971 61
537 1942 621 1983 reg.
648 1931 672 1971 2
706 1930 808 1983 sing.
837 1930 990 1982 01655.)
1044 1929 1312 1971 Antecedunt
1344 1932 1487 1971 autem
1513 1942 1680 1983 semper
1701 1942 1821 1983 prae-

93 2007 312 2057 ceptorum
343 2005 661 2060 praelectiones,
693 2007 735 2047 et
757 2005 996 2047 Authorum
1029 2005 1364 2058 subsequuntur,
1398 2008 1445 2046 ut
1477 2005 1517 2046 in
1551 2004 1615 2046 his
1638 2005 1710 2046 illa
1732 2017 1820 2046 cer-

92 2081 250 2121 nantur
281 2092 490 2133 expressa.
554 2080 657 2122 Post
688 2093 773 2135 665,
806 2080 945 2133 quoad
976 2093 1051 2133 per
1073 2083 1239 2133 tempus
1261 2079 1441 2131 licuerit,
1475 2080 1633 2133 scripta
1654 2080 1820 2133 publice

93 2155 376 2208 corriguntur.

230 2231 348 2273 Hora
368 2231 441 2273 IX.
476 2231 663 2274 dictatur
685 2231 926 2285 scriptionis
958 2234 1257 2284 argumentum
1290 2234 1344 2286 et,
1377 2229 1627 2273 brevissima
1659 2229 1698 2271 S.
1728 2228 1819 2283 Spi-

98 2306 205 2348 ritus
237 2306 533 2361 imploratione
566 2307 616 2350 de
649 2308 825 2361 genibus
858 2307 1109 2361 praemissa,
1149 2306 1434 2359 componitur;
1475 2305 1615 2348 soluta
1646 2305 1817 2358 quidem

93 2381 284 2424 oratione
314 2382 419 2424 feria
446 2383 517 2439 ΙΙ.,
549 2383 680 2436 ligata
711 2395 810 2425 vero
841 2383 947 2424 feria
969 2382 1041 2424 IV.
1075 2382 1115 2423 in
1150 2381 1367 2423 Classibus
1400 2380 1704 2435 superioribus,
1736 2380 1817 2422 nisi

93 2456 233 2499 soluta
263 2458 510 2512 compositio
543 2461 670 2500 antea
697 2456 848 2500 fuisset
869 2457 1084 2510 impedita.
1134 2457 1245 2498 Dum
1268 2459 1411 2498 autem
1434 2455 1476 2497 id
1498 2454 1557 2507 fit,
1590 2455 1628 2497 in
1655 2455 1818 2498 Scholis

93 2531 361 2575 inferioribus
386 2533 592 2587 Magister
612 2532 791 2576 subinde
824 2545 955 2575 unum
984 2532 1233 2588 alterumve,
1265 2545 1313 2573 ex
1344 2530 1604 2573 tardioribus
1636 2531 1817 2574 maxime

93 2607 331 2665 discipulis,
369 2608 423 2650 ad
461 2622 505 2651 se
544 2609 795 2652 accersitum
833 2608 875 2650 in
915 2607 1203 2662 componendo
1242 2607 1439 2661 privatim
1480 2606 1645 2661 dirigit,
1679 2607 1815 2660 Juvat,

92 2681 287 2739 instruit,
329 2684 394 2726 vel
436 2696 542 2737 quas
583 2685 756 2738 propria
793 2684 827 2726 is
867 2683 1078 2725 industria
1116 2683 1401 2737 composuerit
1439 2682 1689 2736 praescripti
1728 2681 1818 2723 the-

92 2758 218 2800 matis
251 2761 407 2814 961165,
440 2760 614 2813 corrigit
644 2772 833 2802 seorsum
863 2759 1051 2812 singulas
1082 2761 1210 2812 atque
1243 2757 1453 2813 emendat,
1486 2770 1620 2811 eaque
1653 2757 1816 2799 ratione

94 2834 370 2887 componendi
417 2836 552 2877 artem
592 2835 750 2878 edocet.
824 2835 1133 2888 Argumentum
1174 2846 1299 2887 porro
1340 2836 1427 2874 tam
1467 2832 1595 2875 breve
1636 2844 1727 2874 esse
1768 2834 1818 2873 ut

93 2907 322 2962 plurimum
361 2912 547 2966 oportet,
587 2913 635 2952 ut
664 2910 801 2964 spatio
840 2909 965 2951 unius
998 2908 1126 2951 horae
1164 2911 1207 2950 et
1239 2908 1390 2951 dictari
1422 2906 1639 2950 commode
1671 2910 1711 2948 et
1745 2906 1815 2948 ab·

94 2983 199 3025 solvi
231 2984 517 3039 componendo
550 2988 592 3027 et
623 2984 803 3027 describi
835 2988 974 3026 totum
1007 2983 1159 3038 possit3
1199 2984 1419 3037 satiusque
1449 2983 1579 3025 fuerit
1611 2982 1664 3023 ad
1696 2981 1815 3024 binos

93 3060 290 3101 ternosve
331 3072 478 3103 versus
520 3060 792 3114 scriptionem
833 3058 1083 3103 contrahere
1124 3059 1364 3101 universam
1407 3058 1473 3111 (id
1515 3057 1627 3110 quod
1666 3056 1816 3098 Infima

93 3133 361 3187 potissimum
404 3135 444 3177 in
488 3134 653 3192 Classe,
699 3135 770 3177 ubi
812 3147 940 3178 11161111
987 3148 1077 3178 6556
1121 3134 1387 3188 impeditiore
1431 3132 1624 3187 discipuli
1664 3132 1815 3187 solent,
