2164 3535
323 238 552 283 Einfiihrnng
577 238 641 274 der
666 249 781 274 neuen
802 239 843 273 R.
872 243 913 273 st.
941 238 975 273 in
1002 239 1066 273 der
1091 237 1376 273 oberdeutschen
1393 237 1496 272 Prov,
1527 240 1624 273 1834.
1756 242 1836 281 517

117 379 333 433 epistolari
364 379 460 432 gall.
495 379 572 421 vel.
606 391 757 431 germ,
791 379 995 433 carmine,
1027 378 1103 420 litt.
1145 377 1326 432 graecis,
1360 376 1562 419 Doctrina
1593 376 1706 432 ohne,
1740 377 1835 420 hist.

116 454 285 509 Romus,
318 453 598 507 Geographia,
631 453 826 496 Mathesi.

252 528 300 570 In
341 528 505 570 media
546 528 708 570 Gram
753 528 925 570 dentur:
969 541 1016 570 ex
1059 540 1223 582 progr.,
1265 527 1411 582 [stylo]
1455 526 1614 576 soluto,
1647 526 1838 568 versione

116 603 200 656 gall
247 603 311 644 vel
349 615 499 658 germ,
543 604 733 645 versione
775 603 868 658 lat,
912 603 991 645 litt.
1035 602 1218 658 graecis,
1260 603 1461 644 Doctrina
1501 601 1618 657 ohne,
1662 601 1837 643 historia

116 678 304 734 antiqua,
337 677 620 733 Geographia,
654 678 930 720 arithmetica.

252 759 300 800 In
332 757 539 800 infimae
571 758 731 800 Grani.
767 757 911 799 ordine
941 758 1207 811 superiore
1231 757 1401 801 dentur:
1436 771 1483 800 ex
1507 770 1663 814 progr.7
1687 758 1835 814 [stylo]

116 834 269 889 soluto,
303 833 494 875 versione
516 833 611 886 gall.
638 833 702 874 vel
725 845 871 887 germ„
904 833 1095 874 versione
1118 832 1206 881 lat,
1238 832 1317 874 litt.
1343 834 1519 885 graecis,
1554 834 1696 875 Doctr.
1723 833 1835 888 ohne,

114 908 291 951 historia
322 908 492 961 Ecclee,
525 907 806 960 Geographia,
840 907 1119 949 arithmetica.

251 994 300 1036 In
332 995 538 1037 infimae
561 994 722 1036 Gram.
754 993 899 1036 ordine
922 993 1025 1049 inf„
1050 994 1204 1035 dentur
1227 994 1414 1047 praemia
1438 1007 1485 1036 ex
1508 1007 1664 1050 progr.,
1687 995 1834 1050 [stylo]

114 1069 273 1124 soluto,
312 1070 503 1112 versione
535 1070 630 1125 lat,
663 1070 806 1111 Doctr.
842 1069 961 1124 ohne,
994 1069 1185 1111 Historia
1215 1076 1283 1119 sc,
1318 1068 1605 1125 Geographia,
1638 1070 1836 1112 arithme-

116 1144 219 1196 tica;
268 1148 311 1186 61
350 1145 422 1188 ubi
463 1144 565 1186 ordo
607 1145 801 1198 superior
848 1147 891 1185 et
927 1144 1100 1186 inferior
1144 1144 1277 1186 eidem
1317 1145 1589 1198 Praeceptori
1634 1145 1830 1200 subsunt,

115 1219 274 1261 alumni
305 1220 374 1261 inf.
419 1219 576 1261 ordinis
620 1219 672 1260 ad
714 1219 947 1272 praemium
982 1232 1029 1260 ex
1063 1231 1212 1271 graeco
1246 1231 1496 1262 concurrere
1528 1221 1707 1272 possunt
1738 1233 1833 1262 cum

114 1294 293 1336 alumnis
328 1294 486 1337 ordinis
518 1295 760 1347 superioris.

252 1369 400 1420 Quoad
432 1369 534 1411 haec
567 1370 754 1423 praemia
786 1370 972 1412 notanda
1005 1370 1244 1423 sequentia:

251 1448 293 1493 a)
342 1457 424 1497 quo
459 1444 624 1493 ordine,
664 1446 705 1486 et
737 1444 890 1497 quibus
923 1444 1162 1486 nominibus
1194 1444 1261 1486 hic
1293 1444 1494 1487 denotata
1525 1449 1643 1499 sunt,
1686 1445 1832 1487 eodem

111 1521 152 1562 in
186 1520 387 1573 Catalogo
421 1520 609 1569 veniant,
652 1520 887 1573 iisdemque
920 1519 1158 1561 nominibus
1193 1519 1478 1573 designentur.
1544 1521 1656 1562 Loco
1690 1524 1832 1562 tamen

112 1596 224 1637 vocis
256 1595 524 1646 Mathesis,
567 1603 751 1650 ponatur
792 1597 831 1637 in
876 1596 1050 1649 singulis
1085 1596 1279 1650 Collegiis
1312 1609 1359 1638 ac
1392 1596 1597 1638 classibus
1630 1608 1708 1638 vox
1740 1609 1835 1649 pro-

112 1671 204 1724 pria
235 1671 451 1727 materiae,
484 1684 592 1724 quae
626 1671 755 1713 cuivis
780 1671 903 1713 classi
935 1672 1142 1713 attributa
1173 1675 1255 1714 est:
1291 1685 1324 1712 v.
1350 1684 1387 1724 g.
1422 1671 1731 1720 Geometria,
1765 1671 1834 1712 al-

110 1746 284 1801 gebra,
317 1746 655 1789 arithmetica.

250 1822 294 1874 b)
345 1822 427 1863 Pro
477 1821 593 1863 vario
646 1833 818 1863 numero
871 1821 1173 1875 discipulorum
1224 1820 1287 1862 vel
1339 1823 1409 1862 uni
1462 1820 1664 1862 materiae
1711 1820 1833 1874 plura

111 1897 299 1951 praemia
337 1897 604 1949 tribuantur,
648 1900 696 1939 ut
738 1897 935 1949 Friburgi
974 1897 1014 1938 in
1058 1896 1210 1939 scholis
1254 1895 1414 1949 gallicis
1459 1895 1558 1937 bina
1589 1896 1834 1949 progressui

111 1985 264 2028 annuo,
297 1972 375 2028 vel,
408 1972 441 2014 si
474 1972 596 2025 pauci
630 1973 714 2014 sint
746 1972 953 2025 discipuli,
987 1984 1062 2025 pro
1095 1971 1288 2025 pluribus
1321 1971 1511 2013 materiis
1544 1983 1676 2012 unum
1709 1970 1835 2012 detur

109 2047 363 2102 praemium,
396 2049 444 2089 ut
475 2047 672 2100 Friburgi
704 2047 745 2088 in
778 2047 932 2089 scholis
965 2046 1236 2099 germanicis,
1270 2048 1312 2087 et
1344 2045 1456 2099 alibi,
1490 2045 1524 2087 si
1557 2057 1728 2088 necesse
1759 2045 1832 2096 sit;

109 2123 173 2164 vel
205 2135 280 2176 pro
312 2123 466 2164 litteris
498 2123 658 2175 graecis
691 2126 734 2165 et
765 2122 1009 2164 accessoriis
1042 2121 1165 2163 binae
1202 2121 1393 2175 scholae,
1426 2133 1535 2173 quae
1566 2120 1702 2162 eidem
1733 2120 1833 2162 Pro-

110 2197 258 2239 fessori
288 2197 490 2247 subsunt,
525 2201 797 2245 concurrant,
831 2200 877 2239 ut
910 2196 1106 2249 Friburgi
1138 2196 1305 2238 schola-e
1338 2195 1627 2250 germanicae,
1662 2195 1831 2239 Seduni.

111 2272 264 2325 Brigae
296 2285 452 2314 omnes.

249 2348 286 2388 2.
334 2346 493 2389 Curent
526 2347 740 2399 Magistri,
784 2351 829 2388 ut.
871 2346 1042 2389 chartae
1081 2358 1155 2399 pro
1197 2346 1394 2399 praemiis
1433 2345 1707 2388 scribentium
1749 2358 1831 2387 non

112 2422 390 2477 recipiantur,
431 2422 510 2463 nisi
554 2434 703 2463 nomen
736 2421 1003 2474 obsignatum
1038 2421 1112 2466 sit:
1154 2433 1202 2463 ac
1234 2421 1427 2474 discipuli
1459 2420 1631 2461 modum
1662 2420 1832 2462 nomina

111 2497 360 2550 obsignandi
392 2496 634 2539 doceantur.
699 2497 817 2550 (Reg.
844 2498 901 2549 6.)

250 2572 286 2613 3.
333 2571 660 2614 Commendetur
684 2571 924 2613 constitutis
948 2570 1270 2625 correctoribus,
1302 2574 1351 2612 ut
1374 2574 1470 2613 ante
1493 2583 1663 2612 examen
1687 2570 1831 2624 legant

112 2660 196 2700 reg.
222 2649 245 2689 9
278 2647 568 2688 Praemioruni
608 2646 658 2687 de
699 2646 821 2688 inodo
855 2645 1112 2699 corrigendi,
1152 2658 1329 2698 eamque
1361 2645 1604 2700 observent,
1648 2645 1758 2687 sicut
1789 2648 1831 2687 et

111 2722 333 2775 scalam¹),
371 2723 495 2775 juxta
536 2734 663 2774 quam
707 2721 808 2763 vitia
851 2733 1077 2774 pensorum
1117 2720 1382 2762 uniformiter
1413 2721 1454 2761 in
1487 2720 1638 2762 scholis
1671 2720 1829 2763 nostris

112 2797 264 2849 corrigi
306 2797 511 2838 volumus.
575 2796 740 2838 Iudices
783 2800 923 2837 autem
964 2795 1149 2848 separati
1189 2795 1425 2848 corrigant,
1474 2808 1521 2837 ac
1567 2795 1829 2847 singulorum

108 2872 267 2925 Judicia
298 2872 358 2913 ita
390 2870 680 2925 conferantur,
725 2874 773 2912 ut
805 2871 1018 2913 addantur
1050 2871 1213 2912 numeri
1254 2870 1463 2921 locorum,
1506 2870 1576 2923 qui
1616 2882 1641 2911 a
1681 2870 1829 2922 quovis

107 2946 251 2999 judice
289 2946 463 2998 singulis
509 2946 687 2987 alumnis
721 2946 914 2987 attributi
949 2949 1058 2987 sunt.
1121 2945 1162 2988 Is
1195 2948 1337 2988 autem
1370 2945 1565 2987 alumnus
1597 2945 1731 2986 victor
1761 2944 1828 2994 sit,

114 3022 186 3075 qui
219 3033 426 3063 summam
458 3022 661 3063 minorem
694 3021 858 3063 habeat.

252 3173 277 3213 1)
304 3171 383 3204 Wir
408 3171 526 3206 lassen
553 3171 603 3205 sie
633 3171 754 3205 weiter
780 3178 888 3205 nnten
916 3171 1043 3213 t'olgen
