2164 3535
240 206 323 250 536
543 203 611 239 Die
638 203 899 238 oberdeutsche
926 203 1078 237 Provinz
1108 202 1196 237 iiber
1222 202 1279 237 die
1306 213 1397 237 neue
1423 203 1465 237 R.
1493 207 1534 237 st.
1565 206 1662 239 1835.

241 346 431 389 locorum
462 358 636 399 morem,
671 356 752 386 non
785 343 1003 386 videretur
1034 343 1272 398 adjicienda
1292 343 1405 398 parti
1428 344 1617 397 regulae:
1652 356 1741 386 nec
1772 343 1832 385 ad
1863 356 1972 386 reo-

243 434 349 463 rum
391 420 656 475 Supplicia
698 422 833 474 eant,
875 419 1086 462 clausula:
1135 419 1234 461 nisi
1280 419 1435 461 aliter
1480 419 1705 472 regionis
1745 431 1849 461 mos
1889 431 1974 472 po-

243 497 418 539 stulet

383 589 581 643 Inprimis
625 589 861 643 generatim
893 592 1090 643 notatur,
1122 588 1275 630 studiis
1306 587 1576 630 inferioribus
1609 600 1634 630 a
1665 588 1845 632 Ratione
1877 588 1976 632 Stu-

246 665 412 707 diorum
455 678 662 707 annorum
702 678 927 708 numerum
968 664 1247 708 sufficientem
1289 677 1371 707 non
1403 664 1554 721 tribui,
1593 664 1815 719 supposita
1846 668 1977 708 mate-

247 740 428 793 riarum„
471 754 580 794 quae
622 754 733 783 nunc
767 740 1018 783 tractandae
1050 743 1169 793 sunt,
1210 739 1487 782 abundantia.
1550 739 1660 781 Olim
1692 740 1801 781 enim
1834 740 1978 794 lingua

245 815 378 857 latina
410 828 457 858 30
490 828 643 869 graeca
676 819 844 858 tantum
878 815 1104 858 discendae
1136 818 1277 866 erant3
1311 815 1362 857 de
1395 814 1641 857 accessoriis
1665 815 1733 857 vix
1755 815 1974 868 agebatur.

249 891 372 933 Nunc
403 893 574 945 praeter
604 891 771 945 linguas
803 891 902 943 1135,
944 903 1124 944 quarum
1157 890 1309 932 notitia
1339 893 1563 943 praestans
1596 890 1862 944 postulatur,
1904 903 1979 933 un-

251 966 377 1020 dique
408 967 569 1021 petitur
601 966 754 1009 notitia
786 979 869 1008 non
901 966 1088 1020 vulgaris
1120 966 1289 1019 linguae
1321 966 1505 1019 patriae,
1544 966 1718 1019 insuper
1748 965 1977 1021 Historiae,

249 1041 566 1098 Geographiae7
606 1042 864 1085 Matheseos.
928 1042 977 1084 In
1016 1042 1162 1095 lingua
1204 1041 1345 1095 patria
1377 1044 1420 1084 et
1452 1042 1785 1084 accessoriorum
1826 1041 1980 1083 notitia

249 1118 430 1159 maxime
451 1117 628 1160 Scholae
661 1120 833 1160 nostrae
866 1117 1011 1159 alienis
1044 1117 1275 1171 gymnasiis
1308 1116 1457 1158 cedere
1489 1116 1698 1159 videntur.
1754 1116 1858 1160 Inde
1881 1130 1980 1170 que-

250 1193 363 1235 relae
395 1206 444 1235 ex
467 1192 696 1235 Germania
725 1196 767 1235 et
789 1192 929 1235 Gallia
961 1192 1012 1234 de
1043 1192 1300 1234 scholarium
1333 1195 1577 1234 nostrorum
1610 1192 1847 1243 debilitate3
1881 1192 1981 1246 quia

251 1268 407 1322 ubique
439 1268 551 1321 anni⁷
583 1268 737 1321 quibus
769 1267 1034 1322 gymnasium
1067 1268 1379 1321 frequentatur,
1411 1267 1554 1321 plures
1587 1270 1699 1309 sunt.

391 1366 597 1409 Generale
638 1369 783 1408 votum
826 1369 891 1408 est
932 1365 1153 1408 Gallorum
1195 1369 1237 1407 et
1275 1365 1607 1416 Germanorum,
1650 1368 1698 1409 ut
1740 1367 1781 1409 in
1824 1366 1982 1409 nostris

253 1443 449 1496 Collegiis
482 1443 523 1485 in
557 1442 719 1485 Scholis
753 1442 1052 1496 Superioribus
1095 1441 1300 1484 doceatur
1330 1441 1552 1484 sublimior
1590 1442 1852 1498 eloquentia,
1896 1441 1983 1484 sive

252 1519 520 1570 litteratura,
553 1518 736 1560 maxime
768 1530 911 1568 sacra,
944 1517 1089 1570 lingua
1119 1518 1279 1573 patria,
1312 1530 1360 1560 ac
1392 1518 1583 1560 Historia
1614 1518 1866 1561 universalis
1897 1518 1985 1561 sive

254 1594 528 1647 Philosophia
571 1594 799 1636 Historiae.
862 1593 922 1635 Ac
965 1592 1158 1635 fortassis
1201 1592 1419 1647 expediret
1460 1593 1574 1636 hisce
1606 1594 1794 1636 materiis
1827 1606 1985 1636 annum

254 1669 467 1723 integrum
498 1672 596 1723 post
618 1669 724 1711 duos
747 1682 878 1712 annos
912 1668 1209 1722 Philosophiae
1241 1667 1444 1723 tribuere,
1476 1668 1576 1721 quia
1607 1669 1666 1711 sic
1700 1669 1875 1722 querela
1906 1668 1985 1711 tol-

256 1746 428 1801 leretur,
461 1744 575 1799 apud
606 1757 682 1787 nos
715 1757 790 1787 nec
813 1743 1127 1798 Eloquentiam,
1160 1743 1340 1786 maxime
1362 1756 1541 1795 sacram,
1574 1744 1718 1798 lingua
1742 1744 1984 1799 vernacula,

256 1834 331 1863 nec
363 1820 611 1876 Historiam,
643 1833 752 1873 quae
784 1819 908 1862 hodie
940 1819 1098 1873 ubique
1129 1821 1295 1861 tantum
1330 1822 1552 1875 urgentur,
1585 1819 1688 1862 satis
1723 1819 1867 1862 excoli.

397 1914 595 1967 Friburgi
627 1914 934 1965 Helvetiorum,
969 1915 1033 1955 12.
1059 1911 1254 1955 Octobris
1290 1912 1411 1953 1835.

906 2039 1082 2092 Georg.
1118 2038 1430 2091 Staudinger
1461 2038 1502 2081 S.
1527 2039 1565 2081 J.
1601 2038 1928 2094 [Provincialis.]
