2164 3535
215 213 299 255 456
743 210 819 246 Ffir
844 211 914 246 den
941 209 1289 255 Studienprafekten
1319 213 1417 247 1832.

214 352 409 395 doctrina
449 355 492 395 et
532 353 768 406 capacitate
809 352 1170 395 examinatoribus
1211 366 1261 395 ex
1299 352 1432 395 totius
1475 354 1574 395 anni
1619 353 1801 396 decursu
1853 367 1950 398 con-

214 431 323 483 stat,
370 441 452 470 non
494 428 619 470 debet
659 428 719 470 illi
761 428 901 470 fraudi
943 440 1036 471 esse
1072 427 1215 471 infelix
1257 428 1460 470 examinis
1493 440 1727 472 successus.
1791 430 1948 483 (Lugd.

218 504 282 546 10.
306 504 395 546 Ian.
432 504 574 555 1629.)

353 596 400 638 Β.
466 596 665 638 Natura
702 596 1098 650 Suffragiorum.

359 685 408 724 19
446 683 506 725 Ut
543 682 713 725 valeant
753 683 978 739 suffragia,
1028 697 1078 726 ea
1119 687 1236 726 certa
1277 698 1370 727 esse
1410 685 1583 736 debent3
1633 684 1809 727 dubium
1842 684 1953 726 enim

217 757 469 811 suffragium
519 758 561 799 in
615 758 809 801 omnibus
863 759 1032 801 omnino
1085 760 1348 802 examinibus
1401 773 1477 814 pro
1529 760 1643 802 nullo
1695 759 1954 802 habendum.

218 832 352 885 (Cam.
390 834 512 875 1622.
576 832 708 875 Rhen.
753 832 854 887 Sup.
903 835 966 877 16.
1000 834 1126 876 Mart.
1170 835 1293 876 1640.
1358 835 1531 877 Bohem.
1567 837 1632 877 27.
1668 834 1793 877 Febr.
1830 835 1954 877 1636.

219 907 360 961 Aquit.
395 908 433 949 3.
458 908 536 950 Iul.
574 909 717 961 1631.)

358 996 410 1037 29
451 994 589 1051 Clara,
621 995 756 1037 vitata
788 996 900 1038 omni
933 996 1195 1039 obscuritate
1228 1001 1270 1039 et
1302 997 1600 1051 ambiguitate3
1634 997 1745 1051 hinc,
1778 997 1812 1039 si
1836 996 1959 1038 dubi-

223 1073 315 1112 tent
347 1070 672 1113 Examinatores
707 1071 758 1113 de
790 1071 984 1113 doctrina
1016 1072 1215 1127 alicuius,
1247 1072 1390 1125 potius
1423 1073 1535 1114 clare
1567 1072 1725 1125 dicant,
1757 1085 1802 1114 se
1837 1071 1957 1114 dubi-

220 1147 327 1201 tare,
368 1158 462 1187 cum
495 1158 578 1187 non
609 1145 735 1189 liceat
764 1146 805 1187 in
839 1146 967 1188 dubio
1002 1146 1104 1189 dare
1135 1131 1386 1200 suffragium
1419 1148 1584 1195 favens;
1625 1150 1668 1190 et
1698 1147 1733 1188 si
1764 1159 1848 1189 non
1881 1146 1956 1188 du-

223 1221 382 1277 bitant,
429 1221 624 1264 absolute
665 1220 898 1278 affirment,
946 1235 1045 1265 nam
1082 1222 1330 1276 suffragium
1371 1223 1449 1265 hoc
1481 1237 1517 1264 v.
1552 1236 1590 1276 g.
1638 1225 1812 1276 »puto,
1857 1221 1959 1277 vix,

223 1309 394 1349 aegre,
437 1309 615 1350 parum
657 1309 883 1351 superasse
925 1297 1315 1354 mediocritatem«,
1357 1299 1423 1340 vel
1468 1298 1634 1352 »judico
1676 1298 1715 1340 vi
1756 1296 1959 1340 examinis

223 1384 465 1427 superasse,
498 1372 572 1414 sed
604 1372 774 1414 aliunde
808 1373 914 1427 scio,
947 1385 1029 1414 non
1063 1385 1268 1427 superare
1299 1373 1686 1425 mediocritatem«,
1728 1376 1804 1415 aut
1837 1384 1960 1415 »cum

224 1447 425 1488 mediocri
471 1447 761 1490 satisfactione
807 1450 850 1490 et
897 1460 1023 1500 aegre
1069 1448 1296 1491 docturum
1343 1449 1553 1502 aliquem«
1604 1461 1680 1502 pro
1736 1447 1959 1490 favorabili

225 1522 408 1564 habetur
439 1526 481 1565 et
511 1522 659 1564 haberi
690 1523 829 1578 debet,
862 1536 957 1565 cum
980 1526 1023 1565 et
1044 1536 1219 1566 examen
1250 1524 1306 1566 sit
1326 1524 1475 1577 regula
1491 1523 1655 1578 judicii,
1688 1536 1764 1565 nec
1789 1522 1961 1564 aliunde

231 1611 276 1640 se
301 1598 454 1651 juvare
485 1600 688 1653 possunt,
730 1598 810 1640 nisi
841 1598 883 1640 in
915 1598 1115 1641 favorem.
1180 1599 1237 1641 Et
1268 1599 1382 1652 quod
1423 1599 1516 1652 quis
1558 1611 1706 1654 aegre,
1746 1598 1838 1649 vix,
1877 1609 1962 1639 non

226 1672 410 1714 multum
452 1675 614 1727 potest,
659 1673 853 1715 absolute
896 1677 1039 1715 tamen
1071 1676 1114 1716 et
1144 1674 1315 1728 proprie
1345 1676 1513 1728 potest,
1556 1673 1655 1715 licet
1684 1686 1768 1715 non
1800 1673 1962 1726 absque

229 1746 491 1790 difficultate.
557 1747 662 1802 (CC.
703 1749 741 1789 5.
775 1748 854 1790 Iul.
892 1750 1015 1790 1641.
1077 1748 1115 1790 d.
1162 1750 1227 1791 10.
1261 1749 1361 1792 Dec.
1398 1749 1639 1791 1638—39.
1705 1774 1748 1778 -
1817 1747 1960 1802 Aquit.

232 1825 296 1865 16.
320 1822 446 1865 Febr.
481 1823 624 1876 1630.)

372 1915 415 1958 C.
480 1915 715 1967 Qualitas
753 1915 1138 1970 suffragiorum.
1204 1941 1254 1947 —
1317 1916 1434 1959 Haec
1466 1916 1585 1959 varia
1622 1928 1699 1970 pro
1732 1915 1860 1958 variis
1899 1918 1964 1958 est

232 1991 506 2034 examinibus.

374 2081 424 2120 19
462 2079 509 2120 In
543 2078 732 2120 examine
764 2078 817 2120 ad
840 2078 1034 2134 gradum,
1067 2079 1180 2120 sicut
1202 2092 1283 2121 non
1307 2079 1542 2132 requiritur
1564 2091 1614 2120 ea
1636 2078 1843 2134 doctrina,
1876 2091 1962 2132 qua

234 2153 330 2207 quis
362 2152 510 2195 finiens
543 2166 714 2195 cursum
748 2157 790 2195 et
820 2153 1015 2195 desinens
1048 2166 1141 2196 esse
1174 2154 1407 2208 discipulus
1441 2154 1526 2195 exit
1557 2167 1579 2195 e
1612 2154 1768 2210 schola,
1802 2167 1898 2196 mox
1920 2154 1963 2195 in

236 2241 328 2270 eam
371 2227 536 2281 regredi
575 2229 710 2281 possit
741 2231 789 2269 ut
832 2228 999 2283 doctor,
1042 2228 1180 2280 (Prov.
1214 2228 1358 2281 Aquit.
1396 2231 1459 2271 12.
1486 2229 1590 2282 Sept
1638 2231 1765 2282 1622)
1799 2230 1859 2272 sic
1889 2241 1965 2271 nec

236 2304 392 2345 sufficit
438 2304 479 2345 in
539 2304 616 2345 hoc
673 2304 863 2346 examine
911 2304 1100 2358 praecise
1146 2317 1372 2357 superasse
1418 2304 1751 2346 mediocritatem
1799 2304 1961 2356 (Polou.

239 2382 274 2420 1.
293 2378 407 2433 Sept.
436 2381 578 2433 1617),
611 2379 684 2421 sed
707 2380 833 2432 J'uxta
863 2382 1046 2422 mentem
1080 2380 1286 2432 Congreg.
1311 2380 1404 2422 VII.
1439 2380 1605 2421 Decret.
1631 2380 1684 2420 33
1717 2379 1962 2432 requiritur,

237 2457 286 2495 ut
317 2454 594 2496 Examinator
630 2454 823 2507 judicare
866 2455 1021 2510 possit,
1065 2458 1231 2496 tantum
1277 2454 1425 2497 adesse
1466 2455 1621 2507 ingenii
1654 2467 1702 2496 ac
1746 2454 1964 2496 doctrinae

232 2530 321 2583 jam
355 2529 609 2582 acquisitae,
649 2541 731 2570 non
766 2529 1070 2585 acquirendae,
1114 2532 1162 2572 ut
1193 2530 1288 2583 quis
1322 2533 1447 2583 aptus
1480 2531 1535 2572 sit
1566 2530 1619 2571 ad
1652 2529 1888 2572 docendum
1920 2529 1963 2571 in

239 2615 506 2657 quocumque
539 2604 728 2659 collegio,
760 2616 877 2645 more
909 2604 1121 2647 ordinario
1155 2604 1354 2646 adhibitis
1388 2605 1679 2646 communibus
1705 2604 1961 2658 adjumentis

240 2678 464 2720 Societatis
505 2679 664 2732 (Aquit.
703 2681 767 2724 17.
790 2678 904 2733 Sept.
942 2681 1094 2733 1622),
1136 2680 1216 2722 nisi
1258 2681 1400 2722 forsan
1442 2681 1496 2722 ad
1538 2680 1860 2734 gubernandum
1900 2679 1965 2722 vel

241 2753 294 2795 ad
326 2753 657 2795 concionandum
690 2754 873 2796 illustria
904 2755 1065 2797 talenta
1097 2758 1238 2797 essent
1267 2756 1308 2797 in
1342 2756 1594 2811 examinato,
1628 2756 1742 2809 quod
1772 2755 1966 2809 judicare

241 2830 307 2870 est
337 2840 465 2881 penes
496 2828 633 2869 solum
665 2829 713 2870 R.
748 2829 792 2869 P.
824 2829 873 2870 N.
909 2828 1114 2882 Congreg.
1139 2829 1232 2871 VII.
1267 2830 1387 2872 Decr.
1414 2831 1479 2871 33.

380 2915 431 2956 29
470 2914 517 2956 Ι11
551 2915 740 2956 examine
773 2927 822 2956 ex
853 2915 1165 2969 Metaphysica‚
1197 2916 1283 2958 sive
1316 2916 1513 2958 universa
1544 2915 1829 2971 Philosophia,
1863 2916 1964 2958 item

241 2989 282 3030 in
315 2988 480 3041 singulo
514 2989 704 3031 examine
735 3002 784 3031 ex
816 2990 981 3043 singulo
1004 2990 1256 3043 Theologiae
1284 3003 1393 3033 anno
1417 2990 1542 3033 debet
1564 2991 1659 3044 quis
1690 3003 1965 3045 superasse

242 3063 589 3105 mediocritatem.

382 3138 433 3180 3?
472 3138 520 3179 In
567 3138 754 3180 examine
801 3151 899 3181 vero
940 3152 988 3181 ex
1029 3140 1162 3193 Logia
1207 3142 1250 3181 et
1289 3139 1467 3194 Physica
1509 3140 1750 3193 attigisse
1796 3142 1963 3181 tantum
