2164 3535
362 230 578 266 Geschichte
604 241 649 266 an
675 230 743 266 den
770 230 987 276 Gymnasien
1012 230 1076 265 der
1099 228 1424 265 osterreichischen
1452 228 1614 264 Provinz.
1764 232 1842 272 127

271 372 404 414 Unius
437 371 762 413 Deelamationis
793 371 882 412 loco
915 371 1077 413 utiliter
1106 370 1355 412 instituetur
1376 368 1602 411 Academia
1630 368 1845 410 Historica

133 459 182 488 ex
213 446 352 500 prima
382 446 511 488 libelli
541 450 662 499 parte
687 458 821 499 usque
844 445 897 487 ad
918 445 1139 499 periodum
1162 444 1429 487 Austriacam
1450 456 1525 486 seu
1547 443 1769 485 Albertum
1790 443 1845 485 ΙΙ.

132 521 449 574 Imperatorem.
485 533 520 562 v.
556 532 616 572 g:

269 601 385 652 Quae
417 603 481 642 est
510 600 627 653 origo
651 600 840 641 Nominis
871 603 913 641 et
943 600 1137 642 factionis
1161 599 1410 642 Guelforum
1441 601 1483 640 et
1504 598 1841 640 Gibellinorum?

134 700 184 706 —
229 676 341 726 Quot
372 675 601 716 Caesarum
633 674 823 726 periodi?
870 674 964 726 quis
998 686 1132 716 annus
1165 676 1370 728 cujusque
1401 673 1592 727 primus?
1657 698 1705 703 —
1769 673 1848 724 Qui

129 750 313 792 violenta
342 752 478 791 morte
509 748 693 790 sublati?
746 772 796 778 —
851 748 929 798 Qui
962 748 1013 790 de
1045 749 1219 802 imperio
1252 750 1363 790 inter
1394 762 1438 791 se
1469 748 1742 802 pugnarunt?
1795 772 1844 778 —

132 823 309 875 Quinam
350 823 656 877 expeditionem
698 822 740 864 in
778 826 935 864 terram
967 826 1158 864 sanctam
1190 824 1441 876 suscepere?
1504 848 1554 853 -
1618 823 1734 874 Quae
1764 823 1849 866 fuit

130 899 292 941 Electio
323 898 534 951 Rudolphi
559 897 857 953 Habspurgici‚
890 910 997 950 quae
1029 898 1118 951 ejus
1151 897 1201 939 de
1233 898 1414 951 Imperio
1448 898 1626 940 merita?
1661 922 1710 928 --
1746 898 1846 948 Quis

127 974 208 1017 fuit
238 974 422 1016 Vitricus
453 973 624 1026 Imperii
655 972 791 1014 dictus
823 975 865 1014 et
896 972 999 1013 cur?
1063 996 1112 1001 -
1176 971 1288 1022 Quot
1318 971 1566 1014 Nominibus
1599 972 1839 1026 appellatur

128 1049 336 1091 Henricus
367 1048 453 1090 IL?
492 1072 541 1077 —
583 1047 631 1088 In
662 1059 767 1101 quos
800 1047 1077 1100 imperatores
1109 1046 1189 1100 ipsi
1222 1046 1295 1088 filii
1326 1046 1614 1088 rebellarunt?
1653 1071 1703 1076 —
1745 1046 1846 1098 Quis

128 1124 438 1178 Imperatorum
471 1136 492 1164 e
522 1134 653 1176 prava
685 1122 819 1164 tutela
851 1122 1107 1175 corruptus?
1142 1146 1191 1151 —-
1235 1122 1351 1172 Quae
1384 1121 1523 1164 Caroli
1555 1121 1626 1163 IV.
1663 1121 1713 1163 de
1745 1120 1847 1164 Ger-

128 1199 269 1241 mania
298 1198 476 1240 merita?
520 1197 570 1240 de
602 1197 833 1239 Bohemia?
877 1222 926 1227 —
970 1197 1030 1239 Ut
1062 1197 1312 1250 Burgundia
1343 1197 1524 1250 Imperio
1557 1196 1722 1250 adJecta
1753 1196 1848 1238 est?

131 1298 181 1304 —-
214 1274 399 1316 Recense
430 1273 659 1326 interregni
690 1272 832 1326 magni
863 1272 985 1313 mala.
1023 1296 1072 1302 —
1108 1271 1325 1322 Quomodo
1349 1271 1464 1324 regio
1487 1284 1617 1325 supra
1640 1271 1843 1313 Onasium

130 1349 305 1391 accessit
327 1348 553 1390 Austriae?
587 1372 637 1377 -
672 1347 850 1398 Quinam
874 1347 1075 1389 Caesares
1105 1345 1155 1388 de
1187 1346 1376 1388 Ecclesia
1407 1346 1563 1399 optime
1593 1346 1761 1388 meriti?
1796 1371 1846 1376 —

130 1425 217 1467 Cur
238 1425 511 1467 Wenceslaus
545 1428 609 1466 est
640 1423 975 1466 exauthoratus‘?
1009 1447 1059 1453 -
1096 1422 1314 1473 Quomodo
1338 1422 1481 1464 Hunni
1512 1422 1553 1463 in
1577 1421 1848 1463 Germaniam

129 1500 358 1553 pertracti?
391 1524 440 1530 —
477 1500 655 1550 Quinam
685 1500 803 1542 fuere
833 1512 909 1553 per
929 1499 1218 1551 interregnum
1241 1498 1442 1540 Caesares
1466 1497 1627 1539 exteri?
1661 1521 1711 1526 -
1746 1496 1847 1547 Quis

129 1575 320 1617 conditor
350 1575 582 1630 Maurbaci,
616 1587 725 1628 quae
756 1576 846 1628 ejus
880 1573 1080 1616 fortuna?
1115 1598 1164 1603 -—
1209 1573 1389 1623 Quinam
1421 1573 1537 1614 fuere
1570 1572 1738 1613 maximi
1771 1572 1849 1613 Ec-

130 1650 278 1692 clesiae
310 1649 481 1692 hostes?
539 1675 588 1680 —-
642 1650 857 1692 Ecclesiae
887 1649 1044 1701 hostes,
1078 1661 1160 1702 quo
1191 1648 1338 1690 mortis
1372 1660 1524 1700 genere
1555 1646 1748 1701 periere?
1795 1671 1845 1677 -

131 1724 308 1775 Quinam
340 1724 382 1766 in
413 1725 551 1767 locum
573 1724 743 1766 Henrici
766 1725 838 1766 IV.
871 1724 1019 1766 electi?
1054 1749 1103 1753 —
1137 1723 1217 1774 Qui
1249 1723 1366 1765 fuere
1390 1722 1529 1764 Caroli
1551 1722 1622 1764 IV.
1655 1722 1848 1764 errores?

131 1825 182 1829 —
226 1799 461 1842 Saxonibus
494 1800 565 1853 qui
596 1800 821 1853 praecipue
853 1798 996 1841 hostes
1028 1799 1175 1841 fuere?
1219 1823 1268 1828 —-
1312 1797 1428 1848 Quae
1460 1797 1629 1840 Henrici
1662 1798 1847 1851 Aucupis

127 1875 306 1916 merita?
349 1898 397 1906 -κ
442 1875 543 1925 Quis
575 1874 655 1916 fuit
687 1873 1003 1916 Wittekindus?
1046 1899 1095 1904 —
1137 1873 1258 1924 Quod
1289 1873 1370 1915 fuit
1400 1873 1583 1926 primum
1614 1872 1654 1913 in
1687 1872 1846 1914 Turcas

128 1949 312 1991 bellum?
345 1975 395 1981 —
430 1949 648 2001 Quomodo
671 1949 815 1991 Hunni
847 1949 1026 2002 denique
1059 1948 1110 1990 ab
1135 1947 1363 1990 Germania
1394 1947 1588 2001 depulsi?
1623 1972 1672 1978 -
1707 1947 1742 1988 E
1772 1947 1847 1988 tri-

127 2024 206 2067 bus
229 2024 447 2081 Conradis‚
479 2037 603 2078 quem
636 2024 841 2078 optimum
873 2024 1047 2066 censes?
1082 2047 1132 2052 -
1167 2022 1284 2073 Quae
1315 2022 1432 2064 fuere
1462 2021 1720 2075 Sigismundi
1753 2035 1847 2064 cum

128 2099 313 2142 Hussitis
345 2100 485 2142 bella?
526 2125 575 2129 —
619 2099 708 2150 Quo
741 2099 907 2153 ingenio
939 2099 1018 2140 fuit
1050 2098 1290 2140 Ludovicus
1324 2097 1544 2139 Bavarus?
1578 2122 1628 2128 -
1663 2097 1756 2148 Qua
1787 2097 1847 2139 in—

128 2174 221 2217 dole
242 2174 483 2217 Fridericus
506 2175 591 2217 IL?
626 2200 676 2205 —
712 2175 828 2226 Quae
861 2175 1040 2217 clariora
1071 2186 1174 2228 prae
1205 2173 1382 2216 caeteris
1414 2172 1575 2226 praelia
1603 2172 1847 2216 existimas?

131 2275 180 2280 —
222 2250 331 2301 Quid
363 2250 489 2293 variis
521 2250 855 2304 Imperatoribus
887 2262 980 2292 cum
1012 2249 1151 2291 Dania
1183 2249 1339 2302 negotii
1369 2248 1477 2290 fuit?
1521 2273 1570 2277 —
1615 2247 1695 2298 Qui
1726 2260 1845 2301 reges

128 2325 181 2368 ab
212 2326 544 2379 Imperatoribus
577 2325 704 2367 dicti?
739 2350 787 2355 -—
824 2324 1041 2375 Quomodo
1074 2324 1324 2366 Austriacae
1355 2323 1600 2365 Provinciae
1627 2323 1846 2377 Habspur-

128 2401 229 2454 gicis
268 2402 511 2444 accessere?
566 2426 615 2430 -
670 2400 770 2451 Quis
803 2400 960 2442 Genius
993 2399 1197 2442 Friderici
1228 2400 1293 2441 1.‘.>
1347 2423 1396 2428 -
1450 2398 1530 2449 Qui
1561 2399 1844 2452 Imperatores

128 2477 318 2520 Historia
348 2480 448 2519 sunt
479 2476 705 2519 delectati?
739 2501 788 2506 —
833 2475 941 2526 Quid
973 2475 1273 2528 Lotharingiae
1305 2487 1433 2516 causa
1463 2474 1619 2527 negotii
1651 2473 1758 2516 fuit?
1792 2499 1842 2506 --

130 2551 305 2603 Quando
338 2564 430 2594 cum
454 2552 669 2604 Ungariae
701 2551 870 2604 regibus
892 2550 1157 2604 pugnatum?
1191 2574 1241 2579 —
1277 2549 1431 2599 Quales
1453 2548 1570 2591 fuere
1591 2549 1844 2592 Hunnorum

128 2627 425 2670 excursiones?
473 2651 522 2656 —-
571 2627 857 2669 Mediolanum
889 2638 964 2668 cur
995 2626 1081 2668 sale
1114 2625 1350 2668 consitum?
1394 2649 1440 2655 —-
1488 2624 1620 2675 Quale
1652 2623 1844 2667 Schisma

126 2702 316 2745 turbavit
346 2701 607 2745 Ecclesiam?
668 2701 885 2753 Quomodo
922 2701 1166 2743 sublatum?
1228 2724 1278 2730 —
1342 2699 1521 2750 Quinam
1565 2703 1662 2754 post
1693 2699 1844 2742 Arnul-

127 2776 256 2831 phum
288 2777 436 2819 Italiae
466 2777 631 2831 Reges?
684 2802 734 2807 -
789 2776 904 2827 Quae
937 2776 1102 2818 Ottonis
1134 2775 1188 2817 M.
1221 2775 1263 2817 in
1294 2775 1420 2817 Italia
1451 2775 1574 2817 acta?
1622 2800 1671 2805 —-
1726 2775 1842 2826 Quae

129 2852 387 2906 reliquorum
416 2851 620 2895 Ottonum
648 2856 743 2894 acta
773 2852 814 2894 in
846 2851 1001 2894 Italia?
1031 2875 1087 2880 -—-
1119 2850 1295 2901 Quando
1326 2850 1504 2892 maxime
1536 2849 1719 2892 defluere
1751 2862 1841 2892 coe-

128 2927 191 2981 pit
221 2926 450 2970 Caesarum
481 2928 699 2981 potestas?
748 2952 797 2957 —
847 2926 948 2977 Quis
979 2938 1075 2968 cum
1106 2925 1310 2968 fratribus
1342 2925 1451 2968 bella
1483 2925 1644 2978 gessit?
1690 2949 1740 2955 —-
1781 2924 1841 2967 Ut

127 3001 292 3045 litteras
323 3002 533 3056 promovit
555 3001 732 3045 Carolus
754 3002 963 3055 Magnus?
997 3025 1046 3031 —-
1080 2999 1192 3042 Nihil
1223 3012 1411 3054 unquam
1433 3000 1589 3042 audisti
1612 2999 1663 3042 de
1685 2999 1837 3053 Magno

128 3076 348 3120 Rolando?
384 3101 429 3106 —-
465 3076 545 3128 Qui
577 3090 661 3131 quo
692 3080 834 3120 tutore
865 3076 1104 3119 Ludovicus
1136 3074 1307 3118 Infans?
1340 3078 1417 3118 cet.
