2164 3535
245 266 300 306 94
873 263 1102 299 Schriftliche
1129 263 1339 308 Uebungen.

379 403 612 457 Philippica
643 404 685 445 in
716 404 957 458 Philippum
980 405 1027 446 R.
1052 404 1347 455 Macedonum,
1373 409 1415 447 et
1437 406 1526 458 ejus
1549 409 1803 448 crescentem
1825 410 1970 460 poten-

242 479 357 520 tiam.
419 478 729 532 Argumentum
762 492 812 520 ex
843 480 1139 522 Demosthenis
1172 480 1431 534 Philippicis.

381 553 444 594 Ad
475 553 760 595 Alexandrum
784 554 838 595 M.
863 566 915 595 ne
937 554 1103 608 Scythis
1126 555 1283 597 bellum
1305 560 1483 598 moveat.
1549 556 1806 607 Legatorum
1828 557 1963 598 oratio

242 630 307 669 est
338 627 378 669 in
413 628 571 670 Curtio.

380 704 579 745 Defensio
611 704 778 746 Horatii
801 705 854 746 ob
877 705 1035 747 sororis
1059 705 1252 748 Caedem.
1291 730 1339 736 —
1373 706 1497 748 Bruti
1520 706 1574 748 ad
1596 707 1807 749 Romanos
1830 707 1966 748 oratio

241 778 282 819 in
323 778 586 831 Tarquinios.
631 804 682 809 —
723 780 925 823 Veturiae
964 782 1099 823 oratio
1140 782 1193 823 ad
1236 781 1505 824 Coriolanum
1547 781 1690 823 filium.
1731 807 1780 812 -—
1822 782 1968 824 Attilio

240 854 401 906 Regulo
437 854 730 908 Panegyricus.

379 929 444 970 Ad
477 930 521 971 Ρ.
556 930 604 971 R.
640 930 691 972 de
722 943 830 972 nova
861 931 995 973 classe
1027 931 1289 974 aedificanda
1321 933 1429 974 bello
1462 932 1620 974 Punico
1652 933 1684 973 I.

381 1006 531 1047 Hanno
555 1007 595 1047 111
617 1006 776 1048 Senatu
795 1006 1129 1060 Carthaginiensi
1151 1008 1303 1050 suadet
1322 1008 1475 1049 bellum
1497 1008 1537 1049 in
1557 1008 1780 1049 Romanos.
1812 1007 1968 1048 Livius.

380 1081 443 1122 Ad
458 1081 751 1132 Hannibalem,
775 1086 823 1123 ut
844 1082 896 1124 ab
911 1082 1119 1124 Cannensi
1138 1083 1314 1125 victoria
1330 1090 1445 1124 recta
1458 1083 1633 1124 Romam
1656 1086 1785 1136 petat.
1811 1082 1966 1123 Livius.

377 1156 442 1197 Ad
474 1157 517 1197 P.
552 1157 600 1198 R.
640 1157 797 1198 bellum
829 1158 869 1198 in
902 1157 1099 1199 Affricam
1126 1158 1445 1211 deportandum.
1482 1183 1532 1188 —
1566 1158 1672 1199 Item
1695 1158 1814 1199 Fabii
1843 1171 1970 1212 oppo-

238 1230 320 1272 sita
352 1243 399 1272 ac
422 1231 692 1273 dissuasoria.
727 1232 814 1273 Liv.
858 1258 901 1261 —
936 1233 978 1273 P.
1005 1233 1188 1286 Scipioni
1212 1234 1510 1287 Panegyricus.
1555 1259 1597 1263 —
1632 1233 1805 1275 Catonis
1829 1234 1964 1275 oratio

239 1310 289 1347 de
322 1307 602 1349 exscindenda
634 1308 901 1361 Carthagine.
939 1334 988 1339 —-
1023 1308 1228 1362 Scipionis
1270 1310 1447 1351 Nasicae
1481 1309 1531 1351 de
1563 1309 1709 1351 eadem
1743 1309 1952 1351 servanda

239 1381 325 1422 Liv.
362 1407 414 1411 —
447 1382 693 1437 Pompejum
726 1383 889 1425 felicem
921 1385 1055 1438 magis
1088 1398 1215 1438 quam
1248 1385 1450 1438 Magnum
1484 1384 1719 1426 dicendum.

377 1457 592 1500 Invectiva
633 1459 673 1500 111
712 1460 924 1502 Romanos
963 1461 1053 1502 sola
1091 1460 1319 1502 ambitione
1356 1473 1431 1513 per
1469 1473 1677 1502 summam
1715 1460 1967 1513 injustitiam

239 1532 546 1589 Brundusium,
580 1534 794 1590 Baleares.
828 1535 997 1577 Cretam
1030 1540 1106 1577 cet.
1142 1536 1368 1589 rapientes.

376 1613 557 1656 Menenii
590 1616 724 1657 oratio
758 1616 811 1657 ad
843 1616 1007 1669 plebem
1040 1617 1080 1658 in
1114 1621 1255 1658 monte
1278 1629 1410 1659 56610.
1465 1616 1554 1658 Liv.
1591 1640 1639 1646 ——
1675 1616 1862 1658 Canuleii
1884 1629 1960 1670 pro

238 1689 459 1731 consulatu
502 1690 613 1743 plebi
646 1692 1004 1733 communicando.
1044 1718 1092 1722 -
1127 1692 1192 1733 Ad
1226 1692 1430 1734 Senatum
1464 1692 1514 1733 de
1545 1691 1795 1744 promiscuis
1828 1692 1962 1745 plebis

237 1768 280 1805 et
310 1765 522 1806 Nobilium
557 1766 788 1808 connubiis.
843 1767 932 1808 Liv.
969 1793 1018 1798 —-
1053 1768 1141 1809 Tib.
1168 1767 1349 1809 Gracchi
1381 1780 1456 1821 pro
1488 1767 1579 1819 lege
1611 1767 1780 1819 agraria
1812 1767 1960 1808 oratio.

239 1864 290 1869 —
325 1839 543 1882 Corneliae
575 1841 725 1883 Matris
766 1842 818 1883 ad
852 1842 894 1883 C.
929 1842 1168 1884 Gracchum
1213 1842 1344 1884 filium
1377 1842 1681 1884 dehortatoria.
1731 1867 1781 1872 —
1830 1843 1960 1884 Marsi

238 1918 314 1955 661.
347 1919 500 1968 petunt
531 1916 602 1958 [us
638 1916 844 1959 Civitatis.
895 1943 944 1947 —
995 1918 1196 1960 Suasoria
1229 1918 1282 1959 ad
1316 1917 1491 1972 Syllam,
1524 1921 1572 1958 111
1604 1917 1859 1958 dictaturam
1892 1918 1963 1959 ab-

237 1989 359 2031 dicet.
397 2015 446 2020 —
483 1991 650 2033 Lentuli
676 1992 790 2034 Coss.
822 1993 957 2034 oratio
987 1993 1037 2034 de
1061 1993 1261 2035 Cicerone
1284 1993 1532 2035 revocando.
1559 2018 1608 2023 —
1633 1992 1698 2033 Ad
1722 1992 1960 2045 Caesarem,

238 2077 289 2105 ne
322 2066 583 2108 Rubiconem
616 2069 820 2109 transeat.
856 2092 906 2096 -ψ
941 2067 1166 2109 Caesarem
1193 2068 1291 2121 jure
1323 2080 1492 2109 caesum
1525 2067 1668 2109 videri.
1706 2092 1754 2097 —-
1789 2067 1854 2108 Ad
1887 2067 1963 2108 Ca-

237 2144 393 2195 10116111,
425 2154 477 2182 116
509 2141 587 2182 sibi
620 2154 769 2183 manus
802 2142 961 2184 afferat.
998 2167 1046 2172 -—-
1081 2143 1145 2184 Ad
1179 2143 1221 2184 C.
1249 2143 1485 2193 Octavium,
1516 2156 1568 2184 116
1592 2143 1834 2185 Ciceronem
1867 2155 1963 2196 pro-

238 2215 407 2257 scribat.
444 2241 493 2245 —
528 2216 742 2258 Invectiva
773 2217 813 2258 111
846 2217 1089 2272 Antonium,
1123 2217 1176 2258 ad
1206 2217 1498 2259 Octavianum.
1533 2243 1585 2246 —
1618 2218 1875 2260 Maecenatis
1908 2217 1961 2258 ad

238 2291 492 2343 Augustum,
526 2304 576 2333 116
609 2292 837 2345 Imperium
871 2293 1051 2349 abdicet7
1084 2298 1125 2336 et
1156 2293 1377 2346 Rempubl.
1414 2293 1623 2334 restituat.
1687 2293 1871 2335 Tacitus.
1904 2317 1960 2322 ——

238 2366 471 2408 Maecenati
505 2367 801 2421 Panegyricus.
839 2393 888 2397 —
923 2367 988 2408 Ad
1016 2369 1256 2420 Augustum
1290 2368 1520 2410 consolatio
1554 2367 1606 2409 ob
1638 2368 1798 2410 cladem
1832 2367 1959 2417 Quin-

236 2442 315 2482 tilii
349 2442 462 2483 Vari.

375 2517 551 2558 Arminii
593 2517 728 2558 oratio
771 2518 823 2559 ad
865 2531 964 2560 suos
1007 2518 1239 2560 Germanos
1280 2518 1332 2559 de
1371 2517 1595 2560 concordia
1635 2517 1839 2560 adversus
1878 2518 1958 2559 Ro-

237 2605 396 2634 manos.
450 2593 580 2634 Tacit.

374 2668 454 2708 Pro
488 2667 702 2709 Cremutio
736 2669 873 2711 Cordo
907 2670 960 2711 ad
992 2670 1217 2723 Tyberium
1251 2669 1450 2711 defensio.
1488 2693 1536 2698 —
1579 2668 1760 2710 Senatus
1793 2667 1847 2708 ad
1878 2666 1955 2720 Ty-

238 2742 420 2792 berium,
460 2747 507 2783 ut
538 2744 695 2785 Romae
734 2744 926 2786 habitare
963 2745 1102 2798 malit,
1141 2757 1268 2797 quam
1300 2743 1485 2796 Capreis.
1550 2768 1600 2773 —
1662 2741 1877 2783 Invectiva
1914 2741 1955 2782 in

238 2817 483 2870 Caligulam.
520 2843 568 2847 -—
606 2818 855 2860 Corbulonis
889 2820 1094 2869 suasoria,
1128 2823 1176 2860 ut
1208 2820 1248 2860 in
1271 2818 1534 2860 Britanniam
1568 2817 1708 2859 veniat
1739 2816 1953 2858 Claudius.

240 2918 288 2923 -
324 2892 496 2944 Galgaci
520 2892 713 2934 Britanni
746 2894 879 2935 oratio
902 2894 942 2934 in
966 2895 1177 2936 Romanos
1201 2907 1225 2935 a
1247 2893 1390 2934 Tacito
1414 2893 1686 2945 perellegans.
1723 2917 1772 2921 ——
1808 2891 1953 2933 Oratio

237 2968 278 3009 in
312 2967 485 3021 Senatu,
507 2967 716 3009 Neronem
739 2980 854 3009 more
877 2969 1083 3022 Majorum
1108 2968 1387 3021 plectendum.
1422 2968 1551 3009 Tacit.
1588 2992 1637 2996 —
1672 2967 1737 3007 Ad
1761 2966 1953 3017 Galbam,

238 3055 288 3083 ne
320 3055 363 3083 se
395 3042 438 3082 Τ.
474 3042 594 3083 Vinio
627 3042 799 3082 nimium
832 3043 1060 3095 indulgeat.
1113 3069 1158 3072 ff*
1199 3042 1400 3084 Suasoria
1432 3042 1484 3082 ad
1517 3042 1758 3096 'l'1·aianum,
1791 3046 1839 3082 ut
1869 3042 1952 3083 vini

238 3116 496 3158 moderatior
525 3117 592 3157 sit.
655 3141 708 3145 —
769 3116 833 3157 Ad
867 3116 1149 3167 Hadrianum,
1189 3129 1240 3157 ne
1271 3116 1489 3169 Templum
1522 3116 1950 3169 Hierosolymitanum

240 3191 376 3233 violet.
425 3216 466 3220 ψ
518 3191 735 3232 Funeralis
768 3192 903 3233 oratio
936 3192 1165 3233 Hadriano.
1215 3216 1258 3220 —
1306 3192 1587 3244 Panegyricus
1621 3193 1831 3233 Antonino
1863 3192 1949 3232 Pio.
