2164 3535
190 219 268 260 118
418 213 639 250 Geschichte
665 224 710 250 an
737 214 806 251 den
833 215 1053 260 Gymnasien
1079 215 1143 251 der
1167 216 1495 254 osterreichischen
1519 218 1684 256 Provinz.

186 360 235 400 ut
265 358 534 411 quaestiones
567 358 620 400 ad
643 357 869 401 artificium
890 358 1104 411 poeticum
1127 360 1368 412 spectantes
1392 361 1457 411 (ex
1479 359 1650 403 Poetica
1673 362 1912 405 Aristotelis

186 433 252 476 vel
281 434 325 476 P.
361 433 475 488 Jayi)
510 434 561 477 de
593 435 918 489 epigrammate,
959 433 1195 490 epitaphio,
1238 434 1337 490 ode,
1377 435 1530 491 elegia,
1563 438 1785 493 epopoeja,
1827 440 1913 480 tra—

188 509 358 564 goedia;
400 513 450 552 ut
488 510 539 552 de
580 509 740 552 Senatu
772 510 987 571 Romano,
1030 509 1081 551 de
1111 508 1380 566 Atheniensi,
1424 510 1475 553 de
1516 512 1740 566 utriusque
1778 513 1913 566 gentis

187 586 358 639 militia;
401 588 451 627 ut
481 585 533 627 de
564 598 609 627 re
640 584 845 640 hortensi,
878 583 930 626 de
963 584 1174 640 vestiaria,
1208 584 1259 626 de
1290 585 1487 642 triclinio,
1520 586 1570 628 de
1602 587 1830 643 triumpho,
1863 588 1914 630 de

189 661 355 716 Sibyllis
404 665 446 704 et
495 661 585 703 aliis
632 660 797 714 generis
838 659 1040 713 ejusdem.
1114 660 1243 713 (Reg.
1278 663 1327 703 15
1370 661 1519 714 Rhet.)
1590 661 1794 716 Spectant
1833 663 1915 706 huc

189 749 359 791 quoque
390 736 581 790 symbola
611 735 899 791 Pythagorea,
942 735 1321 789 apophthegmata,
1361 736 1532 793 adagia,
1565 738 1804 791 aenigmata
1835 741 1912 781 cet.

190 812 276 865 (Ex
316 824 401 864 reg.
429 813 480 854 12
512 811 661 863 Rhet.)
732 811 839 852 Item
879 811 1199 866 inscriptiones,
1248 814 1298 852 ut
1338 811 1604 867 clypeorum,
1647 813 1914 870 templorum,

189 886 522 942 sepulchrorum,
554 886 789 942 hortorum,
821 888 1063 928 statuarum
1094 888 1170 928 cet.
1220 887 1302 940 (Ex
1333 899 1417 940 reg.
1445 888 1496 929 18
1529 887 1670 940 Rhet.)
1722 889 1809 931 Nec
1831 901 1914 931 non

189 962 372 1018 fabulae,
404 962 681 1015 antiquitates
703 954 932 1017 Romanae,
964 961 1164 1004 historiae
1185 962 1559 1018 memorabiliores,
1592 963 1777 1019 oracula,
1808 967 1916 1007 stra-

191 1040 405 1092 tegemata
436 1038 604 1093 bellica,
643 1036 755 1080 facta
786 1037 988 1092 illustria,
1021 1036 1325 1090 descriptiones
1357 1040 1434 1080 cet.
1498 1038 1581 1091 (Ex
1613 1038 1756 1081 Ordinv
1791 1039 1913 1083 Prov.

191 1114 216 1169 ξ
238 1115 262 1156 8
294 1126 334 1156 n.
361 1114 445 1166 18.)

276 1546 384 1600 Die
429 1544 781 1600 Gesehichte
828 1566 900 1600 an
945 1546 1054 1600 den
1101 1544 1461 1619 Gymnasien
1508 1548 1608 1602 der
1651 1555 1833 1604 &ster—

721 1650 1080 1705 reiehischen
1127 1650 1388 1706 Provinz.

335 1799 420 1840 Der
451 1798 673 1841 Verfasser
713 1798 789 1840 der
829 1797 1058 1840 Instructio
1099 1798 1285 1854 privata,
1325 1799 1369 1841 P.
1404 1799 1542 1841 Franz
1577 1799 1786 1854 Wagner,
1827 1799 1918 1842 liess

198 1886 294 1915 zum
332 1872 556 1916 Gebrauch
598 1873 737 1916 seiner
767 1873 959 1915 Zuhorer
997 1873 1054 1915 im
1085 1873 1217 1916 Jahre
1251 1876 1360 1917 1714
1398 1874 1517 1916 einen
1550 1873 1689 1917 Abriss
1733 1875 1809 1916 der
1839 1874 1919 1917 Ge-

197 1948 381 1991 schichte
421 1948 663 1991 erscheinen
707 1952 832 1990 unter
870 1948 963 1990 dem
996 1949 1123 1991 Titel:
1172 1949 1329 1992 Mensis
1361 1949 1692 2004 chronologicus.
1756 1950 1805 1991 In
1838 1949 1917 1993 den

200 2025 432 2077 zwanziger
463 2024 621 2066 Jahren
655 2024 805 2065 erhielt
836 2036 882 2066 er
914 2024 991 2066 den
1025 2024 1228 2080 Auftrag,
1267 2024 1408 2067 diesen
1440 2024 1580 2067 Abriss
1612 2039 1666 2067 zu
1698 2025 1919 2067 erweitern

197 2102 265 2144 fiir
297 2100 376 2142 alle
408 2099 527 2142 sechs
551 2099 736 2142 Classen.
791 2099 953 2141 »Hodie
984 2112 1078 2141 cum
1108 2099 1351 2142 institutum
1372 2100 1495 2156 bono,
1528 2103 1577 2142 ut
1595 2104 1713 2156 puto,
1746 2100 1917 2143 consilio

199 2176 442 2231 invalescat,
475 2178 523 2215 ut
544 2174 771 2228 Tyrunculi
803 2174 897 2230 ipsi,
929 2187 1005 2228 per
1035 2186 1107 2217 sex
1135 2175 1387 2218 Inferiorum
1420 2175 1617 2218 classium
1649 2189 1796 2230 annos,
1828 2189 1920 2230 gra-

201 2252 332 2295 datim
355 2250 408 2292 ad
430 2249 713 2304 pulcherrima
736 2252 777 2291 et
800 2250 911 2292 omni
933 2250 1148 2292 hominum
1170 2251 1313 2304 generi
1334 2250 1457 2304 longe
1478 2251 1702 2294 utilissima
1719 2251 1920 2294 historiae

201 2331 243 2369 et
284 2326 532 2370 eruditionis
574 2325 716 2368 studia
754 2329 1084 2381 praeparentur,
1126 2339 1219 2369 cum
1250 2327 1351 2369 item
1383 2326 1741 2370 conficiundorum
1772 2326 1920 2368 talium

203 2403 502 2458 opusculorum
533 2401 747 2455 provincia
777 2400 878 2443 mihi
907 2401 1105 2455 imposita
1137 2402 1204 2456 sit,
1237 2402 1424 2444 Mensem
1456 2414 1605 2455 nempe
1625 2401 1744 2443 illum
1766 2413 1921 2454 augen—

204 2478 325 2533 dum,
367 2478 406 2520 in
449 2490 521 2520 sex
563 2489 694 2520 annos
729 2476 1023 2531 dividendum,
1064 2480 1192 2530 atque
1224 2477 1265 2518 in
1297 2477 1405 2519 hanc
1436 2489 1564 2530 quam
1594 2476 1710 2519 vides
1742 2476 1921 2519 formam

204 2553 495 2596 adornandum
538 2552 647 2594 duxi.
710 2552 929 2594 Ridiculus
968 2555 1110 2594 autem
1152 2551 1298 2602 fuerit,
1341 2552 1413 2605 qui
1455 2552 1496 2593 in
1530 2566 1573 2595 re
1605 2555 1693 2594 tam
1724 2552 1920 2607 contrita,

204 2630 329 2671 toties
371 2629 565 2671 divexata
603 2641 678 2682 pro
718 2628 1015 2682 incipientibus
1056 2628 1236 2682 denique
1268 2627 1507 2681 conscripta
1537 2621 1693 2669 novum
1725 2627 1825 2681 quid
1856 2627 1921 2670 vel

207 2704 418 2758 singulare
459 2704 523 2745 vel
564 2704 730 2745 illustre
769 2706 1025 2757 exspectant.
1088 2703 1356 2746 Breviculam
1398 2701 1531 2755 adjeci
1562 2703 1718 2744 Terrae
1750 2706 1921 2744 sanctae

207 2779 524 2833 geographiam:
558 2779 638 2820 dici
671 2778 779 2820 enim
811 2791 893 2820 non
924 2780 1066 2832 potest
1096 2790 1222 2831 quam
1255 2777 1377 2830 longe
1409 2778 1594 2831 sapidior
1616 2777 1843 2830 utiliorque
1866 2778 1921 2819 sit

205 2854 477 2897 historiarum
510 2854 704 2909 cognitio,
737 2854 771 2895 si
802 2866 884 2895 non
916 2853 1039 2895 modo
1073 2852 1172 2906 quid
1201 2855 1367 2905 gestum
1390 2853 1444 2894 sit
1466 2851 1537 2894 sed
1561 2855 1603 2893 et
1628 2864 1710 2905 quo
1733 2855 1923 2906 tempore

208 2942 343 2983 quove
385 2929 475 2970 loco
516 2928 679 2981 quidvis
721 2932 887 2981 gestum
928 2928 1003 2977 sit,
1043 2927 1276 2979 intelligaS,
1318 2926 1396 2969 hoc
1439 2932 1504 2969 est
1545 2926 1839 2981 chronologiae
1881 2931 1924 2969 et

209 3003 490 3058 geographiae
530 3003 719 3045 subsidia
758 3003 858 3045 item
899 3003 1179 3045 adhibueris«
1243 3003 1297 3045 So
1338 3003 1381 3044 P.
1418 3003 1602 3055 Wagner
1639 3002 1680 3043 in
1720 3002 1795 3044 der
1826 3002 1924 3044 Ein-

209 3080 372 3132 leitung
402 3092 454 3121 zu
487 3078 582 3120 dem
613 3081 754 3120 ersten
785 3078 1034 3135 Bandchen,
1076 3079 1251 3121 welches
1285 3078 1364 3119 den
1396 3077 1603 3119 Vermerk
1634 3080 1751 3131 tragt
1781 3077 1923 3120 Editio

213 3154 409 3209 secunda,
443 3154 549 3195 wohl
581 3153 768 3207 deshalb,
801 3154 888 3194 weil
918 3153 992 3194 der
1012 3153 1169 3195 Mensis
1192 3152 1508 3204 chronologicus
1532 3152 1592 3194 als
1615 3155 1726 3194 erste
1748 3151 1924 3205 Aufiage
