2164 3535
486 195 755 239 Hausordnung
780 196 843 231 des
869 195 1104 239 Wirzburger
1131 195 1324 230 Seminars.
1374 194 1477 229 Nach
1506 197 1603 230 1608.
1822 199 1903 239 309

182 334 361 388 ideoque
401 333 677 378 abstinebunt
718 348 742 377 a
784 335 958 388 fabuliS,
1002 349 1026 378 a
1067 336 1212 391 pulsu,
1255 335 1448 378 discursu
1480 335 1677 388 omnique
1708 334 1904 389 strepitu,

182 422 266 463 quo
305 411 348 451 et
388 422 432 451 se
471 409 707 452 distrahere
750 413 793 452 et
831 411 935 452 alios
978 410 1229 465 perturbare
1270 410 1444 464 possint.
1508 410 1650 462 Turpe
1682 409 1809 451 etiam
1841 413 1906 451 est

182 487 224 526 et
264 484 418 526 malam
459 483 753 526 educationem
795 485 957 538 prodit,
999 498 1075 539 per
1116 486 1344 527 fenestram
1384 485 1425 526 in
1458 484 1644 538 plateam
1676 483 1905 537 despicere,

181 571 276 600 cum
307 558 629 600 transeuntibus
663 559 843 612 colloqui
874 563 917 602 et
940 560 1033 613 alijs
1057 560 1234 603 curiosis
1257 559 1475 602 affectibus
1497 558 1729 611 indulgere.
1778 558 1905 600 Prae-

180 636 298 675 terea
328 632 492 675 dabunt
524 645 708 687 operam,
742 636 790 674 ut
820 634 963 676 studia
994 647 1076 676 non
1110 635 1195 676 sint
1217 636 1404 687 confusa,
1438 646 1546 687 vaga
1567 637 1607 675 et
1633 633 1794 687 absque
1817 633 1901 675 ullo

181 706 338 749 ordine.
409 707 561 759 Itaque
608 707 800 760 singulae
852 708 1091 750 studiorum
1141 713 1285 762 partes
1327 722 1427 752 suas
1468 709 1654 751 habeant
1693 709 1820 751 horas
1862 712 1905 750 et

179 784 390 835 tempora,
432 781 586 834 quibus
619 785 880 834 tractentur,
922 795 1046 836 quem
1080 783 1268 825 ordinem
1301 784 1366 826 vel
1398 797 1423 825 a
1454 783 1805 836 Praeceptoribus
1838 784 1904 825 vel

179 868 203 897 a
234 854 465 898 Praefectis
509 856 715 898 traditum
756 861 1001 899 constanter
1033 857 1331 900 observabunt.
1395 858 1568 908 Quoties
1601 870 1699 899 vero
1731 858 1903 900 studere

178 930 397 986 incipiant,
429 943 577 973 censor
608 931 770 973 Musaei
804 932 1038 974 orationem
1073 932 1296 974 »Actiones
1326 934 1521 974 nostras«
1558 932 1669 974 clare
1693 933 1902 989 recitabit,

179 1017 308 1064 quam
336 1017 480 1047 omnes
514 1005 580 1058 alij
616 1007 778 1047 attente
811 1006 985 1047 audient
1017 1010 1164 1060 aperto
1198 1007 1347 1060 capite.

315 1081 355 1120 4.
402 1079 468 1121 Ad
507 1079 767 1121 ientaculum
809 1081 881 1133 qui
920 1081 1062 1123 volent
1101 1081 1358 1123 descendent
1390 1085 1432 1123 et
1464 1081 1561 1123 inde
1595 1081 1647 1122 ad
1679 1081 1902 1123 Musaeum

178 1154 378 1196 redibunt
410 1167 502 1196 cum
537 1154 717 1207 silentio,
750 1155 861 1196 unde
893 1155 993 1197 dato
1025 1156 1144 1208 signo
1179 1168 1273 1197 cum
1306 1156 1430 1209 socijs
1462 1169 1511 1198 ex
1535 1155 1680 1197 ordine
1703 1156 1900 1198 classium

179 1228 232 1271 ad
265 1228 438 1271 Scholas
482 1229 609 1271 armis
644 1229 913 1271 Scholasticis
952 1230 1149 1272 instructi
1190 1242 1234 1271 se
1266 1230 1480 1283 recipient.
1544 1231 1592 1272 In
1626 1230 1787 1273 Scholis
1819 1243 1900 1273 non

179 1303 437 1359 discurrent,
488 1316 564 1345 nec
605 1305 814 1357 colloquia
864 1304 1101 1346 miscebunt
1147 1317 1241 1346 cuin
1290 1305 1383 1359 alijs
1431 1305 1656 1361 studiosis,
1704 1306 1776 1347 sed
1823 1306 1901 1348 sibi

179 1378 404 1431 assignatis
442 1379 544 1421 locis
577 1379 876 1431 considebunt,
919 1380 1050 1421 donec
1083 1393 1107 1422 a
1138 1381 1317 1422 lectione
1350 1380 1474 1422 simul
1508 1380 1678 1422 domuin
1712 1380 1900 1423 redeant.

179 1453 222 1495 Si
263 1466 389 1506 quem
429 1466 528 1495 vero
567 1454 786 1506 contingat
817 1454 869 1496 ab
901 1455 1085 1497 externis
1118 1455 1307 1503 evocari,
1351 1468 1432 1497 non
1466 1455 1599 1497 abibit
1631 1467 1725 1497 cum
1757 1455 1827 1497 illo
1860 1456 1901 1497 in

178 1528 346 1583 urbem,
388 1528 468 1570 nisi
509 1528 626 1582 prius
660 1542 683 1570 a
714 1529 841 1570 Patre
875 1529 1064 1581 Regente
1095 1529 1340 1571 facultatem
1372 1530 1580 1582 impetret.
1644 1529 1902 1586 Philosophi,

179 1602 250 1654 qui
292 1602 384 1655 alijs
428 1602 682 1644 abeuntibus
725 1603 1031 1657 aliquantisper
1070 1604 1181 1645 domi
1221 1608 1415 1655 manent,
1459 1604 1600 1657 quiete
1640 1616 1718 1645 sna
1759 1604 1902 1646 studia

178 1677 505 1728 continuabunt,
547 1677 785 1730 usquedum
827 1680 869 1719 et
899 1678 1000 1731 ipsis
1034 1678 1133 1720 dato
1166 1679 1283 1731 signo
1318 1678 1369 1720 ad
1403 1678 1590 1720 scholam
1623 1679 1899 1721 vocabuntur.

321 1760 357 1798 5.
391 1758 481 1799 Iam
515 1770 612 1799 vero
646 1758 685 1798 in
719 1758 875 1811 templo
908 1758 987 1799 sub
1020 1758 1169 1800 divinis
1204 1758 1350 1811 officijs
1384 1757 1425 1799 id
1459 1770 1559 1800 sane
1582 1757 1671 1800 fieri
1694 1759 1901 1810 convenit,

178 1832 291 1885 quod
331 1832 411 1874 loci
452 1833 598 1885 religio
641 1836 683 1874 et
725 1833 965 1875 Christiana
1007 1834 1143 1887 pietas
1186 1833 1334 1885 exigit,
1385 1833 1584 1874 nimirum
1626 1837 1673 1874 ut
1716 1834 1900 1876 collectis

181 1906 374 1949 omnibus
408 1907 601 1949 sensibus
634 1910 751 1949 totus
785 1908 908 1950 homo
932 1909 1112 1950 Domino
1137 1909 1225 1950 Deo
1259 1922 1335 1950 suo
1359 1912 1493 1962 vacet,
1525 1907 1704 1961 ideoque
1732 1909 1900 1950 omnino

179 1981 478 2023 abstinendum
510 1994 535 2023 a
565 1982 718 2024 fabulis
753 1983 931 2036 alijsque
962 1983 1150 2036 profanis
1184 1986 1225 2024 et
1259 1983 1402 2024 otiosis
1426 1982 1614 2031 actibus;
1650 1983 1899 2035 praesertim

178 2068 276 2097 vero
310 2058 506 2109 aspectus
540 2056 707 2098 licentia
742 2058 1046 2111 compescenda
1078 2060 1163 2111 est,
1197 2070 1248 2099 ne
1279 2058 1415 2113 Deus,
1447 2058 1488 2098 in
1522 2058 1640 2099 cuius
1674 2061 1900 2110 conspectu

177 2143 411 2186 versamur,
444 2130 694 2180 offendatur,
726 2140 768 2174 et
799 2132 988 2185 proximo
1012 2133 1170 2174 malum
1193 2133 1431 2185 exemplum
1454 2132 1722 2185 praebeatur.
1768 2132 1899 2174 Nemo

178 2206 321 2258 itaque
345 2205 594 2258 reperiatur,
627 2207 727 2259 quin
752 2207 815 2248 vel
838 2208 998 2249 rosario
1022 2207 1087 2248 vel
1110 2207 1204 2260 aliJs
1228 2220 1250 2248 e
1274 2207 1415 2248 libello
1438 2206 1634 2259 precibus
1658 2211 1898 2260 occupetur.

317 2282 352 2321 6.
402 2281 451 2322 In
492 2293 636 2323 mensa
674 2281 838 2333 prandij
882 2281 946 2323 vel
979 2293 1131 2323 coenae
1162 2281 1267 2323 hora
1301 2281 1544 2334 comprimis
1577 2280 1828 2323 modestiam
1862 2285 1903 2323 et

177 2355 501 2409 temperantiam
548 2355 800 2397 servandam
848 2355 1137 2410 meminerint,
1190 2355 1455 2397 benedicenti
1505 2368 1607 2397 uero
1650 2367 1820 2398 mensae
1861 2363 1901 2398 et

177 2430 336 2483 gratias
370 2431 511 2483 agenti
544 2430 669 2472 tarda
701 2432 742 2472 et
773 2430 887 2471 clara
920 2442 1017 2471 voce
1049 2429 1387 2483 1=espondebu11t;
1422 2442 1498 2471 nec
1520 2430 1583 2470 ita
1605 2429 1725 2471 avide
1747 2430 1902 2483 patinis

176 2504 433 2559 incumbent,
468 2506 515 2545 ut
536 2505 693 2546 nullam
718 2504 863 2545 lectori
884 2503 1161 2545 attentionem
1183 2507 1412 2556 praestent.
1469 2503 1770 2546 Studiosorum
1792 2504 1901 2546 enim

177 2578 492 2622 adolescentum
534 2581 618 2633 est,
661 2592 742 2620 non
786 2579 922 2619 minus
965 2578 1151 2619 animum
1191 2578 1420 2631 sapientia,
1465 2591 1594 2631 quam
1627 2591 1778 2631 corpus
1810 2578 1901 2620 cibo

176 2666 360 2707 pascere.

317 2730 354 2769 7.
401 2728 558 2769 Panem
599 2732 673 2769 aut
717 2728 820 2769 alios
862 2728 975 2770 cibos
1014 2741 1035 2770 e
1078 2727 1259 2769 triclinio
1293 2726 1440 2769 efferre
1472 2728 1637 2770 incivile
1667 2731 1755 2783 est,
1800 2727 1902 2770 dare

178 2815 276 2845 vero
319 2803 411 2856 alijs
453 2802 658 2855 iniquum.
721 2803 1004 2856 maximopere
1047 2803 1174 2844 etiam
1215 2803 1500 2845 necessarium
1541 2805 1629 2858 est,
1669 2805 1716 2844 ut
1757 2815 1901 2845 omnes

177 2890 260 2919 non
301 2880 469 2919 tantum
511 2877 552 2918 in
595 2889 765 2926 mensa,
808 2877 882 2919 sed
914 2880 956 2918 et
988 2877 1085 2919 alibi
1119 2889 1211 2919 eam
1244 2877 1445 2919 studeant
1477 2877 1705 2919 observare
1736 2889 1900 2918 morum

179 2952 424 2994 civilitatem
447 2954 490 2993 et
510 2951 776 3005 munditiem,
810 2965 918 3005 quae
939 2951 1139 2994 honestos
1168 2954 1211 2993 et
1231 2951 1362 3005 probe
1386 2951 1588 2994 educatos
1613 2951 1900 2993 adolescentes

183 3026 342 3069 deceat.
394 3025 636 3069 Cavendum
670 3026 801 3080 igitur
831 3026 873 3068 in
905 3038 1064 3081 mensa,
1095 3038 1147 3068 ne
1177 3038 1354 3080 mappas
1386 3029 1462 3068 aut
1492 3029 1630 3068 vestes
1662 3038 1760 3068 suas
1793 3037 1901 3067 com-

179 3102 411 3157 maculent,
451 3101 493 3142 in
524 3101 723 3158 Musaeo,
767 3115 818 3145 ne
857 3102 995 3143 locum
1036 3113 1161 3143 suum
1192 3101 1256 3143 vel
1289 3101 1472 3143 alienum
1504 3100 1748 3155 sarmentis,
1790 3102 1901 3141 atra-
