2164 3535
185 290 204 329 1
212 289 267 329 64
758 284 967 329 Gymnasial
975 303 986 309 -
997 282 1213 327 Padagogik
1245 283 1344 318 1736.

185 440 233 469 ac
265 427 487 468 domorum
519 438 619 480 pars
651 426 740 478 ejus
771 436 926 476 magna
958 422 1210 476 dependeat:
1255 423 1529 465 nihilominus
1562 423 1698 464 visum
1730 426 1808 473 051,
1841 422 1918 464 ali-

186 502 299 556 quod
329 502 395 543 hic
426 514 582 556 ponere
614 500 726 541 illius
759 498 1010 551 exemplum,
1043 511 1092 540 ex
1124 510 1221 551 quo,
1262 498 1363 551 quid
1399 497 1634 550 generatim
1667 501 1796 550 atque
1826 498 1918 539 uni-

186 589 304 619 verse
337 577 516 619 alumnis
550 574 794 628 disciplinae
825 576 996 615 nostrae
1028 573 1258 626 praescribi
1291 573 1460 626 possit,
1494 585 1745 625 cognoscere
1778 572 1918 615 liceat.

189 652 390 694 Ordinem
423 665 519 694 vero
553 650 793 704 huiusmodi
826 650 1038 703 oportebit
1068 649 1225 702 scripto
1248 649 1381 702 excipi
1405 661 1430 689 a
1453 648 1684 702 discipulis,
1718 648 1781 690 vel
1806 649 1918 703 typis

186 728 330 777 etiam„
363 728 398 770 si
432 725 730 780 Superioribus
764 725 990 776 videbitur,
1024 737 1226 767 excusum
1258 725 1400 777 palam
1432 724 1473 765 in
1506 725 1662 766 museis
1697 723 1821 777 affigi.

798 1097 835 1139 7.
889 1095 1312 1140 Schulstrafen.

386 1212 456 1254 De
493 1212 673 1266 poenis
713 1211 1121 1265 delinquentium
1161 1214 1209 1252 et
1247 1210 1712 1263 objurgationibus.

862 1292 1014 1337 (Kropf
1034 1302 1074 1337 p.
1093 1291 1163 1327 257
1173 1292 1246 1336 ss.)

334 1410 444 1452 Sane
476 1409 763 1451 indubitatum
797 1421 890 1450 esse
921 1407 1127 1460 Magistro
1172 1407 1316 1457 debet,
1349 1407 1636 1450 adolescentes
1669 1407 1820 1450 10111101
1851 1420 1924 1461 po-

195 1487 280 1529 tius
313 1499 360 1528 ac
392 1486 645 1533 liberaliter,
679 1497 806 1538 quam
839 1497 984 1526 severe
1017 1486 1092 1525 aut
1124 1483 1287 1525 duriter
1319 1496 1410 1526 esse
1441 1483 1670 1525 habendos.
1734 1483 1918 1537 (Adjum.

194 1562 303 1605 stud,
338 1562 452 1605 hum.
486 1575 525 1603 n.
554 1562 608 1614 ἴ.)
652 1560 871 1602 Tuendum
905 1572 1053 1613 nempe
1086 1559 1308 1612 antiquum
1332 1559 1556 1601 8001010115
1586 1564 1756 1601 nostrae
1781 1559 1922 1608 decus,

195 1642 467 1680 externorum
500 1637 626 1678 etiam
654 1637 743 1689 ‚jam
766 1636 864 1677 olim
888 1635 1062 1677 vocibus
1086 1635 1366 1677 celebratum:
1400 1635 1509 1677 hunc
1531 1635 1622 1687 ejus
1646 1648 1738 1677 esse
1761 1647 1921 1676 morem

195 1726 424 1766 curamque
464 1712 743 1766 peculiarem,
796 1716 843 1753 ut
880 1723 963 1752 non
1001 1715 1089 1752 tam
1131 1711 1281 1752 timore
1323 1723 1555 1763 poenarum
1595 1715 1637 1752 et
1678 1711 1919 1755 acerbitate,

197 1802 323 1843 quam
364 1791 478 1830 metu
518 1787 734 1829 dedecoris
778 1789 906 1839 atque
946 1785 1146 1827 illecebra
1184 1785 1356 1827 honoris
1396 1790 1437 1827 et
1479 1786 1598 1827 suavi
1630 1786 1814 1839 quadam
1848 1785 1922 1827 du-

197 1865 317 1907 cendi
350 1864 513 1906 ratione
540 1864 809 1917 juventutem
833 1862 874 1903 in
898 1862 1128 1915 gymnasiis
1152 1861 1408 1903 moderetur.
1460 1862 1522 1913 (P.
1550 1862 1580 1903 T
1584 1861 1703 1903 heod.
1730 1862 1922 1903 Busaeus

197 1941 237 1982 in
271 1940 393 1982 Mem.
429 1939 530 1981 Coll.
566 1952 603 1979 n.
639 1940 697 1990 3.)
760 1938 817 1978 At
856 1937 1056 1990 quoniam
1100 1949 1181 1977 non
1223 1936 1370 1977 eodem
1413 1949 1557 1978 omnes
1590 1936 1713 1978 modo
1747 1936 1923 1978 tractari

197 2030 241 2058 se
274 2017 455 2069 ducique
487 2015 651 2065 sinunt,
692 2014 978 2055 necessarium
1012 2017 1077 2054 est
1108 2012 1379 2054 nihilominus
1421 2025 1576 2065 poenas
1609 2012 1772 2065 aliquas
1806 2011 1921 2053 adhi-

200 2091 287 2134 beri
321 2091 512 2146 subinde,
544 2090 698 2143 quibus
727 2090 799 2142 qui
831 2089 1017 2130 remedia
1039 2089 1209 2130 mitiora
1242 2088 1396 2129 ludunt
1421 2092 1707 2130 coerceantur.
1757 2087 1921 2140 (Sacch.

202 2167 243 2208 in
276 2167 452 2208 Paraen.
487 2178 518 2208 c.
548 2167 633 2217 11.)
697 2165 805 2215 Quin
846 2164 950 2206 adeo
985 2164 1277 2205 Correctorem
1321 2164 1409 2216 (qui
1453 2163 1504 2204 de
1538 2163 1749 2205 Societate
1781 2169 1922 2205 tamen

154 2294 158 2298 ,
199 2255 281 2283 11011
315 2242 386 2288 511)
429 2239 772 2283 constituendum
806 2252 897 2281 esse
929 2243 1103 2292 propter
1135 2251 1225 2289 eos,
1259 2238 1330 2291 qui
1365 2242 1454 2279 tum
1487 2239 1528 2279 in
1561 2238 1800 2291 diligentia,
1834 2242 1923 2280 tum

200 2318 241 2358 in
273 2317 343 2367 115,
382 2329 490 2370 quae
523 2315 575 2357 ad
607 2315 739 2356 bonos
772 2327 908 2356 mores
951 2314 1182 2367 pertinent.
1226 2314 1513 2366 peccaverint,
1554 2318 1596 2355 et
1638 2313 1790 2366 quibus
1834 2313 1927 2355 sola

200 2393 330 2434 verba
361 2392 470 2433 bona
502 2394 544 2432 et
575 2390 888 2432 exhortationes
921 2402 1001 2430 non
1035 2388 1274 2437 sufficiunt,
1309 2401 1357 2430 ex
1387 2388 1533 2441 regula
1557 2390 1609 2430 38
1643 2389 1778 2429 Praef.
1811 2388 1924 2429 stud.

200 2468 270 2509 inf.
308 2468 569 2520 compertum
602 2465 817 2507 habemus.
882 2464 1035 2506 Videre
1067 2465 1211 2517 itaque
1235 2468 1416 2517 oportet,
1449 2476 1557 2517 quae
1585 2464 1670 2505 51111
1692 2476 1925 2517 poenarum

204 2555 371 2595 genera,
404 2542 557 2595 quibus
589 2545 703 2582 recte
737 2541 777 2581 in
811 2539 972 2581 80110115
1006 2539 1162 2581 11051115
1196 2546 1378 2581 utamur.

218 2668 224 2673 Ἰ
343 2624 401 2665 Ac
433 2623 615 2677 primum
654 2622 849 2663 universe
889 2621 969 2662 dici
1008 2620 1111 2661 illud
1150 2624 1307 2674 potest:
1356 2632 1438 2673 quo
1478 2620 1656 2673 quisque
1693 2620 1734 2660 in
1774 2631 1927 2672 genere

204 2699 460 2753 peccaverit,
500 2698 541 2739 in
574 2697 720 2739 eodem
762 2695 849 2738 fere
892 2698 937 2737 111
978 2708 1134 2749 poenas
1177 2696 1266 2745 (101,
1307 2696 1498 2748 compelli
1537 2708 1672 2748 posse.
1736 2694 1925 2747 Exempli

206 2787 353 2824 causa,
391 2774 432 2814 in
466 2786 510 2814 re
543 2772 684 2813 divina
717 2772 917 2813 remissus
961 2783 1008 2812 ac
1049 2771 1264 2823 negligens
1308 2771 1378 2823 qui
1421 2771 1568 2818 fuerit„
1611 2770 1644 2811 is
1678 2770 1744 2823 pio
1785 2770 1924 2823 aliquo

205 2849 485 2901 religiosoque
528 2859 672 2900 opere„
721 2850 890 2899 praeter
930 2858 1192 2887 communem
1234 2845 1422 2887 ordinem
1469 2846 1678 2897 injuncto,
1727 2845 1926 2886 delictum

205 2924 360 2977 expiet:
401 2924 471 2976 qui
504 2934 601 2965 vero
635 2921 826 2973 neglectu
860 2920 989 2962 studii
1022 2921 1266 2973 deliquerit,
1304 2920 1372 2962 ille
1411 2920 1745 2962 extraordinario
1785 2920 1925 2973 aliquo

206 2999 403 3043 studendi
436 2998 639 3040 multetur
670 3009 818 3042 onere;
857 3000 985 3049 atque
1025 2997 1085 3038 ita
1122 2996 1162 3037 in
1198 2996 1323 3037 rebus
1356 2996 1460 3038 aliis.
1525 2995 1750 3048 Speciatini
1783 2999 1925 3037 autem

206 3089 254 3118 ex
288 3088 366 3117 usu
397 3074 499 3116 haec
531 3075 675 3115 erunt:

346 3150 376 3191 I.
424 3149 486 3190 Pii
520 3149 658 3202 operis
690 3147 869 3201 aliquid,
902 3151 951 3188 ut
980 3147 1105 3189 modo
1138 3146 1295 3189 dictum
1329 3148 1412 3196 051,
1446 3149 1615 3199 praeter
1647 3145 1834 3187 ordinem
1866 3145 1925 3186 in-

201 3226 428 3279 jungatur:
475 3224 604 3266 veluti
636 3227 684 3265 111
714 3223 808 3277 piae
839 3223 1070 3276 precationi
1103 3223 1173 3276 qui
1213 3222 1439 3275 deliquerit
1475 3221 1515 3263 in
1550 3221 1653 3262 aede
1684 3232 1804 3263 sacra
1835 3222 1926 3262 tan-
