2164 3535
599 259 822 303 Anordnung
846 259 909 294 des
933 259 984 303 3j.
1012 258 1139 303 philos.
1166 258 1306 294 Kursus
1335 261 1432 295 1858.
1796 262 1879 304 563

301 402 338 442 6.
388 400 449 442 De
481 413 622 442 rerum
655 400 913 442 naturalium
946 403 1043 442 ortu
1076 403 1118 442 et
1156 400 1349 449 interitu3
1393 399 1445 442 de
1484 399 1713 442 earundem
1745 404 1882 443 muta·

163 476 276 517 tione
321 480 364 517 et
405 475 686 517 conversione.
749 475 889 528 Atque
932 475 1014 523 hic,
1057 475 1196 528 quoad
1235 474 1431 528 expedire
1473 474 1608 516 visum
1650 473 1799 531 fuerit,
1832 475 1883 517 de

165 551 290 593 variis
322 550 616 603 cosmogoniae
648 554 690 592 et
721 551 950 603 geogoniae
982 550 1284 605 systematibus
1318 552 1486 605 agatur,
1517 549 1582 606 iis,
1615 562 1724 603 quae
1755 551 1884 605 impia

164 630 206 668 et
237 625 424 668 absurda
455 628 568 680 sunt,
600 624 809 667 refutatis.

304 715 340 754 7.
390 712 452 754 De
484 712 569 754 vita
599 713 640 753 in
674 712 929 754 universum.
983 711 1045 754 De
1077 712 1163 754 vita
1195 711 1408 765 organica.
1459 712 1521 755 De
1552 712 1639 755 vita
1670 713 1884 768 sensitiva,

164 788 234 830 ubi
268 787 318 829 de
352 787 492 829 anima
524 787 638 829 bruti
670 790 835 839 agatur.

303 869 340 910 8.
389 868 542 909 Anima
562 867 748 909 humana
769 879 817 908 ex
850 867 942 919 ipsa
967 867 1073 908 entis
1097 867 1369 921 intelligentis
1392 871 1549 910 natura
1572 867 1887 912 demonstretur

165 955 246 984 non
279 943 415 985 solum
447 942 636 995 simplex,
668 941 706 982 11.
741 954 775 982 e.
809 942 1002 994 partibus
1035 946 1154 984 extra
1186 955 1229 984 se
1262 943 1409 996 positis
1442 955 1525 985 non
1559 947 1780 999 constans,
1812 944 1887 987 sed

165 1019 291 1060 etiam
325 1017 558 1072 spiritualis
590 1029 703 1069 esse,
743 1016 984 1058 substantia
1015 1017 1175 1059 scilicet
1215 1031 1238 1059 a
1270 1018 1450 1060 materia
1486 1018 1547 1060 ita
1586 1018 1887 1075 independens,

165 1097 214 1135 ut
244 1094 333 1136 sine
365 1105 413 1135 ea
445 1097 488 1135 et
518 1106 610 1135 esse
642 1097 684 1134 et
717 1093 882 1146 operari
916 1093 1066 1146 possit;
1109 1097 1237 1146 atque
1268 1093 1346 1135 hac
1378 1094 1558 1135 maxime
1596 1094 1886 1138 immateriali-

166 1170 255 1211 tate
287 1169 522 1211 essentialis
555 1169 644 1222 ejus
678 1169 730 1210 ab
765 1168 904 1210 anima
936 1168 1049 1210 bruti
1083 1167 1318 1210 differentia
1349 1168 1615 1211 ostendatur.
1679 1169 1890 1212 Probetur

166 1243 341 1298 deinde,
387 1244 567 1285 animam
610 1243 858 1285 rationalem
892 1256 972 1285 non
1014 1255 1137 1297 posse
1169 1243 1247 1285 nisi
1289 1244 1501 1286 creatione
1544 1244 1669 1295 oriri,
1712 1257 1889 1298 eamque

166 1331 260 1361 cum
285 1331 461 1372 corpore
493 1319 552 1359 ita
582 1318 793 1372 conjungi,
826 1322 873 1360 ut
905 1318 1056 1371 hujus
1089 1318 1155 1360 sit
1186 1331 1303 1360 vera
1335 1331 1423 1372 per
1454 1332 1505 1362 se
1537 1323 1691 1372 atque
1722 1320 1890 1362 imme-

167 1395 312 1436 diata
349 1394 528 1449 forma,
561 1394 883 1449 systematibus,
925 1407 1033 1447 quae
1075 1394 1183 1436 hanc
1224 1397 1404 1437 naturae
1443 1394 1652 1438 humanae
1683 1396 1889 1438 unitatem

166 1469 335 1521 tollunt,
370 1469 594 1522 diligenter
625 1469 821 1512 refutatis
837 1471 882 1523 ¹).

307 1553 344 1591 9.
395 1550 457 1592 De
488 1550 527 1591 vi
559 1550 765 1592 sentiendi
800 1554 927 1603 atque
959 1550 1000 1591 in
1032 1550 1178 1604 primis
1202 1550 1253 1592 de
1285 1563 1410 1593 sensu
1434 1551 1615 1603 interno,
1646 1564 1750 1594 num
1772 1551 1894 1594 affec-

170 1626 308 1668 tiones
346 1630 526 1673 tantum,
560 1638 611 1666 an
645 1625 929 1667 substantiam
962 1625 1164 1680 attingat,
1196 1626 1407 1679 quomodo
1441 1639 1589 1669 sensus
1623 1625 1676 1668 ab
1706 1626 1893 1669 intellec-

170 1702 274 1743 tuali
310 1702 374 1743 sui
409 1701 644 1753 cognitione
677 1700 860 1744 differat:
901 1700 971 1742 ubi
1005 1713 1150 1743 eorum
1182 1713 1351 1754 quoque
1383 1700 1611 1743 refellenda
1643 1705 1707 1744 est
1740 1702 1893 1756 opinio,

169 1777 239 1830 qui
274 1776 536 1827 existimant,
578 1776 835 1818 conscientia
866 1776 954 1830 sui,
999 1788 1082 1829 qua
1118 1776 1277 1818 scilicet
1307 1775 1432 1817 homo
1466 1776 1730 1829 (pronomine
1763 1776 1893 1830 Ego)

171 1852 386 1906 propriam
426 1864 650 1905 personam
691 1852 865 1907 asserit,
906 1852 1040 1905 primo
1079 1855 1121 1893 et
1161 1850 1320 1893 directe
1363 1851 1549 1893 animam
1588 1853 1780 1902 tantum,
1811 1864 1893 1894 non

169 1931 368 1969 naturam
401 1927 541 1969 anima
574 1931 616 1968 et
648 1938 822 1980 corpore
856 1928 1132 1977 constantem,
1166 1926 1478 1980 comprehendi.

316 2010 376 2049 10.
426 2007 489 2048 De
523 2020 648 2048 sensu
672 2009 858 2057 externo,
891 2007 1090 2049 sensoriis
1123 2010 1165 2048 et
1185 2007 1519 2057 sensationibus;
1553 2007 1625 2049 ubi
1648 2011 1893 2060 quaeratur,

172 2083 384 2137 quomodo
425 2085 466 2124 et
508 2096 583 2136 per
625 2096 729 2136 quas
773 2083 1032 2124 sensationes
1075 2095 1299 2136 corporum
1342 2083 1564 2125 existentia
1604 2084 1896 2137 cognoscatur,

172 2162 215 2199 et
248 2158 488 2200 refutentur
519 2158 561 2208 ii,
594 2158 667 2210 qui
699 2171 773 2210 per
795 2170 943 2199 sensus
967 2158 1176 2211 objectum
1210 2158 1312 2211 ipsis
1334 2159 1553 2211 proprium
1575 2171 1672 2200 vere
1700 2158 1896 2211 cognosci

173 2235 343 2285 negant.
409 2232 600 2285 Denique
633 2232 684 2274 de
715 2233 1016 2285 imaginatione
1059 2235 1101 2274 et
1142 2233 1339 2281 somniis,
1379 2233 1450 2274 ubi
1483 2233 1611 2274 etiam
1643 2233 1804 2286 aliquid
1846 2232 1897 2274 de

176 2307 390 2349 erroribus
423 2307 781 2360 phrenologorum
814 2307 912 2349 addi
944 2311 1096 2361 potest.

317 2390 380 2429 11.
433 2388 495 2429 De
527 2388 784 2441 intelligendi
828 2388 1029 2430 facultate
1072 2392 1200 2441 atque
1244 2388 1447 2441 imprimis
1491 2388 1542 2430 de
1584 2387 1775 2430 idearum
1816 2387 1900 2429 ori-

176 2463 293 2515 gine3
338 2462 534 2504 refutatis
567 2462 761 2504 videlicet
792 2463 1005 2505 erroribus
1038 2475 1207 2517 eorum,
1250 2463 1321 2516 qui
1354 2463 1556 2516 Empirici
1587 2463 1652 2505 vel
1685 2462 1899 2504 Sensistae

176 2538 400 2588 dicuntur,
434 2538 505 2591 qui
539 2538 679 2579 omnia
711 2551 735 2579 a
767 2537 959 2580 sensibus
993 2540 1210 2593 repetunt,
1244 2549 1403 2580 necnon
1436 2538 1718 2579 recentiorum
1750 2536 1900 2579 Ideali-

176 2616 368 2668 starum,
402 2613 544 2654 Kantii
578 2613 850 2666 praesertim3
885 2612 1132 2667 exponenda
1164 2615 1263 2654 sunt
1296 2614 1528 2666 systemata
1559 2612 1630 2654 illa
1663 2612 1765 2667 duo,
1799 2624 1900 2665 quo-

180 2701 274 2730 rum
310 2688 491 2730 alterum
523 2688 809 2730 immediatam
842 2687 1183 2742 intelligibilium,
1216 2687 1303 2729 sive
1336 2687 1376 2729 in
1410 2700 1454 2729 se
1484 2687 1584 2740 ipsis
1608 2687 1695 2730 sive
1725 2687 1767 2729 in
1792 2687 1895 2739 Deo,

180 2762 505 2816 perceptionem,
540 2763 721 2804 alterum
754 2762 1079 2815 intelligibilium
1112 2763 1392 2815 cognitionem
1414 2775 1489 2816 per
1514 2762 1842 2804 abstractionem
1875 2775 1898 2803 a

182 2838 453 2880 sensibilibus
487 2838 685 2880 defendit.
734 2838 844 2880 Huic
876 2838 1099 2891 posteriori
1131 2838 1379 2891 sententiae,
1412 2850 1539 2890 quam
1571 2836 1612 2881 8.
1646 2837 1827 2880 Thomas
1859 2842 1902 2880 et

181 2912 430 2956 Scholastici
462 2914 666 2956 Doctores
711 2914 990 2955 communiter
1028 2916 1195 2969 tenent,
1238 2913 1273 2955 si
1312 2913 1353 2954 in
1396 2911 1588 2954 omnibus
1628 2915 1670 2954 et
1710 2911 1901 2967 singulis,

179 3001 288 3042 quae
320 2989 627 3042 complectitur,
662 2988 976 3031 adhaerendum
1010 2988 1215 3041 Magistro
1248 3000 1329 3030 non
1362 2987 1568 3037 videatur,
1603 2986 1735 3028 multo
1758 2988 1899 3028 tamen

320 3141 347 3182 1)
374 3138 536 3174 Litterae
563 3143 678 3183 apost.
706 3138 815 3173 SSmi
842 3138 913 3172 Dni
941 3136 1068 3172 Nostri
1095 3136 1158 3171 PII
1183 3136 1222 3171 P.
1247 3137 1285 3171 P.
1310 3136 1360 3171 IX
1386 3136 1431 3170 ad
1456 3135 1572 3172 Emin.
1600 3135 1634 3170 S.
1662 3134 1702 3170 R.
1730 3134 1772 3169 E.
1799 3135 1902 3170 Card.

181 3197 239 3231 De
267 3196 408 3232 Geissel
436 3195 607 3240 Archiep.
635 3196 754 3230 Colon.
783 3195 817 3230 d.
843 3195 874 3229 d.
906 3198 956 3230 15.
983 3194 1058 3229 Iun.
1090 3196 1186 3230 1857.

1629 3253 1699 3287 36*
