2164 3535
246 248 329 289 100
732 246 927 281 Correctur
952 246 1017 281 der
1043 246 1293 282 schriftlichen
1317 246 1503 282 Arbeiten.

245 388 424 430 maticae
447 386 663 430 Classibus
686 387 774 430 fere
796 386 1057 430 commodius
1079 386 1362 429 emendantur
1383 387 1572 441 singulas
1594 389 1739 441 partes
1763 399 1811 430 ac
1841 387 1977 441 perio-

245 463 320 506 dos
360 463 647 516 percurrendo
691 476 883 506 seorsum
915 466 977 518 et,
1021 466 1069 504 ut
1100 474 1295 516 quaeque
1324 462 1436 505 lecta
1467 466 1533 505 est
1564 475 1589 504 a
1618 462 1812 515 pluribus
1845 466 1976 516 atque

245 551 448 593 expensa,
481 538 744 591 corrigendo.
809 538 962 580 Statim
1003 550 1104 579 vero
1145 541 1194 579 ut
1235 537 1509 591 scriptionem
1551 537 1731 591 primam
1772 537 1979 591 Magister

242 613 357 655 clara
388 626 489 656 voce
520 614 743 667 legendam
765 614 806 655 in
829 625 979 655 manus
1002 616 1155 669 sumet,
1188 612 1315 654 simul
1336 612 1502 669 efficiet,
1534 616 1583 655 ut
1605 613 1842 667 exemplum
1865 613 1979 666 quis-

242 701 324 742 que
365 688 585 742 proferant
626 701 750 731 suum
789 692 831 731 et
872 688 951 730 sibi
991 692 1243 742 proponant.
1307 688 1499 742 Urgendi
1539 688 1649 731 6111111
1693 690 1794 731 sunt
1834 699 1977 730 omnes

245 768 374 818 atque
407 764 511 806 adeo
545 764 842 820 compellendi,
881 767 930 805 ut
961 763 1202 817 scriptionis
1235 764 1426 817 exempla
1457 763 1556 806 bina
1587 776 1754 818 semper
1786 763 1977 817 afferant,

243 853 425 894 quorum
456 840 638 882 alterum
670 840 758 882 suis
791 843 1012 882 exaratum
1043 840 1083 881 in
1118 839 1276 882 chartis
1308 839 1521 882 retineant
1549 839 1643 895 sibi,
1674 839 1859 882 alterum
1889 839 1978 881 Ma-

242 916 373 969 gistro
409 916 668 969 descriptum
699 915 929 969 separatim
962 914 1198 956 exhibeant.
1262 915 1368 956 Tum
1401 918 1545 957 autem
1568 915 1776 956 calamum
1799 913 1978 968 prehen-

243 991 346 1033 dant
362 991 637 1045 studioseque
655 1003 797 1033 secum
813 990 927 1043 quod
945 990 1057 1032 clare
1076 990 1336 1043 praelegitur
1351 990 1471 1031 taciti
1489 990 1725 1043 sublegant.
1771 989 1978 1042 Magister

241 1067 332 1120 ipse
373 1067 484 1109 lente
526 1066 693 1120 singula
735 1068 776 1107 et
819 1065 1109 1118 particulatim
1158 1065 1472 1118 pronuntiabit,
1522 1069 1666 1108 errata
1712 1077 1823 1108 nunc
1863 1065 1977 1107 ultro

243 1142 456 1193 ostendet;
488 1154 599 1184 nunc
625 1141 793 1196 Jubebit
824 1141 876 1183 ab
909 1140 1093 1183 authore
1125 1141 1190 1182 vel
1223 1141 1276 1182 ab
1308 1141 1473 1183 aemulo
1505 1141 1571 1183 vel
1594 1141 1647 1183 ab
1669 1141 1750 1183 alio
1773 1153 1975 1195 quocum-

243 1231 346 1273 que,
379 1231 454 1260 nec
488 1218 706 1271 opinante,
740 1216 930 1270 agnosci3
962 1228 1059 1258 mox
1091 1216 1429 1258 emendationem
1457 1220 1658 1270 suggeret
1688 1217 1774 1273 vel,
1804 1220 1853 1259 ut
1882 1229 1978 1271 pro-

241 1297 331 1335 mat
372 1293 548 1347 aliquis,
591 1292 839 1346 praecipiet,
882 1304 1060 1345 eamque
1101 1291 1239 1345 ipsam
1283 1305 1365 1334 una
1407 1304 1503 1334 cum
1543 1294 1790 1348 praecepto,
1837 1306 1861 1335 a
1893 1305 1976 1346 quo

244 1369 490 1412 aberratum
522 1368 623 1423 erit,
663 1368 803 1421 exiget
834 1379 882 1409 ac
913 1367 1108 1420 protinus
1141 1367 1302 1422 omnia,
1344 1371 1473 1421 prout
1504 1380 1610 1421 opus
1644 1368 1794 1421 cuique
1834 1368 1977 1424 fuerit,

244 1445 285 1486 in
319 1458 443 1487 suum
466 1456 676 1497 quemque
700 1443 867 1497 jubebit
890 1442 1126 1496 exemplum
1148 1443 1318 1484 referre.
1382 1442 1503 1493 Quod
1525 1443 1599 1485 ubi
1620 1443 1659 1484 in
1684 1456 1769 1485 una
1791 1443 1978 1485 alterave

244 1520 473 1574 scriptione
506 1523 702 1562 curatum
733 1519 881 1573 fuerit,
912 1519 953 1560 in
986 1518 1160 1571 reliquis
1193 1518 1354 1575 licebit,
1392 1519 1465 1560 ubi
1502 1518 1605 1572 quid
1641 1519 1732 1562 vitii
1770 1523 1977 1572 occurret,

244 1595 296 1638 ab
318 1596 511 1649 ipsismet
532 1595 676 1636 statim
704 1594 860 1647 pueris,
893 1593 1157 1646 maximeque
1190 1593 1242 1634 ab
1274 1593 1339 1650 iis,
1372 1606 1553 1647 quorum
1586 1595 1749 1636 incuria
1780 1598 1979 1648 suspecta

245 1672 344 1727 erit,
378 1670 681 1712 correctionem
714 1669 899 1724 exigere,
932 1669 1012 1721 sic,
1046 1673 1094 1710 ut
1134 1669 1362 1722 improvisa
1403 1669 1682 1723 interrogatio
1725 1670 1886 1712 cunctis
1925 1670 1979 1712 ad

246 1747 555 1789 attendendum
578 1747 633 1788 sit
655 1746 864 1787 stimulus.
898 1745 1119 1787 Interdum
1141 1745 1269 1787 etiam
1291 1745 1556 1799 segnioribus
1578 1745 1833 1799 quibusdam
1854 1757 1978 1788 suum

245 1822 395 1864 reddet
429 1822 685 1877 exemplum,
718 1824 766 1863 ut
797 1821 839 1862 id
873 1821 1088 1873 corrigant
1119 1820 1317 1874 privatim
1350 1820 1463 1862 domi
1494 1821 1718 1875 (appositis
1750 1820 1803 1863 ad
1836 1823 1979 1863 errata

244 1899 374 1948 notis)
398 1898 597 1951 idemque
619 1898 679 1939 ita
702 1897 972 1939 emendatum
996 1896 1193 1949 notisque
1215 1900 1527 1952 compunctum,
1562 1910 1647 1938 una
1669 1909 1763 1938 cum
1787 1896 1976 1949 exemplo

246 1974 327 2015 alio
360 1974 566 2026 castigato
609 1985 785 2026 prorsus
826 1984 873 2013 ac
912 1984 1038 2026 puro,
1083 1971 1136 2013 ad
1177 1972 1363 2013 scholam
1403 1971 1608 2026 postridie
1650 1971 1846 2014 referant.
1911 1971 1979 2014 Sic

247 2050 417 2091 demum
447 2048 540 2104 fiet,
573 2052 622 2090 ut
654 2048 782 2090 nihilo
816 2048 954 2089 minus
988 2047 1172 2089 universi
1209 2046 1453 2103 proficiant,
1487 2060 1614 2100 quam
1647 2048 1682 2090 si
1714 2047 1978 2100 singulorum

246 2125 434 2178 perlecta
465 2124 641 2177 singulis
676 2123 845 2175 diebus,
879 2126 920 2164 et
952 2125 1144 2164 correcta
1174 2122 1365 2164 themata
1395 2123 1587 2165 fuissent.
1622 2124 1741 2177 (Reg.
1777 2124 1829 2165 22
1863 2122 1976 2165 Com.

248 2199 392 2242 Ordin.
428 2200 551 2241 Prov.
577 2200 600 2253 ξ
625 2201 647 2240 a
681 2212 718 2240 ni
747 2200 797 2240 12
822 2198 1010 2240 Sacchin.
1036 2198 1112 2239 loc.
1138 2198 1205 2240 cit.
1229 2198 1320 2240 Iuv.
1346 2198 1398 2240 de
1418 2199 1513 2240 Rat.
1538 2199 1627 2241 doc.
1653 2211 1685 2241 c.
1711 2200 1734 2238 2
1766 2211 1801 2240 a.
1827 2199 1851 2240 3
1875 2199 1898 2252 ξ
1921 2199 1979 2250 2.)

388 2281 632 2323 Correctam
666 2283 808 2322 autem
840 2280 912 2330 sic,
946 2283 993 2321 ut
1025 2279 1183 2322 dictum
1217 2281 1294 2335 est,
1327 2280 1680 2333 emendatamque
1707 2279 1978 2334 scriptionem

248 2357 454 2409 Magister
486 2356 652 2409 publice
684 2359 833 2409 postea
865 2355 1061 2408 dictabit,
1102 2359 1231 2409 atque
1267 2355 1310 2397 in
1348 2356 1504 2398 librum
1547 2356 1741 2409 discipuli
1782 2356 1979 2407 referent,

248 2432 290 2474 id
322 2432 436 2485 quod
467 2431 510 2473 in
549 2432 642 2485 ipsa
681 2444 849 2484 quoque
888 2430 1116 2473 Rhetorica
1153 2430 1244 2473 fieri
1282 2443 1406 2484 posse
1443 2443 1545 2473 usus
1584 2430 1893 2485 comprobavit,
1931 2433 1981 2472 ut

248 2509 408 2551 fatetur
450 2508 669 2550 Iuventius
710 2508 752 2549 in
795 2508 890 2549 Rat.
925 2507 1013 2549 doc.
1048 2508 1124 2549 loc.
1159 2507 1227 2549 cit.
1290 2506 1549 2549 Faciendum
1591 2510 1754 2562 autem,
1799 2510 1891 2548 tum
1932 2510 1981 2548 ut

250 2587 447 2626 accurate
469 2583 733 2637 excipiantur
755 2583 894 2624 omnia
916 2595 966 2624 ex
988 2581 1318 2635 orthographiae
1339 2582 1617 2637 praescripto,
1646 2585 1737 2624 tum
1760 2585 1809 2623 ut
1829 2581 1978 2624 idoneo

249 2660 476 2701 verborum
508 2672 617 2700 nexu
650 2671 698 2700 ac
731 2658 1019 2711 dispositione,
1051 2658 1164 2700 unde
1196 2670 1397 2700 numerus
1421 2657 1596 2710 quidam
1619 2659 1853 2710 gratusque
1885 2668 1978 2698 ora—

253 2734 379 2781 tionis
412 2734 543 2776 veluti
574 2733 711 2775 fluxus
744 2734 911 2789 existat,
945 2736 1235 2776 contexantur.
1300 2732 1416 2783 Quae
1448 2733 1531 2775 duo
1553 2733 1595 2774 in
1616 2733 1710 2786 ipsa
1731 2732 1858 2774 etiam
1891 2743 1980 2774 cor-

252 2810 438 2852 rectione
470 2809 720 2851 inculcanda
752 2812 852 2851 sunt
884 2812 1012 2862 atque
1043 2809 1085 2850 in
1116 2808 1314 2861 singulis,
1354 2821 1464 2861 quae
1495 2808 1750 2863 recitantur,
1789 2807 1981 2861 scriptio-

251 2885 375 2927 nibus
418 2884 693 2938 requirenda,
736 2884 932 2927 indicatis
975 2884 1200 2937 diligenter
1248 2884 1320 2937 qui
1368 2883 1710 2926 adversabuntur
1750 2882 1980 2938 erroribus,

254 2960 591 3014 emendandique
622 2961 787 3002 ratione
820 2961 1124 3003 demonstrata.
1186 2960 1243 3001 Et
1285 2958 1614 3012 orthographiae
1652 2958 1823 3011 quidem
1859 2969 1980 3011 prae-

254 3036 377 3089 cipua
419 3036 559 3089 capita
600 3035 818 3077 trademus
859 3036 1051 3078 Articulo
1093 3037 1308 3088 sequente.
1370 3035 1584 3076 Numerus
1626 3045 1723 3075 vero
1764 3045 1838 3076 scu
1879 3035 1980 3086 apta

252 3111 475 3152 verborum
509 3110 748 3164 dispositio,
787 3111 867 3152 etsi
906 3111 1124 3153 rhetorum
1162 3109 1529 3164 praeceptionibus
1567 3109 1824 3162 quibusdam
1863 3120 1980 3150 mon-

252 3187 432 3242 stretur,
472 3186 636 3227 facilius
676 3190 817 3228 tamen
861 3186 1101 3228 ostenditur
1132 3185 1333 3239 exemplis
1375 3197 1539 3239 usuque
1580 3185 1671 3238 ipso
1713 3197 1761 3227 ac
1802 3184 1979 3226 lectione
