2164 3535
251 219 332 260 178
788 214 1065 258 Heranbildung
1090 214 1154 249 der
1178 214 1319 250 Lehrer
1347 216 1445 250 1619.

250 355 587 399 exstimulabunt
617 355 805 409 ipsisque
838 354 1103 397 cessantibus
1143 366 1288 397 curam
1327 354 1567 405 intendent,
1606 355 1641 397 si
1672 355 1900 408 magistros
1933 355 1984 397 de

251 431 315 473 his
357 431 571 474 interdum
586 432 616 484 ¹)
657 429 993 483 alloquent111·²),
1037 430 1071 472 si
1111 430 1354 483 regularum
1387 429 1726 472 observationem
1757 430 1983 483 urgebunt,

249 505 439 559 nihilque
469 506 632 548 interea
671 505 887 557 magistris
930 504 1076 546 deesse
1119 505 1357 560 patientur,
1402 504 1523 546 facile
1565 517 1613 546 ex
1654 505 1797 558 aliqua
1834 506 1983 548 saltem

250 584 387 634 parte,
418 581 532 634 quod
566 579 849 633 Congregatio
883 582 1019 633 optat,
1053 591 1344 633 assequemur.

755 937 861 1005 (Ex
901 938 1167 987 Provincia
1207 937 1486 1003 Rhenana.)

462 1077 770 1131 Adjumenta
802 1076 1050 1130 quaedam
1082 1089 1171 1130 pro
1204 1076 1396 1119 studiis
1428 1076 1778 1118 Humanitatis

335 1159 383 1200 in
422 1158 713 1213 Gymnasiis
753 1157 1030 1200 Societatis
1070 1157 1435 1211 promovendis
1474 1160 1523 1199 et
1561 1157 1904 1200 illustrandis.

1060 1240 1184 1280 1619.

550 1331 689 1376 (Arch.
716 1330 864 1376 Germ„
890 1330 1018 1366 Rhen.
1046 1330 1158 1375 Sup„
1186 1330 1307 1366 XIII.
1334 1330 1382 1366 B.
1401 1330 1419 1365 1
1446 1330 1693 1375 p.546sqq.)

393 1447 568 1491 Obgleich
594 1446 658 1481 das
684 1445 869 1489 Folgende
896 1445 953 1480 die
979 1445 1143 1480 Umrisse
1171 1446 1272 1480 einer
1298 1445 1755 1490 Gymnasial—Padagogik
1782 1445 1986 1490 uberhaupt

254 1505 409 1549 euthalt,
443 1515 481 1539 so
515 1505 562 1539 ist
596 1515 633 1539 es
660 1503 752 1538 doch
778 1503 1139 1538 vorherrschend
1165 1503 1223 1537 fur
1249 1503 1414 1548 kunftige
1444 1503 1794 1549 Gymnasiallehrer‚
1828 1503 1986 1538 weshalb

253 1563 318 1597 wir
343 1573 380 1597 es
407 1563 486 1597 hier
513 1562 726 1597 einreihten.
776 1561 826 1596 Es
853 1561 901 1596 ist
927 1561 1090 1596 offenbar
1116 1562 1196 1596 eine
1224 1566 1344 1597 erste
1372 1561 1897 1605 Ausfuhrungs—Verordnung
1923 1561 1986 1596 der

254 1620 472 1655 Beschlusse
505 1620 569 1655 der
593 1619 698 1654 Prov.
725 1619 812 1663 Kgr.
845 1630 889 1654 zu
915 1619 1021 1654 Trier
1049 1622 1154 1659 1619;
1192 1620 1271 1655 eine
1305 1624 1448 1665 sptitere
1476 1621 1531 1655 ins
1558 1620 1734 1654 Einzelne
1762 1619 1986 1663 eingehende

252 1677 364 1723 folgte
390 1679 438 1713 im
463 1678 577 1713 Jahre
607 1680 705 1714 1622.

397 1799 432 1837 1.
452 1796 509 1838 Ut
528 1795 570 1837 in
585 1795 827 1850 Gymnasiis
840 1795 998 1837 nostris
1018 1795 1162 1838 studia
1175 1795 1483 1838 Humanitatis:
1503 1795 1832 1851 Grammaticae,
1844 1795 1987 1837 Histo-

254 1871 355 1927 riae,
387 1871 568 1914 Poeseos
602 1875 644 1913 et
665 1870 919 1913 Rhetoricae
951 1883 1079 1924 quam
1113 1870 1293 1913 maxime
1323 1870 1516 1925 floreant,
1550 1883 1806 1924 magnopere
1837 1883 1986 1912 curare

256 1946 411 1989 debent
443 1959 586 1989 omnes
610 1945 875 2000 Superiores,
908 1945 1077 1999 quando
1111 1945 1165 1988 ad
1197 1958 1342 1987 eorum
1375 1946 1683 2000 promotionem
1717 1958 1799 1988 non
1822 1946 1985 1988 utilitas

255 2022 395 2075 modo,
427 2022 500 2064 sed
534 2020 705 2064 evidens
739 2033 909 2074 quoque
941 2021 1171 2064 necessitas
1204 2024 1246 2063 et
1280 2021 1484 2063 nonnulla
1507 2021 1635 2063 etiam
1652 2022 1847 2075 justitiae
1876 2021 1984 2063 ratio

242 2096 452 2150 ‚Collegiis
485 2096 538 2138 ab
568 2096 671 2150 ipsis
704 2095 1022 2138 Fundatoribus
1055 2095 1255 2149 imposita
1286 2108 1361 2137 nos
1394 2096 1588 2150 impellit,
1621 2096 1783 2138 accedit
1814 2096 1987 2149 insuper

256 2172 551 2226 gravissimum
574 2171 621 2212 B.
646 2172 690 2213 P.
715 2171 765 2213 N.
790 2171 943 2225 Ignatii
970 2171 1193 2227 judicium,
1225 2172 1297 2225 qui
1330 2172 1370 2213 in
1404 2172 1491 2214 suis
1515 2171 1900 2214 Constitutionibus
1937 2170 1989 2212 de

256 2247 321 2290 his
354 2247 507 2290 studiis
540 2260 623 2289 non
654 2248 795 2289 minus
827 2247 977 2302 multa,
1010 2259 1136 2300 quam
1171 2247 1222 2289 de
1245 2247 1545 2302 Superioribus
1568 2247 1844 2290 facultatibus
1870 2258 1989 2300 prae-

256 2323 417 2375 scribit,
444 2322 651 2377 jubetque
684 2323 883 2365 constitui
907 2322 1107 2378 Collegia,
1141 2335 1251 2376 quae
1282 2325 1374 2365 tota
1405 2323 1559 2376 linguis
1593 2322 1793 2365 docendis
1826 2322 1986 2364 discen-

259 2398 409 2451 disque
440 2411 485 2440 se
517 2397 783 2451 impendant,
825 2400 867 2438 et
897 2396 1049 2438 horum
1082 2397 1336 2440 adminiculo
1370 2398 1513 2452 potius
1549 2410 1676 2450 quam
1709 2396 1988 2450 Superiorum

258 2473 510 2516 facultatum
540 2472 729 2515 Societas
761 2472 1009 2514 brevissimo
1042 2474 1233 2525 tempore
1265 2473 1304 2514 in
1338 2473 1589 2526 praecipuas
1621 2472 1842 2514 christiani
1874 2470 1987 2513 orbis

260 2552 403 2602 partes
442 2551 679 2601 propagata
710 2551 793 2602 est,
836 2550 964 2600 atque
996 2547 1038 2588 in
1070 2547 1219 2589 iisdem
1251 2560 1296 2589 se
1327 2547 1531 2589 hactenus
1563 2547 1714 2589 melius
1752 2550 1794 2589 et
1824 2545 1986 2587 firmius

260 2635 341 2665 non
375 2622 655 2677 conservavit,
688 2634 816 2675 quam
846 2621 911 2663 his
944 2621 1045 2674 ipsis
1078 2620 1265 2676 artibus,
1297 2621 1349 2663 ob
1383 2634 1488 2675 quas
1521 2621 1641 2664 initio
1674 2621 1860 2663 admissa
1892 2619 1984 2662 fuit.

401 2710 438 2750 2.
486 2707 691 2750 Praefecti
722 2708 971 2750 Studiorum
1004 2707 1214 2760 deligendi
1247 2707 1301 2749 ad
1333 2707 1411 2749 hoc
1443 2720 1575 2760 genus
1608 2707 1848 2749 litterarum
1880 2706 1986 2749 bene

261 2783 413 2838 affecti,
445 2784 573 2836 atque
605 2784 695 2836 eJus
728 2782 998 2838 eruditionis,
1040 2782 1311 2836 prudentiae,
1344 2782 1521 2825 docendi
1553 2782 1849 2836 scribendique
1881 2794 1985 2825 usus

261 2861 304 2901 et
334 2857 638 2912 experientiae,
670 2857 741 2910 qui
774 2861 817 2899 et
848 2857 1076 2910 Magistros
1108 2857 1150 2898 in
1182 2857 1346 2899 ratione
1380 2857 1590 2914 discendi,
1630 2857 1911 2911 docendique,
1944 2860 1987 2898 et

262 2934 303 2975 in
337 2933 529 2975 omnibus
563 2944 672 2986 quae
702 2932 888 2974 muneris
921 2932 1111 2985 ipsorum
1143 2935 1256 2984 sunt,
1288 2932 1419 2985 probe
1451 2932 1681 2975 informare
1715 2935 1758 2974 et
1789 2931 1985 2986 dirigere,

263 3022 311 3051 ac
343 3008 570 3062 discipulos
603 3007 657 3050 ad
679 3007 821 3050 studia
843 3007 1014 3061 pietatis
1037 3011 1080 3050 et
1101 3007 1336 3062 literarum,
1368 3009 1456 3049 tam
1478 3020 1655 3061 graecae
1677 3019 1804 3060 quam
1826 3006 1984 3048 latinae

403 3160 427 3203 ¹)
455 3158 497 3194 bi
526 3158 556 3192 si
581 3167 673 3200 mag.
700 3156 830 3193 interd.
856 3157 899 3191 de
925 3157 994 3192 his.
1202 3156 1229 3201 ²)
1257 3156 1301 3193 b1
1329 3156 1570 3201 alloquantur.
