2164 3535
243 231 326 272 402
602 232 785 267 Deutsche
812 231 1172 276 Reformvorschlage
1197 232 1258 267 fur
1285 232 1342 267 die
1370 232 1411 267 R.
1439 237 1481 267 st.
1512 236 1614 269 1829.

244 369 448 423 magistro
480 371 678 414 tradebat
712 371 935 414 formulam
968 373 1148 426 catalogi
1183 373 1293 427 typis
1336 376 1573 423 exaratam,
1616 374 1735 427 cujus
1774 374 1968 427 speciem

247 449 455 498 quantum
486 447 598 489 illius
631 448 813 501 memini,
845 448 911 490 hic
944 450 1093 501 refero,
1126 451 1350 502 segregata
1380 450 1586 502 pagina.¹)

382 528 533 579 Porro,
576 529 779 582 magister
811 530 1044 572 annotabat
1074 531 1115 572 in
1148 531 1304 585 prima,
1342 531 1547 583 secunda,
1586 531 1715 572 tertia
1746 532 1790 572 et
1818 532 1973 583 quarta

245 602 453 644 formulae
493 603 707 657 columna,
749 605 863 658 quod
904 606 961 648 rei
1005 609 1108 648 erat.
1172 606 1234 647 Ex
1275 605 1353 647 hac
1396 610 1538 647 autem
1581 610 1736 659 quarta
1776 605 1972 647 columna

247 677 389 720 videre
432 681 516 730 est„
558 683 701 721 utrum
743 681 896 734 aliquis
936 681 1096 723 diutius
1129 685 1171 723 et
1202 685 1364 735 quanto
1398 681 1558 722 diutius
1591 681 1631 722 in
1665 681 1808 734 aliqua
1840 681 1974 723 classe

245 753 396 795 sistere
429 753 642 798 debuerit:
677 756 711 797 si
745 770 779 798 v.
806 769 842 809 g.
879 760 1108 799 annotetur
1130 760 1168 813 5,
1197 758 1285 811 jam
1319 757 1424 798 duos
1457 760 1628 811 praeter
1650 760 1817 810 tempus
1842 768 1973 798 annos

243 828 284 869 in
332 829 513 871 scamnis
556 832 747 873 moratus
791 835 875 885 est,
919 832 1129 885 siquidem
1161 833 1214 874 ad
1244 832 1368 874 finem
1401 845 1626 886 supremae
1660 832 1971 874 Grammatices

246 904 412 946 nonnisi
447 907 535 946 tres
567 906 665 947 anni
698 907 989 959 requiruntur.
1052 909 1116 950 Ad
1149 909 1340 963 quintam
1373 909 1609 951 columnam
1644 908 1757 961 quod
1794 910 1972 961 spectat,

246 979 403 1032 gradus
451 980 606 1034 ingenii
655 982 951 1035 exprimuntur
996 985 1182 1027 numeris
1218 987 1260 1037 1,
1301 987 1347 1039 2,
1381 986 1425 1033 3,
1459 987 1484 1026 4
1527 988 1681 1037 (supra
1712 986 1738 1025 4
1779 985 1974 1025 notatum

245 1067 461 1108 nunquam
514 1056 644 1113 vidi),
696 1057 757 1099 ita
807 1062 855 1100 ut
905 1072 1108 1101 numerus
1154 1064 1173 1103 1
1229 1061 1437 1114 exprimat
1486 1060 1701 1113 ingenium
1754 1058 1974 1112 optimum,

247 1131 270 1171 2
305 1130 474 1185 bonum,
509 1132 533 1174 3
566 1132 789 1185 mediocre,
823 1136 848 1175 4
882 1135 947 1176 vix
980 1135 1204 1178 sufficiens.
1260 1137 1315 1178 Et
1343 1137 1436 1190 pari
1459 1137 1622 1178 ratione
1644 1139 1818 1177 notatur
1840 1136 1973 1187 sexta,

246 1206 445 1262 septima,
492 1211 642 1250 octava
674 1221 721 1250 ac
754 1222 864 1252 nona
897 1212 1104 1253 columna.
1169 1212 1419 1265 Catalogum
1453 1212 1511 1253 sic
1543 1214 1845 1265 praeparatum
1878 1212 1975 1251 ante

248 1282 444 1333 generale
477 1283 779 1337 discipulorum
809 1298 983 1328 examen
1007 1287 1060 1328 ad
1085 1287 1208 1330 finem
1233 1288 1330 1329 anni
1353 1287 1601 1329 Scholastici
1624 1286 1830 1339 Magister
1852 1284 1976 1326 Prae-

244 1356 352 1399 fecto
395 1358 604 1401 tradebat.
669 1361 710 1402 Is
742 1374 841 1403 vero
882 1363 1170 1404 constituebat
1203 1363 1333 1418 diem,
1378 1376 1461 1416 quo
1494 1362 1598 1404 illud
1631 1374 1804 1403 examen
1838 1360 1976 1401 locum

245 1432 466 1476 obtineret.
531 1435 647 1477 Tunc
680 1435 870 1489 singulae
903 1437 1096 1489 scholae,
1129 1452 1213 1479 una
1245 1440 1342 1492 post
1373 1438 1518 1490 aliam,
1561 1436 1798 1490 incipiendo
1832 1435 1884 1476 ab
1918 1435 1977 1475 in-

246 1505 344 1549 fima
377 1510 666 1565 grammatica,
700 1511 957 1554 accedebant
990 1513 1043 1554 ad
1077 1514 1218 1555 aulam
1241 1512 1473 1568 Gymnasst,
1506 1513 1578 1554 ubi
1610 1510 1850 1566 praefectus
1883 1522 1978 1552 cum

389 1672 413 1714 ¹)
767 1674 959 1719 Suprema
985 1674 1133 1711 Classis
1159 1675 1458 1711 Grammaticae.

898 1775 992 1847 (ξω-
1535 1828 1539 1832 ,
1559 1828 1564 1832 ,
1789 1803 1950 1829 Iudicium

326 1846 463 1872 Nomina
582 1848 690 1875 Patria
765 1852 862 1877 Aetas
916 1830 1027 1895 ἐξὲξ-ω
1039 1829 1173 1907 ἓθξῖζηῌ
1199 1851 1306 1877 Mores
1345 1851 1451 1876 Pietas
1485 1827 1597 1907 ggiitlia
1633 1827 1737 1899 ΐξέῒῖὃ
1779 1850 1949 1876 Examina—

926 1923 987 1948 pus
1810 1898 1918 1922 torum

327 1996 471 2032 M¹¹⁰¹¹¹S
576 2023 690 2058 Roma
794 2028 833 2059 is
947 2028 969 2059 4
1094 2028 1114 2059 2
1238 2027 1258 2058 2
1384 2027 1405 2059 2
1534 2029 1547 2059 1
1675 2027 1696 2058 2
1849 2010 1879 2034 a.

313 2055 486 2089 Scaevola
1809 2069 1854 2092 m.
1892 2068 1913 2092 a

296 2136 492 2171 Montanus
1845 2150 1889 2175 m.

331 2196 449 2230 Lurco
583 2173 696 2208 Pavia
795 2179 834 2210 15
946 2178 968 2211 3
1097 2178 1110 2210 l
1244 2179 1256 2209 1
1385 2178 1406 2210 2
1530 2179 1551 2211 3
1675 2176 1696 2208 2
1810 2208 1841 2232 a.
1881 2209 1923 2232 m·

296 2277 486 2312 Nonnatus
1849 2280 1881 2314 d.

310 2336 482 2370 petulans
546 2312 727 2347 Sedunum
796 2317 835 2349 16
948 2320 968 2351 5
1093 2318 1114 2349 2
1239 2318 1260 2349 2
1384 2318 1405 2350 3
1530 2318 1551 2350 3
1675 2317 1697 2349 3
1810 2338 1831 2372 d

289 2418 495 2462 Stephanus
550 2398 558 2400 >
652 2452 658 2458 .

357 2476 435 2520 Ego
547 2452 723 2487 Leodmm
796 2457 836 2489 15
948 2458 970 2490 3
1094 2457 1115 2489 2
1239 2456 1260 2489 3
1383 2457 1404 2489 3
1534 2458 1547 2489 1
1677 2457 1690 2488 1
1815 2487 1845 2510 a.
1888 2476 1920 2510 d.
