2164 3535
448 216 658 251 Beibericht
684 217 748 251 der
775 216 1206 252 Studien-Kommissare
1232 227 1296 251 zur
1320 216 1362 251 R.
1390 221 1431 251 st.
1458 227 1524 251 von
1554 220 1651 253 1832.
1828 221 1910 261 487

185 356 298 412 quia,
331 357 488 400 cumin
510 369 596 411 reg.
617 360 641 399 9
674 360 829 410 agatur
860 356 917 399 de
950 356 1303 399 contrahenda
1333 356 1617 412 theologia,
1650 370 1787 400 sermo
1818 371 1910 402 esse

185 444 267 475 non
308 431 435 474 debet
473 431 524 474 de
563 431 883 485 controversiis,
926 444 1033 485 quas
1074 431 1167 474 fuse
1208 430 1332 474 hodie
1364 433 1550 475 tractare
1581 435 1765 486 oportet.
1828 434 1910 476 Alii

185 511 326 550 tamen
359 519 507 549 omnes
539 505 786 560 praeferunt
818 506 970 560 apponi
1004 506 1242 549 clausulam
1276 507 1399 549 »nisi
1432 510 1537 550 etc«

321 601 372 643 N.
396 601 464 645 78.
516 601 588 643 Ad
620 614 716 655 reg.
745 602 810 656 10,
846 604 893 643 11
919 604 962 643 et
988 603 1051 643 12.
1115 601 1271 643 Omnes
1304 600 1604 654 expungendas
1637 603 1810 643 censent
1831 601 1909 644 has

184 676 374 731 regulas,
416 676 516 729 quia
558 679 823 729 supponunt,
868 688 943 717 nos
975 675 1116 728 legere
1147 675 1287 728 ipsum
1319 678 1481 717 textum
1515 675 1554 717 S.
1586 675 1792 731 Thomae,
1835 676 1909 718 sed

183 751 420 805 ponendam
454 764 546 794 esse
578 751 783 805 regulam,
815 763 900 804 qua
932 751 1118 796 cavetur.
1152 763 1202 792 ne
1235 750 1380 792 eadem
1414 750 1606 803 quaestio
1636 750 1813 793 diversis
1847 763 1910 793 re-

183 828 393 869 tractetur
423 826 536 869 locis.

324 919 373 960 N.
398 919 468 961 79.
531 917 603 959 Ad
636 930 734 969 reg.
762 918 828 971 13,
860 930 988 958 nunc
1023 919 1086 958 11.
1149 917 1401 959 Dnbitatum
1433 919 1585 974 fuerat,
1621 923 1764 961 utrum
1797 923 1908 962 esset

184 992 493 1041 conservanda;
527 991 602 1034 sed
627 1004 770 1034 omnes
794 991 1125 1033 conservandam
1149 996 1417 1043 censuerunt,
1449 993 1549 1046 quia
1571 992 1663 1035 fluit
1685 1007 1733 1036 ex
1763 1007 1847 1047 reg.
1869 996 1908 1037 2.

319 1085 368 1126 N.
393 1085 471 1128 80.
531 1084 602 1126 Ad
637 1097 735 1137 reg.
763 1087 834 1137 14,
880 1097 989 1126 nunc
1024 1086 1089 1126 12.
1152 1084 1337 1127 Additur
1378 1086 1568 1128 clausula
1616 1087 1742 1130 »nisi
1786 1087 1907 1140 quid

182 1159 400 1215 obstet«,
433 1160 546 1215 quia,
579 1159 869 1212 multiplicatis
890 1159 1223 1215 Professoribus,
1257 1160 1425 1203 difficile
1448 1161 1617 1203 videtur
1649 1162 1905 1214 quibusdam

183 1235 292 1277 diem
333 1236 547 1289 integrum
590 1235 948 1289 disputationibus
991 1236 1220 1277 menstruis
1260 1235 1524 1292 impendere,
1567 1237 1667 1290 quin
1705 1237 1905 1279 lectiones

181 1323 381 1364 magnum
415 1310 716 1353 detrimentum
749 1314 958 1364 caperent.

319 1404 369 1446 N.
393 1405 456 1448 81.
509 1404 579 1446 Ad
612 1404 913 1457 Catalogum
947 1404 1326 1454 Quaestionum.
1388 1404 1569 1447 Videtur
1601 1405 1905 1459 expungendus

180 1481 310 1534 totus,
342 1479 443 1532 quia
473 1483 538 1521 est
569 1479 742 1526 inutilis,
775 1479 809 1521 si
842 1479 1011 1532 quidem
1044 1480 1139 1521 libri
1173 1480 1457 1522 adhibeantur
1487 1481 1528 1522 in
1560 1480 1823 1523 lectionibus.

322 1571 370 1614 N.
395 1572 445 1616 81
477 1572 552 1614 bis.
617 1572 687 1613 Ad
720 1585 816 1626 reg.
851 1574 979 1615 Prof.
1005 1573 1132 1615 Hist.
1168 1573 1357 1615 Eccles.
1393 1577 1441 1616 et
1474 1574 1609 1616 Iuris
1643 1573 1902 1616 Canonici.

182 1646 295 1688 Nihil
339 1647 524 1689 occurrit
572 1647 819 1700 specialius,
867 1648 979 1701 quod
1024 1649 1135 1690 circa
1174 1648 1250 1690 has
1294 1649 1462 1702 regulas
1504 1652 1777 1705 annotemus,
1825 1650 1903 1692 nisi

184 1724 234 1763 19
268 1721 321 1763 ad
353 1734 437 1774 reg.
467 1723 518 1763 10
551 1722 660 1764 Prof.
706 1722 801 1765 hist.
837 1723 995 1765 Eccles
1040 1724 1261 1766 maluisset
1293 1724 1335 1765 P.
1363 1725 1604 1778 Deputatus
1638 1724 1903 1775 Germaniae,

184 1797 299 1839 nullo
331 1800 445 1840 certo
479 1801 668 1851 tempore
700 1798 863 1840 definiri
894 1799 1098 1840 historiae
1130 1799 1372 1849 lectionem,
1407 1800 1506 1852 quia
1537 1802 1663 1853 putat
1694 1799 1902 1851 sufficere,

186 1873 233 1913 ut
276 1872 491 1915 auditores
524 1886 599 1926 per
641 1873 882 1926 huiusmodi
926 1874 1125 1916 lectiones
1166 1874 1412 1916 methodum
1445 1874 1668 1927 acquirant
1705 1875 1903 1917 studendi

181 1947 404 1999 historiae,
447 1948 802 2001 quemadmodum
834 1948 881 1990 fit
912 1962 988 2002 pro
1022 1949 1164 1991 studio
1206 1950 1444 2003 scripturae
1476 1961 1635 1992 sacrae.
1698 1950 1779 1991 Alii
1812 1963 1903 1992 cen-

179 2026 357 2064 suerunt
388 2022 672 2065 definiendum
704 2026 885 2077 tempus,
919 2027 1010 2065 tum
1043 2037 1093 2066 ne
1123 2024 1343 2066 Professor
1376 2024 1550 2066 nimium
1582 2028 1775 2079 vagetur,
1811 2028 1899 2066 tum

178 2100 227 2138 ut
257 2097 466 2154 discipuli,
499 2102 707 2151 quantum
739 2098 827 2141 fieri
861 2104 1019 2154 potest,
1053 2100 1282 2153 completas
1316 2100 1575 2153 cognitiones
1608 2100 1843 2153 acquirant.

317 2190 370 2232 29
403 2190 574 2233 Partem
615 2191 859 2245 judicialem
902 2193 990 2234 Inri
1039 2192 1238 2234 canonico
1286 2192 1558 2246 adjungimus
1605 2205 1654 2234 ex
1701 2192 1811 2234 decr.
1847 2193 1902 2234 30

179 2264 309 2318 Cong.
333 2265 433 2307 XVI
466 2277 559 2308 cum
591 2266 881 2309 moderamine
912 2271 1053 2309 tamen
1085 2267 1239 2309 ibidem
1271 2267 1468 2310 indicato.

315 2353 366 2395 3‘?
401 2353 489 2395 Hos
522 2366 672 2395 cursus
715 2354 848 2395 nostri
882 2354 1001 2406 sequi
1033 2366 1113 2395 non
1148 2353 1323 2408 debent,
1364 2354 1443 2396 nisi
1476 2354 1715 2408 specialiter
1746 2368 1770 2396 a
1802 2354 1901 2396 Pro-

179 2427 347 2470 vinciali
380 2427 603 2485 designati,
636 2432 684 2470 ut
715 2429 957 2471 insinuatur
990 2442 1073 2482 reg.
1103 2431 1126 2471 9
1160 2430 1230 2483 §2
1263 2429 1385 2470 Prov.

312 2760 575 2828 Regulae
622 2763 979 2811 Professoris
1024 2766 1278 2812 Casuum
1323 2763 1759 2811 Conscientiae.

320 2901 369 2942 N.
393 2902 465 2946 82.
507 2900 578 2943 Ad
601 2901 820 2943 titulum.
864 2901 1119 2942 Immutatus
1142 2904 1316 2954 propter
1337 2901 1522 2944 rationes
1544 2900 1752 2943 indicatas
1774 2914 1812 2943 n.
1834 2902 1898 2943 10.

320 2993 368 3034 Ν.
392 2993 464 3038 83.
525 2993 594 3035 Ad
637 3006 733 3046 reg.
761 2996 798 3035 2.
836 3018 884 3024 -—
924 2996 972 3036 19
1005 2993 1261 3036 Distributio
1301 2994 1545 3047 immutata,
1588 2993 1688 3047 quia
1724 2992 1901 3035 deerant

178 3068 307 3122 aliqui
341 3071 570 3123 tractatus,
611 3083 645 3110 v.
671 3082 709 3122 g.
744 3069 801 3111 de
834 3068 1170 3120 conscientia,
1204 3069 1261 3111 de
1291 3068 1520 3122 peccatis
1553 3071 1629 3111 etc.
1693 3070 1743 3110 29
1778 3068 1898 3110 Unus

175 3146 342 3185 tantum
385 3143 557 3198 ponitur
588 3145 829 3198 Professor,
872 3144 942 3197 qui
985 3143 1151 3186 biennio
1193 3144 1399 3186 indicatas
1442 3143 1643 3186 materias
1688 3142 1896 3197 absolvat,
