2164 3535
486 194 587 230 Neue
614 193 977 237 Studienvorschlage
1003 193 1066 228 der
1092 192 1289 228 deutschen
1313 192 1466 227 Provinz
1494 196 1590 229 1830.
1812 197 1894 238 423

180 335 355 377 tertium
378 347 535 376 annum
556 334 847 388 impenderent
864 333 1004 375 studio
1025 333 1279 389 Matheseos,
1301 333 1595 376 Astronomiae
1618 346 1667 376 ac
1683 334 1897 377 Historiae

179 413 269 451 tum
292 410 498 452 naturalis
520 413 611 451 tum
634 409 883 451 universalis
908 421 1002 450 cum
1025 408 1275 462 repetitione
1297 408 1591 462 Philosophiae
1613 409 1677 450 vel
1699 409 1896 463 Physices

173 487 297 539 juxta
329 484 624 538 dispositiones
658 483 889 537 peculiares
922 483 1189 536 superiorum
1222 483 1287 524 vel
1320 486 1556 536 parentum.
1595 509 1642 512 —
1679 484 1825 537 Neque
1847 484 1897 525 ti-

178 561 330 603 menda
357 562 467 602 foret
494 559 784 612 multiplicitas
808 558 1119 609 Professorum3
1161 559 1403 600 Triennium
1432 558 1541 600 enim
1572 558 1783 601 introduci
1814 571 1896 600 non

178 639 332 690 potest,
356 634 435 676 nisi
454 634 494 675 in
519 633 714 686 Collegiis
737 634 981 687 maioribus,
1005 637 1047 675 et
1067 634 1136 676 ubi
1162 635 1310 676 Nostri
1332 647 1409 676 sua
1431 634 1575 676 studia
1595 633 1769 676 habent:
1803 634 1897 676 hinc

179 711 213 753 si
232 709 426 752 Ethicam
448 709 512 750 vel
529 709 600 762 jus
622 709 816 750 naturale
838 708 983 750 tradat
1004 722 1039 749 v.
1059 721 1096 761 g.
1119 709 1339 751 Professor
1358 709 1462 762 juris
1486 708 1698 765 Canonici,
1722 709 1898 752 haberet

178 788 270 827 octo
303 784 502 826 lectiones
535 783 711 836 singulis
743 782 1090 825 hebdomadibus.
1128 807 1177 812 —
1211 783 1431 825 Professor
1461 783 1701 826 Matheseos
1743 784 1895 827 docens

177 860 474 902 elementarem
506 861 548 900 et
579 858 880 912 sublimiorem,
914 870 1008 899 cum
1039 857 1310 899 Astronomia
1342 859 1517 911 singulis
1548 859 1896 915 hebdomadibus,

177 936 336 989 pariter
368 938 461 976 octo
493 933 693 976 lectiones
727 933 859 975 daret.
905 957 952 962 —
993 933 1259 975 Professores
1292 933 1586 986 Philosophiae
1625 937 1667 976 et
1698 934 1894 989 Physices

178 1013 201 1052 9
234 1010 440 1052 haberent
470 1009 684 1063 lectiones,
718 1021 899 1061 quorum
932 1008 1139 1050 alteruter
1170 1012 1408 1050 assumeret
1431 1021 1600 1062 quoque
1621 1009 1822 1052 lectiones
1846 1010 1898 1052 de

176 1085 364 1127 Historia
416 1084 613 1126 naturali.
689 1109 738 1114 —-
807 1083 842 1125 E
897 1083 1208 1137 professoribus
1264 1083 1538 1137 Theologiae,
1590 1084 1661 1137 qui
1713 1085 1896 1138 alioquin

176 1163 202 1202 4
233 1160 432 1202 lectiones
463 1159 622 1201 habent
652 1159 694 1200 in
725 1158 1013 1214 hebdomada,
1056 1172 1166 1201 unus
1199 1172 1290 1201 esse
1333 1162 1501 1214 posset,
1542 1172 1579 1200 v.
1613 1171 1651 1212 g.
1685 1159 1898 1213 professor

176 1235 378 1278 historiae
410 1235 738 1289 ecclesiasticae,
783 1234 854 1287 qui
885 1232 1158 1287 profiteretur
1189 1234 1319 1276 etiam
1350 1234 1572 1276 historiam
1603 1235 1894 1278 universalem.

177 1336 230 1341 -—
264 1311 461 1353 Ceterum
493 1310 661 1352 omnino
693 1309 978 1351 necessarium
1010 1309 1191 1364 videtur,
1225 1313 1272 1351 ut
1304 1309 1361 1351 sit
1391 1309 1464 1362 qui
1495 1309 1718 1352 historiam
1750 1310 1899 1352 doceat

177 1389 251 1428 aut
281 1398 428 1428 sanam
461 1384 706 1427 methodum
739 1384 866 1437 hujus
899 1383 1028 1426 studii
1060 1383 1226 1439 tradat,
1267 1384 1384 1426 nulla
1416 1384 1526 1426 enim
1557 1388 1623 1427 est
1652 1385 1739 1427 fere
1778 1385 1898 1428 disci-

175 1461 308 1517 plina,
341 1475 362 1504 e
394 1474 479 1514 qua
509 1463 677 1502 tantum
709 1459 809 1501 mali
843 1459 1055 1500 emanavit
1086 1462 1129 1501 et
1161 1462 1353 1514 emanat,
1386 1462 1593 1512 quantum
1626 1473 1674 1502 ex
1706 1460 1895 1503 historia.

175 1537 292 1579 Inter
323 1537 557 1579 Germanos
590 1536 718 1577 etiam
750 1535 908 1577 nostris
941 1534 1245 1590 exprobratur,
1287 1534 1400 1588 quod
1433 1534 1550 1576 nulla
1582 1548 1684 1577 cura
1722 1535 1897 1589 insignis

175 1612 279 1654 adeo
303 1612 502 1654 scientiae
524 1610 747 1652 habeatur.
781 1634 830 1640 —
862 1610 980 1652 Inter
1005 1609 1240 1652 Germanos
1263 1622 1432 1663 quoque
1453 1609 1645 1663 magnifit
1666 1611 1897 1654 Historia

174 1687 554 1742 Philosophiae,
606 1686 648 1727 in
701 1698 786 1738 qua
840 1688 1112 1727 recensentur
1161 1685 1378 1739 opiniones
1427 1698 1569 1727 omnes
1619 1686 1896 1728 celebriorum

174 1761 540 1816 Philosophorum.
602 1761 736 1803 Valde
777 1760 1012 1803 timendum
1046 1762 1131 1816 est,
1174 1766 1225 1802 ne
1258 1773 1307 1802 ex
1339 1762 1460 1802 tanta
1490 1761 1733 1814 opinionum
1764 1761 1897 1803 farra-

175 1838 270 1891 gine
300 1837 541 1879 intellectus
579 1836 779 1889 juvenilis
813 1835 1041 1878 offuscetur
1083 1835 1219 1889 magis
1262 1848 1389 1888 quam
1431 1836 1690 1887 illustretur3
1735 1836 1896 1890 prospi-

174 1912 367 1966 ciendum
399 1915 542 1954 tamen
573 1914 650 1963 est,
682 1924 734 1953 ne
766 1923 816 1953 ex
847 1914 963 1953 metu
994 1911 1171 1965 periculi
1203 1914 1489 1964 opportunum
1521 1911 1631 1954 malo
1664 1911 1895 1955 remedium

172 1988 424 2041 negligatur.

309 2062 380 2104 Ad
412 2074 509 2115 reg.
545 2063 584 2113 9,
620 2063 685 2118 10,
720 2065 786 2116 11,
823 2063 888 2117 12,
924 2062 989 2117 13,
1025 2064 1090 2114 14„
1126 2064 1189 2104 15.
1254 2063 1317 2104 Ex
1349 2061 1604 2116 supradictis
1638 2065 1777 2119 patet,
1819 2062 1893 2104 has

174 2138 341 2191 regulas
373 2138 529 2191 partim
561 2137 863 2193 immutandas,
895 2138 1051 2192 partim
1084 2139 1340 2181 omittendas
1374 2151 1478 2181 esse.

310 2213 380 2255 Ad
413 2226 507 2266 reg.
532 2215 599 2268 16,
634 2215 698 2255 17.
746 2213 1000 2267 Multiplices
1024 2214 1120 2257 illae
1137 2215 1465 2270 recollectioneS,
1490 2215 1681 2268 quamvis
1705 2226 1895 2256 summae

173 2288 385 2344 utilitatis,
417 2288 484 2329 vix
516 2287 606 2330 fieri
638 2291 818 2342 possunt
847 2289 888 2330 in
921 2289 970 2331 iis
995 2289 1204 2345 Collegiis,
1237 2290 1309 2331 ubi
1341 2294 1442 2332 sunt
1463 2290 1606 2343 plures
1628 2289 1893 2332 Professores

172 2363 360 2418 ejusdem
391 2363 622 2419 facultatis,
655 2363 727 2416 qui
759 2364 838 2405 sibi
869 2364 1049 2406 invicem
1071 2365 1316 2407 succedunt.
1343 2390 1392 2395 -
1416 2365 1498 2407 Pro
1521 2365 1690 2408 Nostris
1713 2364 1894 2406 habetur

167 2440 255 2493 J'am
296 2439 402 2480 hora
441 2438 768 2494 recollectionis,
812 2451 895 2492 qua
934 2439 1000 2481 die
1031 2439 1232 2482 lectiones
1265 2439 1424 2481 adeunt
1455 2452 1503 2481 ex
1535 2452 1620 2491 reg.
1649 2441 1699 2481 12
1733 2439 1890 2481 Comm.

172 2513 354 2556 Profess.
389 2527 528 2567 super.
553 2514 696 2557 facult.
733 2538 782 2543 -—
817 2514 898 2556 Pro
932 2514 1293 2568 disputationibus
1327 2527 1424 2556 vero
1456 2514 1683 2557 menstruis
1714 2514 1782 2555 vix
1805 2513 1892 2556 dies

171 2589 325 2631 insumi
367 2593 530 2643 posset,
578 2593 752 2642 propter
793 2589 1150 2643 multiplicitatem
1195 2589 1490 2645 materiarum,
1537 2590 1646 2631 forte
1695 2589 1889 2632 semidies

172 2663 396 2706 sufficeret.

309 2744 379 2786 Ad
411 2757 509 2797 reg.
545 2745 611 2786 20.
672 2744 983 2798 Disputationis
1023 2745 1178 2801 forma,
1218 2748 1345 2799 prout
1376 2745 1417 2786 in
1448 2744 1528 2787 hac
1559 2745 1707 2798 regula
1738 2745 1890 2787 descri-

175 2821 288 2862 bitur
330 2822 371 2863 et
415 2820 656 2875 ordinatur,
698 2820 854 2862 multos
887 2820 1010 2862 hodie
1042 2820 1198 2873 ubique
1231 2820 1497 2862 adversarios
1528 2820 1697 2863 invenit.
1760 2820 1891 2861 Nihil-

172 2895 336 2937 ominus
375 2895 498 2948 juxta
540 2895 651 2937 dicta
692 2895 745 2936 ad
786 2895 957 2937 titulum
1006 2908 1119 2949 regg.
1162 2895 1272 2938 Prof.
1316 2896 1567 2949 Theologiae
1615 2895 1890 2938 scholasticae

171 2970 337 3012 omnino
380 2970 602 3012 retinenda
643 2970 829 3025 videtur,
871 2971 987 3012 velut
1028 2971 1319 3025 adjumentum
1359 2972 1563 3025 optimum
1605 2971 1657 3013 ad
1699 2973 1888 3012 exactam

169 3045 367 3087 scientiae
399 3045 593 3087 notitiam
626 3042 926 3099 acquirendam
957 3049 999 3087 et
1031 3046 1084 3087 ad
1114 3047 1428 3099 praecavendas
1452 3046 1740 3088 aberrationes
1763 3044 1886 3086 hodie

168 3120 209 3162 in
231 3120 502 3174 Philosophia
534 3121 656 3163 valde
687 3120 928 3174 frequentes
962 3123 1003 3163 et
1034 3122 1302 3174 periculosas.
1359 3121 1601 3175 Optandum
1633 3123 1773 3162 tamen
1808 3122 1886 3174 est,
