2164 3535
263 180 346 221 550
654 175 692 210 P.
719 175 912 211 Roothaan
938 174 996 209 fur
1022 174 1274 218 grundlichere
1301 174 1409 210 theol.
1438 174 1599 210 Studien.

263 318 453 373 quotidie
495 333 570 374 per
606 319 755 376 horam
795 316 835 359 S.
878 316 1126 370 Scripturae
1168 316 1423 370 Magistrum
1467 315 1616 358 audire
1656 318 1874 367 tenentum
1917 318 1993 357 aut

263 396 438 437 nimium
472 397 702 437 onerentur
736 396 811 435 aut
842 395 1010 447 partem
1044 392 1230 445 aliquam
1262 391 1518 444 Theologiae
1549 403 1632 433 non
1664 390 1852 433 audiant.
1914 390 1993 433 Hic

264 474 407 514 autem
440 470 590 512 tertius
614 468 835 511 Professor
867 471 1055 511 tractare
1088 467 1258 510 debebit
1291 467 1342 509 de
1364 467 1540 509 Actibus
1572 466 1783 522 humanis,
1816 466 1868 509 de
1900 478 1996 509 con-

264 546 460 599 scientia,
503 545 553 587 de
592 544 755 598 legibus
788 544 939 586 divinis
981 545 1023 585 et
1062 543 1259 585 humanis
1300 542 1342 584 in
1384 554 1561 595 genere,
1604 541 1740 596 deque
1781 541 1995 585 Ecclesiae

264 620 501 677 praeceptis
534 621 575 662 in
610 620 761 674 specie,
795 632 955 662 necnon
990 618 1041 660 de
1073 618 1257 661 consiliis
1291 617 1555 671 evangelicis.
1604 617 1712 660 Item
1736 617 1786 660 de
1809 617 1995 671 peccatis

264 699 303 739 in
337 709 490 751 genere
521 700 564 738 et
594 696 635 737 in
669 696 827 749 specie„
868 694 919 737 de
952 694 1167 736 habitibus
1200 693 1320 736 bonis
1362 696 1404 735 et
1435 693 1578 748 malis,
1618 704 1693 735 seu
1726 692 1778 735 de
1809 692 1922 735 vitiis
1954 696 1998 734 et

265 772 518 827 virtutibus,
566 775 608 814 et
654 772 696 813 in
743 771 881 825 specie
932 770 983 813 de
1030 769 1260 812 virtutibus
1307 768 1557 822 theologicis
1605 771 1648 811 et
1694 767 1995 824 cardinalibus,

265 860 498 901 earumque
529 846 738 890 connexis.

404 924 441 965 3.
490 923 584 966 Etsi
616 922 658 964 hi
689 922 958 965 Professores
992 920 1208 964 Ordinarii
1239 920 1468 977 principia,
1501 932 1610 974 quae
1644 919 1848 962 moralem
1879 931 1997 974 spec-

266 1003 359 1042 tant
395 999 557 1052 omnia,
599 998 725 1041 etiam
758 998 799 1040 in
835 998 1038 1040 Tractatu
1072 997 1123 1039 de
1156 996 1464 1052 Sacramentis‚
1507 995 1717 1050 explicare
1756 997 1997 1050 teneantur,

265 1088 347 1118 non
382 1078 523 1117 tamen
565 1074 617 1117 ad
660 1086 783 1116 casus
824 1073 1107 1128 particulares
1151 1072 1406 1115 descendere
1449 1073 1624 1126 debent,
1668 1075 1713 1114 at
1754 1070 1999 1126 hujusmodi

266 1152 376 1194 enim
420 1151 722 1204 principiorum
765 1149 1092 1204 applicationem
1134 1149 1174 1191 in
1218 1149 1431 1191 consuetis
1478 1160 1653 1190 casuum
1702 1146 1997 1190 collationibus

268 1227 517 1269 Scholastici
549 1225 870 1269 exercebuntur.

411 1306 448 1345 4.
498 1303 644 1345 Nostri
676 1314 818 1357 porro,
852 1301 923 1355 qui
947 1301 1000 1343 ad
1023 1300 1294 1354 Theologiam
1319 1300 1624 1343 Scholasticam
1648 1298 1849 1342 destinati
1882 1301 1998 1355 sunt,

267 1366 437 1434 praeter
468 1379 543 1421 hos
577 1378 825 1421 Ordinarios
859 1376 1122 1431 professores
1168 1376 1318 1424 alium,
1361 1376 1433 1430 qui
1475 1388 1598 1418 casus
1631 1375 1775 1431 docet,
1816 1376 1892 1417 aut
1926 1375 1998 1429 jus

268 1455 514 1498 canonicum
547 1454 612 1497 vel
644 1454 881 1496 Historiam
915 1453 1259 1496 Ecclesiasticam
1298 1451 1453 1503 tradit,
1495 1451 1767 1505 frequentare
1806 1450 1998 1493 indiscri-

267 1531 457 1573 minatim
491 1543 542 1573 ne
575 1530 836 1583 obligentur;
878 1542 988 1583 quae
1020 1529 1131 1572 enim
1162 1532 1205 1570 in
1237 1528 1300 1570 his
1333 1527 1505 1582 maj0ris
1539 1527 1740 1570 momenti
1781 1527 1998 1581 reperiun-

268 1612 358 1659 tur,
398 1618 472 1648 nec
503 1605 544 1647 in
577 1605 806 1658 Theologia
847 1608 1098 1660 occurrunt,
1141 1604 1204 1646 vel
1243 1604 1411 1658 privato
1455 1603 1597 1645 studio
1639 1603 1703 1645 vel
1734 1602 1999 1646 Academicis

269 1681 642 1725 exercitationibus
676 1681 866 1735 suppleri
898 1684 1112 1734 poterunt.

407 1765 442 1804 5.
493 1762 751 1804 Examinis
790 1762 954 1804 Annui
986 1761 1166 1804 materia
1198 1762 1272 1809 sit„
1306 1774 1415 1815 quae
1447 1774 1524 1815 per
1555 1761 1652 1804 anni
1685 1760 1912 1804 decursum
1945 1760 1998 1803 ab

270 1838 505 1881 Ordinariis
528 1838 846 1880 Professoribus
870 1837 1036 1880 duobus
1060 1838 1124 1880 vel
1147 1837 1285 1880 tribus
1319 1839 1505 1880 tractata
1536 1836 1720 1879 fuerunt.
1778 1836 1999 1880 Examen

269 1915 328 1956 ad
379 1914 415 1955 G
429 1914 615 1956 raduni
663 1914 717 1955 ad
762 1914 954 1956 Instituti
1002 1915 1239 1967 norma1n¹)
1288 1913 1456 1955 omnino
1504 1916 1752 1969 revocetur,
1807 1912 2000 1966 adeoque

269 1994 440 2045 praeter
480 1993 566 2032 tres
608 1990 748 2032 theses
792 1989 1127 2044 philosophicas,
1171 2001 1280 2042 quae
1321 1989 1573 2042 praecipuas
1606 1988 1830 2031 universae
1861 1987 1999 2030 Philo-

272 2066 445 2120 sophiae
487 2065 758 2107 difficultates
802 2066 1064 2120 contineant,
1106 2067 1291 2118 quatuor
1333 2064 1418 2106 sint
1448 2064 1590 2107 theses
1623 2064 1885 2117 theologicae
1917 2064 2000 2107 sin-

271 2142 395 2194 gulae
427 2141 604 2194 singulis
634 2140 833 2183 Summae
856 2140 905 2182 D.
932 2140 1117 2183 Thomae
1139 2140 1334 2194 partibus
1358 2140 1682 2194 respondentes;
1715 2152 1998 2194 unaquaeque

272 2217 403 2259 thesis
436 2217 519 2259 tria
551 2216 701 2259 saltem
735 2215 925 2258 membra
955 2216 1122 2266 habeat,
1143 2201 1265 2269 *quae
1288 2216 1540 2269 praecipuas
1562 2215 1724 2269 pariter
1746 2215 1999 2269 Theologiae

272 2293 505 2335 Universae
538 2291 809 2334 difficultates
843 2292 1192 2348 complectantur,
1224 2292 1284 2334 ita
1312 2294 1360 2333 ut
1381 2304 1479 2334 vere
1511 2291 1579 2333 Ex
1610 2291 1888 2334 Universa
1920 2290 2001 2333 dici

273 2368 459 2410 Examen
494 2368 644 2409 valeat.
708 2367 873 2409 Harum
907 2367 1001 2409 dein
1035 2367 1233 2410 Thesium
1267 2368 1482 2421 exemplar
1514 2367 1567 2409 ad
1599 2367 1759 2410 Urbem
1792 2366 1998 2410 mittetur.

411 2457 448 2495 (3.
498 2454 577 2505 Qui
611 2454 663 2496 ad
697 2454 1057 2508 compendiarium
1082 2454 1334 2507 Theologiae
1368 2468 1539 2497 cursum
1572 2454 1841 2497 destinantur
1873 2454 2000 2497 Scho-

271 2530 421 2582 lastici‚
455 2530 655 2583 scholam,
689 2533 895 2583 quantum
919 2542 995 2583 pro
1019 2530 1207 2572 locorum
1232 2530 1442 2583 adjunctis
1465 2529 1554 2572 fieri
1577 2532 1731 2583 potest,
1755 2533 1996 2584 separatam

271 2604 468 2647 habeant.
532 2605 709 2647 Praeter
751 2604 1003 2658 Theologiae
1043 2605 1216 2647 Moralis
1249 2605 1557 2661 Professorem‚
1601 2605 1673 2658 qui
1715 2605 1779 2647 bis
1812 2605 2002 2659 quotidie

271 2679 457 2734 docebit,
489 2680 822 2733 frequentabunt
854 2680 1007 2731 alium„
1041 2680 1112 2733 qui
1147 2681 1312 2722 biennio
1345 2680 1506 2734 pariter
1536 2680 1706 2723 brevem
1739 2681 1998 2734 Dogmatum

271 2755 465 2797 notitiam
507 2755 586 2797 illis
629 2754 825 2803 tradet2).
890 2756 937 2797 In
978 2755 1059 2797 fine
1101 2756 1197 2798 anni
1241 2769 1288 2798 ex
1331 2760 1515 2809 utraque
1558 2756 1736 2798 materia
1776 2756 2001 2809 diligenter

273 2831 537 2873 examinandi
582 2835 723 2876 erunt:
767 2831 819 2873 ad
853 2830 1004 2873 Sacros
1047 2844 1145 2873 vero
1179 2832 1358 2874 Ordines
1399 2844 1481 2873 non
1525 2834 1874 2886 promoveantur,
1920 2831 1998 2873 nisi

270 2906 310 2947 in
349 2909 532 2958 utraque
564 2906 713 2948 saltem
747 2905 1081 2948 mediocritatem
1115 2906 1344 2959 attigerint.

410 2982 525 3023 Haec
558 2982 591 3022 si
625 2984 860 3032 serventur,
894 2981 1119 3023 cessabunt
1150 2981 1265 3023 haud
1289 2981 1413 3023 dubie
1435 2982 1632 3034 querelae
1656 2981 1706 3023 de
1729 2980 2001 3025 insufficienti

411 3132 436 3173 ¹)
462 3129 566 3163 Instr.
594 3129 688 3163 XIX.
900 3129 928 3173 2)
955 3129 1082 3173 Congr.
1110 3129 1188 3164 XX.
