2164 3535
206 194 289 236 328
690 190 1041 225 Clerical-Seminar
1067 190 1103 224 in
1130 189 1317 224 Bruntrut.
1359 191 1456 224 1713.

487 554 606 607 Das
652 551 1226 607 Clerical-Seminar
1270 570 1342 605 zu
1386 550 1664 605 Bruntrut

209 715 296 744 war
327 713 422 743 vom
453 700 628 742 Baseler
660 698 960 741 Furstbischof
987 697 1082 739 Joh.
1107 697 1283 739 Konrad
1315 710 1395 739 von
1418 697 1604 739 Reinach
1636 697 1792 740 bereits
1827 699 1936 740 1713

210 776 413 819 errichtet
452 775 540 816 und
580 774 683 816 zwei
715 773 847 816 ι161116
886 775 1031 827 spater
1070 773 1144 815 der
1182 774 1366 827 Leitung
1407 773 1481 815 der
1520 773 1804 816 Gesellschaft
1834 773 1940 816 ι16611

211 851 480 904 ubertragen.
552 849 693 892 Ueber
735 849 801 891 die
845 848 1383 902 Entstehungsgeschichte
1423 848 1510 890 und
1548 848 1940 901 Hauseinrichtung

211 926 377 970 erzahlt
408 927 483 968 der
515 925 774 978 Chronistn:

353 1020 639 1063 »Decreverat
670 1020 704 1062 is
737 1020 957 1075 [Princeps
990 1023 1033 1061 et
1058 1018 1313 1075 Episcopus]
1347 1020 1430 1061 iam
1463 1019 1627 1073 pridem
1660 1018 1942 1061 Seminarium

215 1096 475 1139 Clericorum
496 1096 720 1137 instituere
743 1108 818 1148 pro
842 1108 958 1136 more
981 1095 1228 1147 gallicarum
1251 1095 1541 1136 Ecclesiarum
1564 1107 1638 1136 seu
1661 1094 1943 1148 Dioecesium‚

215 1173 256 1214 in
289 1184 372 1225 quo
403 1170 481 1213 SS.
507 1171 701 1213 ordinum
735 1169 949 1212 candidati
982 1170 1036 1211 ad
1067 1170 1331 1211 sacerdotale
1363 1183 1517 1212 munus
1541 1170 1747 1222 requisita
1768 1169 1945 1211 scientia

216 1253 277 1304 et,
319 1247 433 1302 quod
466 1250 596 1300 caput
627 1249 710 1301 661,
753 1245 994 1288 6666666116
1025 1245 1184 1299 pietate
1215 1249 1548 1299 praeparentur3
1588 1246 1758 1298 iamque
1799 1245 1871 1286 diu
1902 1245 1945 1286 in

215 1324 286 1366 illa
326 1323 449 1365 domo
491 1335 515 1363 a
556 1322 726 1364 musicis
767 1321 968 1363 studiosis
1012 1322 1110 1363 olim
1150 1321 1411 1373 inhabitata,
1454 1334 1565 1363 nunc
1606 1334 1704 1362 vero
1749 1320 1803 1363 ad
1834 1320 1945 1362 hunc

219 1400 343 1442 finem
381 1399 595 1441 destinata
635 1398 875 1440 laboratum
908 1401 992 1449 est,
1036 1410 1084 1440 ac
1116 1397 1288 1439 tandem
1321 1396 1426 1454 [res]
1459 1396 1645 1450 perfecta
1677 1399 1719 1438 et
1751 1396 1948 1438 absoluta

218 1477 293 1517 est.
358 1474 491 1516 Simul
524 1474 651 1515 etiam
683 1473 736 1515 ab
769 1473 916 1515 eodem
949 1474 1164 1529 Principe,
1202 1486 1356 1527 magno
1390 1474 1493 1516 alias
1527 1477 1717 1515 amatore
1750 1475 1792 1514 et
1824 1472 1949 1514 aesti-

219 1554 381 1593 matore
413 1548 659 1602 Societatis,
693 1549 776 1590 duo
810 1549 932 1590 vicini
964 1549 1142 1591 Parochi
1174 1549 1387 1591 Dioecesis
1421 1549 1690 1597 Bisuntinae,
1724 1560 1831 1602 quos
1863 1547 1948 1589 iam

220 1630 318 1668 ante
359 1625 573 1668 biennium
616 1624 668 1666 ab
711 1623 1026 1678 archiepiscopo
1058 1624 1283 1666 Bisuntino
1324 1624 1507 1677 petierat
1548 1627 1591 1665 et
1629 1623 1949 1677 impetraverat,

222 1701 479 1744 denominati
513 1704 649 1755 616111,
682 1700 755 1753 qui
787 1700 912 1742 huius
947 1699 1096 1742 domus
1119 1699 1436 1742 Praefecturam
1469 1703 1512 1741 et
1541 1699 1815 1741 directionem
1838 1701 1952 1739 tene-

220 1780 336 1828 rent,
369 1776 601 1829 praeterita
632 1779 781 1818 nostra
813 1775 1045 1827 Societate„
1085 1788 1212 1829 quam
1244 1788 1320 1829 pro
1353 1775 1431 1817 hoc
1464 1788 1589 1817 onere
1620 1774 1760 1816 nescio
1795 1772 1949 1826 quibus

221 1851 567 1906 persuasionibus
608 1850 806 1892 inductus
849 1851 987 1892 minus
1030 1854 1174 1904 aptam
1214 1850 1444 1893 iudicabat.
1509 1850 1601 1900 Qua
1644 1862 1689 1891 re
1726 1849 1829 1891 nihil
1860 1860 1947 1890 mo-

221 1928 370 1970 lestius
412 1926 597 1980 Collegio
645 1929 687 1968 et
730 1926 865 1980 Lyceo
916 1929 1061 1967 nostro
1105 1938 1126 1967 e
1178 1926 1349 1979 regione
1396 1925 1609 1968 seminarii
1658 1924 1773 1972 61116,
1822 1927 1952 1977 atque

224 2003 415 2045 Dioecesi
453 2001 556 2043 nihil
597 2002 874 2054 periculosius
914 2000 1104 2043 accidere
1150 2001 1371 2054 potuisset.
1444 2001 1498 2042 Hi
1538 2013 1720 2053 namque
1762 2002 1949 2052 praeter-

226 2091 354 2131 quam
396 2077 509 2130 quod
550 2077 816 2130 superiorum
860 2080 1105 2118 nostrarum
1137 2075 1378 2117 scholarum
1412 2075 1628 2117 auditores
1662 2074 1952 2127 attraxissent,

226 2166 321 2196 cum
352 2152 478 2206 ijdem
513 2156 555 2193 et
576 2153 818 2194 Directores
852 2156 894 2194 et
925 2151 1191 2205 superiorum
1223 2151 1463 2192 scholarum
1487 2151 1751 2192 Professores
1774 2149 1954 2192 fuissent

227 2232 269 2271 et
300 2228 473 2282 insuper
503 2228 581 2270 1166
613 2228 776 2269 ratione
807 2228 871 2269 vel
903 2227 945 2267 hi
977 2227 1042 2268 vel
1074 2239 1218 2268 eorum
1252 2239 1517 2268 successores
1550 2239 1625 2279 per
1657 2229 1791 2267 totam
1822 2226 1955 2279 regio-

227 2316 322 2345 nem
365 2302 666 2345 disseminandi
709 2303 824 2344 virus
864 2302 1051 2344 haeresis
1093 2300 1386 2357 [Jansenismi]
1428 2314 1554 2354 quam
1595 2302 1798 2354 optimam
1840 2313 1957 2343 occa-

229 2379 388 2421 sionem
428 2378 540 2420 nacti
582 2377 784 2427 fuissent„
836 2378 971 2419 altare
1009 2376 1126 2418 velut
1167 2376 1292 2418 altari
1334 2376 1577 2430 oppositum
1625 2377 1676 2418 ob
1726 2376 1956 2418 novitatem

231 2454 449 2496 doctrinae
480 2457 708 2507 perpetuas
740 2452 860 2495 nobis
894 2452 988 2494 lites
1020 2452 1262 2494 movissent.
1318 2452 1399 2494 Sed
1432 2452 1636 2505 singulari
1668 2452 1835 2494 divinae
1857 2451 1958 2492 Pro-

232 2529 443 2571 videntiae
475 2527 674 2570 beneficio
709 2528 902 2569 omnibus
934 2528 1026 2569 istis
1061 2527 1240 2580 denique
1272 2530 1550 2580 praecautum
1574 2531 1639 2568 est
1660 2526 1793 2568 malis.
1848 2527 1955 2568 Nam

233 2603 418 2657 optimus
449 2602 515 2643 hic
536 2602 737 2655 Princeps
769 2615 814 2644 re
846 2602 996 2644 melius
1018 2614 1161 2644 secum
1185 2602 1464 2651 considerata,
1498 2602 1692 2643 admissis
1715 2601 1957 2654 auditisque

234 2678 463 2731 proborum
505 2676 701 2730 precibus
741 2680 783 2718 et
820 2677 1074 2727 rationibus3
1119 2710 1127 2717 .
1163 2711 1169 2718 .
1206 2710 1213 2717 .
1250 2709 1258 2717 .
1301 2677 1362 2718 ita
1394 2681 1565 2729 repente
1597 2679 1788 2718 mutatus
1821 2680 1885 2718 est
1915 2676 1957 2717 in

237 2752 363 2794 animi
407 2752 471 2794 sui
512 2752 756 2807 proposito,
804 2755 851 2794 ut
892 2753 1058 2795 reiectis
1095 2753 1307 2806 prioribus
1354 2752 1518 2793 duobus
1563 2751 1868 2801 directoribus„
1917 2755 1960 2793 et

235 2827 516 2880 nequicquam
550 2827 815 2879 ringentibus
847 2828 1002 2870 nostris
1030 2828 1297 2880 adversariis,
1330 2839 1423 2868 611111
1447 2839 1653 2868 66116611611
1676 2826 1815 2869 Revff}i
1839 2826 1960 2880 Capi-

237 2902 315 2944 tuli
347 2902 387 2943 in
420 2904 673 2955 perpetuum
696 2901 897 2944 Societati
927 2903 1202 2955 eiusdemque
1223 2901 1347 2943 modo
1370 2901 1469 2943 viris
1493 2900 1672 2956 duobus,
1705 2901 1756 2944 de
1779 2913 1959 2954 quorum

241 2976 412 3029 virtute,
444 2976 635 3018 doctrina
658 2980 700 3018 et
720 2977 947 3030 prudentia
968 2977 1048 3031 ipsi
1070 2976 1201 3030 probe
1223 2976 1457 3023 constabat,
1492 2975 1640 3019 domus
1664 2976 1788 3018 huius
1813 2989 1958 3018 curam

381 3138 405 3181 ¹)
432 3136 524 3171 Hist.
552 3136 704 3180 Collegii
731 3136 929 3180 Erum-ut„
956 3136 1102 3170 Archiv.
1130 3135 1248 3170 Germ.
1276 3135 1362 3169 XIII
1389 3136 1424 3169 C.
1453 3136 1484 3169 b.
1512 3147 1542 3169 n.
1566 3140 1579 3170 1
1610 3147 1642 3180 p.
1666 3137 1815 3178 lsssssqq.
