2164 3535
429 232 566 276 Regeln
591 233 649 267 fur
674 233 855 276 Begleiter
881 242 946 266 von
971 231 1168 275 Zoglingen
1195 230 1261 264 auf
1280 229 1532 264 Ferienreisen
1561 231 1659 265 1828.
1824 232 1905 273 383

524 643 878 714 Anweisung
921 641 1012 695 fur
1044 642 1180 712 jene
1226 640 1573 713 Religiosen,

186 746 403 799 welche
448 746 558 798 den
595 744 639 798 F
644 745 939 817 reiburger
969 743 1293 818 Zc'glingen
1340 744 1423 797 als
1455 741 1907 816 Reisebegleiter

351 849 620 902 wahrend
674 849 774 901 der
825 847 1029 901 Ferien
1084 848 1445 921 beigegeben
1501 848 1748 901 Wurden.

188 971 299 1019 Von
328 976 373 1022 Ρ.
398 975 436 1022 J.
467 975 514 1023 Β.
544 974 699 1022 Drach
740 975 787 1021 S.
813 974 866 1033 .Ι.,
906 970 1150 1036 Freiburg
1177 971 1205 1018 i.
1231 970 1275 1018 d.
1299 969 1460 1019 Schw.
1495 974 1569 1018 10.
1592 970 1731 1018 M'arz
1764 972 1907 1017 1828.

253 1086 391 1130 (Arch.
425 1086 555 1123 Germ.
583 1087 694 1123 VIII.
728 1087 771 1121 F.
790 1096 827 1121 a.
870 1106 912 1109 —
956 1086 1024 1119 Am
1058 1085 1176 1119 Ful'se
1209 1084 1273 1119 die
1302 1084 1567 1128 Restatigung
1600 1084 1725 1119 durch
1762 1084 1838 1118 den

183 1145 354 1181 Genera!
380 1146 421 1180 in
447 1146 523 1181 den
541 1146 722 1181 Worten:
759 1145 837 1190 „A.
856 1144 902 1178 R.
922 1144 968 1178 P.
986 1143 1031 1178 N.
1058 1142 1268 1187 concessit,
1296 1142 1364 1177 sed
1392 1142 1499 1177 intra
1524 1142 1765 1185 Helvetiam3
1792 1141 1907 1185 pauci

699 1202 794 1248 sint,
821 1202 861 1237 et
887 1201 1121 1237 observetur
1145 1201 1190 1235 N.
1209 1201 1232 1235 3
1260 1200 1279 1245 ξ
1299 1200 1390 1244 2.(4)

322 1319 391 1352 Mit
416 1318 494 1352 dem
527 1317 731 1352 bli'ihenden
759 1317 889 1360 Kolleg
914 1328 957 1351 zu
984 1316 1162 1359 Freiburg
1187 1316 1224 1349 in
1251 1315 1315 1349 der
1341 1314 1501 1349 Schweiz
1528 1325 1600 1348 war
1627 1314 1683 1348 ein
1710 1314 1907 1348 Pensionat

183 1378 408 1421 verbunden,
440 1377 475 1410 in
514 1376 683 1411 welchem
716 1376 779 1410 der
813 1375 903 1409 Adel
938 1375 1009 1408 und
1042 1374 1269 1417 angesehene
1304 1373 1481 1406 Familien
1515 1372 1578 1406 der
1604 1372 1904 1406 Nachbarlander

182 1435 239 1470 die
267 1436 385 1469 Soline
419 1435 586 1469 erziehen
612 1435 752 1469 liessen.
803 1434 968 1468 Vielfach
1001 1434 1188 1467 erlaubten
1212 1433 1271 1466 die
1299 1432 1425 1466 Eltern
1458 1432 1561 1466 ihren
1590 1432 1733 1466 Solinen
1762 1431 1907 1465 Ferien-

182 1493 299 1527 reisen
332 1494 368 1527 in
395 1493 612 1536 Begleitung
645 1493 716 1527 und
749 1499 854 1527 unter
887 1492 1055 1526 Aufsicht
1088 1502 1153 1526 von
1186 1491 1363 1526 Jesuiten.
1414 1491 1488 1524 Fur
1522 1491 1702 1533 derartige
1738 1489 1907 1524 Reisebe-

184 1551 312 1594 gleiter
338 1552 417 1585 sind
444 1551 500 1586 die
527 1552 717 1596 folgenden
738 1551 874 1595 Regeln
901 1552 1093 1585 bestimmt.
1122 1572 1163 1576 —-
1190 1552 1228 1586 P.
1246 1551 1341 1585 Joh.
1361 1551 1400 1584 B.
1420 1551 1584 1594 Drach,
1612 1550 1688 1593 geb.
1716 1561 1759 1584 zu
1778 1549 1907 1584 Kirch-

183 1611 270 1653 berg
295 1611 342 1644 im
361 1611 508 1654 Aargau
535 1620 591 1644 am
617 1610 754 1645 7.Ju11i
776 1612 873 1653 1780,
893 1614 964 1643 trat
994 1612 1081 1645 1810
1106 1610 1142 1643 in
1169 1609 1237 1643 den
1258 1609 1377 1643 Orden
1404 1609 1461 1643 ein
1490 1608 1561 1642 und
1589 1618 1661 1642 war
1687 1607 1762 1641 fast
1781 1608 1909 1641 immer

183 1668 217 1702 in
246 1669 309 1702 der
335 1668 584 1712 Verwaltung,
611 1668 693 1702 bald
720 1668 772 1702 als
799 1667 1001 1701 Provinzial
1027 1668 1251 1711 (1824—30),
1277 1667 1360 1701 bald
1387 1668 1440 1701 als
1468 1667 1605 1701 Rektor
1631 1677 1698 1700 von
1730 1666 1908 1709 Freiburg

182 1727 254 1761 und
282 1728 428 1772 Schwyz
454 1727 667 1762 verwendet.
716 1728 773 1760 An
800 1726 983 1760 letzterem
1011 1726 1095 1760 Orte
1123 1725 1222 1760 starb
1248 1736 1286 1760 er
1310 1728 1342 1760 9.
1359 1724 1501 1759 «Ianuar
1530 1726 1626 1759 1846.

316 1948 399 2001 §L
462 1947 793 1989 Observanda
825 1948 964 1989 circa
996 1947 1184 1989 itinera
1217 1959 1322 1988 cum
1357 1944 1767 1987 Convictoribus.

321 2040 427 2081 Cum
459 2041 716 2093 experientia
747 2044 931 2089 constet,
974 2041 1146 2095 itinera,
1189 2053 1298 2093 quae
1331 2052 1355 2080 a
1386 2039 1543 2080 nostris
1576 2037 1899 2080 Convictoribus

181 2116 382 2157 feriarum
420 2116 729 2157 autumnalium
772 2122 961 2170 tempore
994 2117 1157 2158 institui
1201 2116 1357 2165 solent,
1399 2127 1481 2155 non
1514 2114 1675 2167 absque
1716 2113 1901 2154 utilitate

181 2191 335 2243 suscipi
370 2203 415 2232 ac
448 2195 673 2244 propterea
704 2204 728 2232 a
760 2191 1010 2232 Parentibus
1042 2191 1256 2244 plerisque
1287 2203 1367 2231 non
1401 2189 1567 2231 laudari
1599 2192 1785 2240 tantum,
1828 2187 1903 2229 sed

181 2266 307 2306 etiam
349 2266 485 2318 expeti
525 2266 812 2308 vehementer:
865 2268 1086 2320 sequentia
1125 2267 1166 2307 in
1207 2267 1385 2307 Domino
1435 2264 1760 2318 praescribenda
1811 2276 1901 2304 esse

181 2341 293 2389 duxi,
326 2345 374 2382 ut
406 2341 592 2390 obtentoq
625 2341 737 2394 quod
769 2342 1016 2391 intenditur,
1049 2342 1331 2383 emolumento
1364 2340 1650 2391 incommoda,
1695 2342 1900 2391 quantum

181 2416 269 2456 fieri
300 2420 454 2468 potest,
488 2417 627 2458 omnia
659 2416 804 2458 sedulo
838 2417 1064 2458 evitentur:
1098 2417 1242 2469 itaque

557 2614 686 2656 Ante
723 2618 1016 2667 susceptum
1053 2613 1152 2655 iter
1190 2611 1526 2654 observanda:

320 2707 355 2746 1.
402 2705 572 2748 Publice
595 2706 914 2748 Convictoribus
947 2707 988 2747 in
1021 2718 1151 2746 Unum
1185 2704 1448 2758 congregatis
1465 2705 1553 2756 jain
1577 2703 1629 2745 ab
1660 2702 1777 2744 initio
1800 2702 1899 2744 anni

180 2778 426 2822 Scholastici
467 2781 612 2822 statim
656 2781 957 2833 annuncietur,
1008 2779 1249 2833 hujusmodi
1295 2780 1376 2821 iter
1423 2779 1604 2820 adeundi
1652 2778 1897 2820 facultatem

178 2855 343 2896 nonnisi
386 2843 434 2897 iis
478 2868 721 2898 concessum
763 2856 833 2906 iri,
876 2856 947 2908 qui
988 2855 1106 2896 bonis
1146 2855 1358 2910 moribus,
1403 2854 1621 2907 diligentia
1654 2853 1825 2895 assidua
1858 2858 1899 2893 et

181 2932 380 2971 accurata
411 2931 655 2983 regularum
688 2934 773 2971 tani
808 2930 984 2983 Collegii
1017 2942 1143 2983 quam
1176 2929 1402 2971 Convictus
1435 2929 1706 2971 observantia
1747 2927 1897 2969 ceteris

178 3004 476 3056 praecelluisse
507 3008 771 3057 notarentur,
805 3011 851 3046 ut
884 3006 984 3047 haec
1016 3005 1220 3046 recreatio
1254 3018 1302 3046 eo
1325 3004 1459 3057 inagis
1489 3004 1750 3053 aestimetur,
1783 3001 1895 3054 quod

178 3078 322 3120 futura
361 3079 417 3121 sit
457 3080 671 3133 quoddam
708 3081 1001 3122 observantiae
1041 3093 1088 3121 ac
1128 3080 1370 3133 diligentiae
1411 3078 1657 3132 praemium.
1733 3077 1813 3127 Qui
1855 3077 1896 3117 in

178 3153 327 3194 horum
367 3155 507 3209 aliquo
548 3156 751 3207 defuerit,
793 3169 844 3196 ne
885 3156 920 3196 is
961 3155 1039 3197 sibi
1082 3155 1324 3196 blandiatur
1364 3156 1478 3207 fore,
1520 3157 1568 3194 ut
1609 3152 1662 3194 ad
1695 3152 1802 3192 lianc
1834 3164 1896 3192 re-
