2164 3535
251 237 336 278 404
612 235 798 271 Deutsche
827 235 1189 280 Reformvorschlage
1215 236 1274 271 fiir
1299 237 1357 272 die
1382 237 1424 272 R.
1452 242 1494 273 st.
1524 241 1622 274 1829.

251 388 334 418 non
367 376 445 419 soli
484 376 655 429 linguae
698 376 857 418 latinae
898 376 1181 419 addiscendae
1221 380 1388 431 tempus
1420 390 1546 420 suum
1586 378 1794 421 inutiliter
1823 379 1980 432 impen-

253 451 405 507 derint,
437 452 512 494 sed
534 465 556 493 e
588 451 744 494 scholis
777 452 864 494 suis
898 455 1118 506 reportent
1149 453 1358 506 quasdam
1389 454 1541 496 saltem
1564 454 1836 509 cognitiones,
1870 467 1981 508 quae

252 527 306 569 ad
346 539 609 569 communem
651 527 765 569 vitae
807 527 938 569 civilis
972 541 1098 570 usum
1140 529 1299 582 aliquid
1338 529 1535 571 utilitatis
1578 530 1806 572 conferant.
1846 555 1895 560 —-
1929 530 1978 572 In

254 602 406 645 scholis
458 602 704 645 Rhetorices
758 615 839 645 non
893 604 1062 646 videtur
1115 604 1354 658 respuenda
1405 605 1547 658 aliqua
1604 606 1888 660 mythologiae
1940 609 1982 648 et

254 678 570 732 archaeologiae
608 679 746 731 notio,
789 692 899 733 quae
925 681 1015 734 jam
1046 680 1209 734 pridem
1242 681 1283 722 in
1326 681 1518 734 pluribus
1552 682 1738 734 collegiis
1780 681 1979 723 traditur.

254 753 452 795 Ceterum
475 754 709 796 cavendum
732 757 810 810 est,
842 767 907 810 ne,
941 755 1054 808 quod
1077 767 1202 808 saepe
1224 754 1284 809 fit,
1317 755 1446 797 nimia
1468 756 1681 798 variarum
1705 756 1981 798 materiarum

253 829 567 882 multiplicitate
611 829 906 871 obtundantur
935 830 1104 883 ingenia
1136 833 1178 872 et
1208 830 1425 884 incapacia
1468 831 1703 873 reddantur
1734 831 1788 872 ad
1819 831 1984 885 majora

254 903 521 947 addiscenda.

392 982 430 1021 4.
480 980 597 1022 Libri
630 981 922 1036 elementares,
956 980 1007 1022 de
1040 993 1294 1034 quacunque
1326 994 1370 1024 re
1402 985 1602 1035 tractent,
1635 982 1869 1035 optandum
1901 985 1980 1037 est,

254 1055 368 1108 quod
409 1055 535 1097 etiam
574 1056 724 1098 Patres
764 1056 899 1097 nostri
943 1068 1164 1112 censuere,
1212 1059 1261 1097 ut
1301 1057 1386 1098 sint
1425 1069 1631 1111 perquam
1671 1056 1840 1113 breves,
1885 1057 1983 1099 licet

254 1130 381 1172 etiam
413 1130 455 1172 in
486 1131 568 1173 illis
612 1131 771 1185 aliquid
804 1131 948 1173 deesse
981 1131 1154 1187 debeat,
1195 1132 1349 1184 quibus
1381 1132 1503 1173 facile
1541 1132 1755 1185 supplebit
1786 1132 1979 1185 magistri

256 1205 492 1262 explicatio,
525 1219 635 1260 quae
656 1207 763 1249 liber
794 1210 858 1249 est
889 1207 1076 1248 omnium
1108 1207 1308 1263 optimus,
1342 1219 1536 1260 quaeque
1560 1220 1607 1249 eo
1639 1207 1805 1249 facilius
1828 1209 1982 1250 retine-

255 1281 392 1335 bitur,
439 1294 522 1335 quo
564 1284 698 1336 magis
746 1282 976 1325 annotandi
1023 1283 1318 1325 necessitatem
1360 1296 1409 1324 ex
1456 1283 1589 1337 ipsius
1632 1283 1728 1325 libri
1774 1283 1982 1325 brevitate

255 1358 542 1400 intellexerint
573 1358 779 1412 discipuli.
833 1358 1024 1411 Idipsum
1056 1372 1101 1401 se
1133 1362 1329 1412 expertos
1351 1360 1482 1402 fuisse
1515 1363 1792 1403 asseruerunt
1812 1359 1984 1413 plurimi

257 1446 279 1475 e
310 1431 523 1475 Societate
552 1435 721 1487 patres,
766 1434 837 1487 qui
870 1433 923 1475 ad
956 1434 1151 1475 canitiem
1184 1448 1320 1488 usque
1351 1436 1462 1477 inter
1493 1449 1647 1489 pueros
1680 1435 1837 1477 versati
1870 1437 1983 1486 sunt,

258 1511 300 1550 et
341 1508 599 1562 experientia
637 1509 869 1551 communis
902 1510 1005 1551 satis
1048 1510 1255 1565 ostendit,
1297 1511 1466 1564 linguae
1507 1512 1664 1553 latinae
1696 1524 1732 1552 v.
1758 1524 1794 1563 g.
1829 1514 1872 1552 et
1903 1510 1986 1552 elo-

258 1585 458 1637 quentiae
490 1584 680 1626 studium
713 1598 763 1626 ea
793 1598 993 1627 mensura
1025 1586 1239 1641 cecidisse,
1271 1599 1357 1639 qua
1389 1586 1617 1639 grandiora
1649 1586 1700 1629 de
1722 1586 1834 1627 illius
1866 1598 1987 1639 prae-

258 1660 389 1713 ceptis
432 1660 646 1702 volumina
687 1660 981 1702 conderentur
1047 1660 1170 1703 Certe
1208 1661 1314 1703 liber
1355 1662 1645 1715 elementaris,
1686 1674 1769 1715 quo
1802 1661 1984 1712 brevior,

258 1748 305 1777 eo
337 1736 486 1777 melior
517 1739 601 1789 est3
635 1740 677 1778 et
708 1736 893 1777 omnium
921 1736 1080 1790 judicio
1113 1737 1215 1779 haec
1248 1750 1413 1779 sumina
1445 1739 1509 1779 est
1530 1736 1781 1791 professoris
1813 1736 1854 1777 in
1878 1749 1981 1789 qua-

258 1823 438 1865 cumque
484 1810 688 1853 facultate
734 1812 899 1865 regula:
952 1813 1119 1854 Pauca
1170 1816 1475 1867 praecepta,
1527 1813 1686 1855 multa
1732 1811 1987 1867 exempla,

258 1886 481 1939 plurima
512 1887 838 1929 exercitatio.

401 1962 438 2003 5.
487 1962 792 2015 lutei-pretatio
826 1967 1049 2006 auctorum
1081 1976 1167 2017 qua
1199 1964 1363 2005 ratione
1395 1963 1485 2005 fieri
1518 1964 1683 2019 debeat,
1716 1963 1818 2005 satis
1853 1962 1987 2004 decla-

267 2040 391 2078 ratur
421 2037 462 2078 in
495 2037 660 2079 ratione
692 2038 953 2093 studiorum,
994 2052 1069 2081 nec
1101 2051 1207 2092 opus
1241 2042 1327 2094 est,
1360 2043 1407 2080 ut
1439 2038 1598 2092 aliquid
1629 2038 1725 2079 novi
1756 2038 1827 2079 illa
1860 2037 1911 2079 de
1944 2050 1989 2078 re

266 2113 505 2162 statuatur3
553 2113 624 2166 qui
673 2112 874 2155 fusiorem
914 2114 1134 2167 postulant
1180 2115 1522 2167 explicationem,
1569 2113 1728 2155 habent
1768 2114 1808 2154 in
1851 2112 1990 2155 libello

264 2187 480 2240 Juvencii,
521 2188 632 2230 unde
673 2188 751 2230 sibi
794 2189 953 2231 factum
994 2190 1049 2232 sit
1087 2191 1204 2232 satis.
1275 2191 1578 2232 Verumtamen
1619 2189 1733 2231 hisce
1774 2189 1990 2242 temporis,

265 2266 438 2315 praeter
468 2263 642 2306 latinam
676 2265 861 2306 auctoris
904 2265 1322 2320 interpretationem,
1365 2278 1473 2318 quae
1514 2265 1763 2318 plerumque
1794 2263 1918 2305 hodie
1950 2268 1992 2305 et

263 2351 346 2380 non
371 2339 460 2381 sine
492 2339 645 2382 damno
668 2341 911 2397 negligitur,
944 2341 1178 2395 adjicienda
1200 2345 1265 2383 est
1295 2341 1591 2394 interpretatio
1614 2339 1840 2382 vernacula
1863 2339 1990 2381 etiam

265 2414 307 2455 in
339 2413 493 2457 scholis
537 2415 788 2468 rhetorices,
830 2429 913 2470 quo
945 2417 1079 2469 magis
1113 2417 1307 2470 discipuli
1348 2416 1589 2469 linguarum
1632 2415 1989 2469 comparationem

263 2493 393 2542 atque
424 2490 606 2532 indolem
639 2491 718 2533 sibi
750 2492 932 2534 reddant
961 2493 1224 2534 familiarem.

405 2572 442 2612 6.
496 2571 746 2614 Tentamina
796 2573 966 2626 publica
1011 2573 1051 2614 in
1100 2572 1342 2627 Gymnasiis
1393 2573 1698 2627 instituuntur,
1750 2571 1848 2614 alibi
1894 2573 1991 2624 post

265 2645 447 2698 primum
493 2646 734 2689 studiorum
782 2648 1069 2703 semestrium,
1117 2648 1216 2690 alibi
1255 2648 1309 2689 ad
1347 2646 1471 2690 finem
1518 2647 1728 2689 curriculi.
1801 2646 1990 2688 Primum

263 2722 431 2774 tempus
473 2722 606 2774 magis
655 2721 868 2765 conforme
911 2727 976 2765 est
1015 2724 1211 2766 instituto
1253 2726 1418 2767 nostro:
1468 2723 1649 2765 alterum
1691 2734 1789 2764 vero
1831 2721 1986 2774 passim

263 2795 398 2848 magis
445 2795 487 2837 in
528 2809 620 2838 usu.
683 2798 762 2839 Illa
804 2799 1039 2840 tentamina
1079 2811 1204 2852 saepe
1245 2798 1448 2851 languent
1480 2802 1522 2840 et
1562 2797 1751 2839 taedium
1792 2795 1988 2838 adferunt

266 2870 454 2912 invitatis
487 2874 530 2912 et
561 2871 718 2912 nullam
752 2872 980 2915 utilitatem
1014 2873 1249 2926 discipulis:
1283 2885 1412 2915 causa
1443 2875 1520 2926 est,
1563 2871 1675 2924 quod
1708 2881 1832 2921 saepe
1866 2867 1987 2909 disci-

264 2946 353 2998 puli
373 2945 511 2987 minus
543 2946 681 2988 idonei
703 2946 757 2988 ad
789 2948 1129 3000 respondendum
1158 2947 1561 3000 interrogationibus
1594 2947 1839 2991 evocentur;
1873 2946 1986 2985 certe

266 3020 320 3061 ad
352 3020 508 3062 bonum
539 3033 781 3063 successum
813 3023 993 3064 multum
1027 3023 1250 3077 conferret,
1282 3022 1316 3063 si
1348 3021 1513 3063 nonnisi
1545 3020 1693 3073 optimi
1716 3031 1764 3060 ex
1797 3029 1985 3070 unaqua—

266 3107 348 3149 que
389 3096 533 3138 schola
574 3109 666 3138 sese
708 3097 761 3138 ad
802 3098 906 3139 illud
946 3101 1161 3140 tentamen
1204 3098 1415 3139 sisterent.
1488 3096 1582 3138 Alia
1621 3107 1749 3137 causa
1791 3092 1985 3145 habetur,

268 3170 381 3222 quod
415 3170 487 3211 illa
518 3172 754 3214 tentamina
785 3171 888 3214 fiant
919 3173 1009 3214 sine
1040 3172 1264 3214 sufficienti
1297 3174 1520 3225 apparatu,
1553 3174 1596 3212 et
1626 3169 1722 3210 hinc
1753 3167 1841 3209 sine
1872 3164 1985 3208 suffi-
