2164 3535
212 179 291 219 184
744 174 1020 219 Heranbildung
1046 175 1110 209 der
1136 175 1275 210 Lehrer
1303 178 1400 212 1619.

209 316 260 357 de
302 315 557 358 Imitationef
585 315 765 371 Christi,
809 315 859 358 de
892 315 991 357 Vita
1032 315 1080 357 B.
1114 315 1271 368 Ignatii
1309 316 1516 372 Loyolae,
1559 316 1683 359 officii
1728 318 1775 359 B.
1809 317 1942 371 Virg.,

209 391 392 433 Testam.
427 391 546 433 Novi.

349 466 414 507 23.
466 466 669 508 Doctrina
693 466 935 508 Christiana
965 468 1171 520 tanquam
1204 466 1373 507 maximi
1406 467 1605 509 momenti
1637 480 1714 521 pro
1738 467 1944 521 cujusque

211 542 357 584 classis
399 545 525 595 captu
558 542 783 595 diligenter
814 543 1038 597 tradatur,
1083 555 1165 584 non
1199 555 1275 596 per
1306 542 1479 584 modum
1513 542 1607 596 piae
1641 541 1944 584 exhortationis

213 631 248 658 v.
274 617 530 659 narrationis
564 617 804 672 historicae,
837 617 911 659 sed
944 617 1148 671 mysteria
1180 617 1273 670 ipsa
1296 616 1407 673 fidei,
1439 620 1669 671 praecepta
1690 630 1869 666 morum,
1903 620 1946 658 et

214 692 420 745 quidquid
454 692 495 733 in
523 692 595 733 illa
619 692 873 747 continetur,
907 691 1040 733 solide
1064 692 1326 747 explicando,
1359 692 1473 745 quod
1496 705 1521 733 a
1542 692 1725 746 propriis
1748 692 1945 734 classium

213 767 429 819 Magistris
454 766 677 809 utilissime
700 766 789 808 fiet:
822 767 1126 820 Explicationis
1152 766 1303 809 deinde
1327 767 1532 820 exigenda
1554 767 1678 822 ratio,
1702 772 1745 808 et
1768 780 1944 820 pensum

212 842 523 895 praescriptum
556 855 603 884 ex
636 842 840 884 memoria
871 855 946 895 per
977 843 1169 895 singulas
1203 842 1381 897 classes,
1424 855 1476 884 ne
1508 842 1737 884 Rhetorica
1776 842 1947 895 quidem

215 922 401 970 excepta.
466 918 512 959 In
545 918 818 959 Prornotione
857 922 999 959 autem
1043 930 1184 960 annua
1225 931 1399 960 examen
1432 918 1760 960 Catechisticum
1802 931 1945 960 omnes

216 992 412 1046 deinceps
445 992 619 1046 perinde
651 1005 699 1035 ac
732 993 911 1034 aliarum
945 993 1174 1035 lectionum
1206 993 1350 1035 subire
1382 996 1621 1035 teneantur.

356 1070 421 1110 24.
471 1068 518 1109 In
552 1067 828 1110 Examinibus
862 1081 943 1109 non
978 1071 1144 1110 tantum
1176 1068 1250 1110 fiat
1271 1068 1505 1122 periculum
1527 1068 1743 1123 profectus
1765 1069 1805 1110 in
1830 1081 1950 1121 prae-

217 1144 347 1197 ceptis
381 1143 645 1196 singularum
680 1143 878 1185 classium
910 1143 1109 1197 propriis,
1143 1156 1289 1185 verum
1323 1144 1450 1185 etiam
1484 1144 1524 1185 in
1559 1145 1676 1186 varia
1698 1144 1950 1195 eruditione,

217 1232 326 1271 quae
360 1232 408 1260 ex
440 1218 663 1272 praelectis
687 1218 954 1273 authoribus,
988 1219 1112 1261 dictis
1134 1219 1439 1272 Magistrorum
1463 1219 1682 1262 addiscere
1704 1223 1951 1274 potuerunt,

217 1307 264 1335 ex
298 1307 377 1335 usu
411 1298 453 1335 et
484 1294 637 1347 peritia
669 1294 869 1347 loquendi
902 1294 1201 1348 scribendique
1235 1298 1321 1336 tam
1355 1308 1504 1348 graece
1528 1308 1656 1348 quam
1679 1295 1824 1350 latine,
1857 1307 1951 1349 pro-

219 1374 432 1422 ponantur
472 1370 612 1410 omnia
655 1369 768 1411 clare
811 1373 853 1411 et
892 1370 1090 1412 distincte
1124 1374 1166 1412 et
1197 1370 1461 1424 hujusmodi,
1505 1383 1553 1412 ex
1586 1370 1740 1423 quibus
1774 1370 1825 1412 de
1857 1382 1951 1423 pro·

218 1458 365 1498 gressu
390 1446 597 1498 cujusque
619 1445 770 1487 merito
790 1445 997 1499 judicium
1019 1446 1120 1487 ferri
1137 1445 1284 1498 possit.
1316 1445 1627 1499 Abstineatque
1651 1458 1676 1487 a
1693 1444 1952 1499 quaestioni-

219 1521 296 1562 bus
329 1521 504 1562 nimium
537 1521 745 1563 abstrusis
779 1528 821 1562 et.
853 1534 1000 1562 earum
1034 1533 1189 1571 rerum,
1224 1533 1333 1574 quae
1355 1521 1419 1562 vel
1442 1521 1483 1562 in
1507 1521 1621 1562 nullo
1645 1520 1710 1562 vel
1734 1520 1951 1562 rarissimo

218 1608 299 1637 usu
333 1599 445 1647 sunt,
478 1596 541 1637 vel
575 1609 599 1637 a
630 1599 744 1638 meta
765 1596 933 1638 scholae
957 1596 1093 1638 aliena
1116 1599 1229 1651 sunt,
1261 1608 1456 1649 quaeque
1478 1595 1715 1651 turbandis,
1749 1594 1951 1637 vexandis

221 1675 263 1712 et
294 1670 558 1724 implicandis
592 1672 770 1725 ingeniis
804 1672 990 1725 aptiores
1022 1675 1123 1713 sunt
1156 1684 1283 1725 quam
1317 1671 1629 1724 cognoscendis.

360 1748 426 1787 21.
477 1746 632 1789 Similis
672 1748 781 1789 ratio
822 1747 1033 1789 habeatur
1070 1747 1111 1788 111
1151 1746 1491 1800 praescribendis
1524 1746 1725 1788 thematis
1757 1748 1843 1787 tam
1877 1759 1952 1799 pro

224 1821 424 1862 Examine
466 1834 592 1874 quain
636 1835 711 1875 pro
755 1822 978 1876 praemiis,
1021 1835 1077 1864 sc.
1119 1827 1220 1874 apta
1261 1825 1303 1863 61
1345 1821 1471 1875 plana
1511 1821 1597 1863 sint
1638 1824 1681 1863 et
1722 1824 1872 1874 aperta
1913 1823 1955 1863 et

225 1896 394 1938 scholae
428 1897 605 1949 ingeniis
640 1897 979 1950 accommodata,
1013 1910 1094 1938 non
1128 1897 1301 1938 nimium
1338 1897 1519 1950 prolixa,
1552 1909 1627 1938 nec
1659 1897 1772 1938 facta
1802 1896 1856 1937 ad
1888 1908 1955 1938 ex-

222 1972 475 2025 plorandum
505 1972 775 2025 potissimum
798 1971 1036 2025 profectum
1059 1972 1170 2014 circa
1191 1975 1419 2025 praecepta
1443 1971 1653 2025 quaedam
1676 1971 1954 2017 abstrusiora.

223 2047 333 2088 circa
376 2046 617 2089 inflexiones
662 2060 810 2089 vocum
855 2047 1125 2100 quarundam
1169 2046 1505 2097 abstrusiorum,
1553 2047 1664 2088 circa
1711 2059 1866 2088 nexum
1914 2050 1956 2087 et

223 2122 579 2163 constructionem
622 2122 851 2164 earundem
893 2121 1199 2172 difficiliorum,
1240 2135 1287 2164 ex
1330 2121 1484 2175 quibus
1526 2121 1647 2174 quasi
1687 2121 1738 2163 de
1770 2120 1953 2162 5016111-

224 2196 389 2238 dustria
422 2210 503 2239 non
538 2199 677 2239 autem
712 2197 762 2239 de
794 2197 986 2252 ingeniis,
1012 2197 1188 2250 judicio,
1221 2196 1413 2238 doctrina
1439 2196 1622 2250 judicari
1654 2196 1800 2250 possit.

364 2280 427 2319 ‘2⁴51
478 2278 525 2319 In
560 2277 863 2320 distribuendis
896 2277 1094 2330 praemiis
1127 2277 1305 2330 publicis
1340 2276 1593 2318 adhibeatur
1632 2279 1879 2319 accuratum
1911 2279 1954 2318 61

227 2353 435 2394 sincerum
470 2353 699 2406 jrrdicium,
744 2353 908 2394 secluso
940 2353 1051 2394 omni
1085 2352 1258 2407 affectu,
1302 2353 1349 2394 ut
1381 2351 1537 2393 talibus
1570 2352 1863 2404 conferantur,
1906 2354 1955 2392 111

227 2428 377 2469 11161110
412 2428 490 2469 dici
522 2428 670 2480 possit,
704 2428 952 2480 industriae,
985 2428 1156 2470 virtutis
1189 2431 1231 2469 et
1262 2427 1511 2469 eruditionis
1535 2426 1741 2468 rationem
1765 2426 1953 2468 habitam

227 2503 376 2555 fuisse,
413 2528 461 2531 —
497 2503 690 2545 similiter
729 2503 803 2545 fiat
840 2504 881 2544 in
915 2503 1196 2553 munusculis,
1235 2515 1344 2555 quae
1374 2515 1450 2556 per
1482 2514 1638 2543 annum
1670 2501 1711 2542 in
1744 2501 1898 2543 scholis
1931 2514 1955 2563 a

228 2578 446 2619 Praefecto
490 2592 513 2618 v
561 2592 585 2619 a
618 2579 834 2631 Magistris
869 2579 1200 2628 distribuentur3
1244 2590 1319 2620 nec
1352 2578 1436 2619 sint
1468 2577 1572 2619 adeo
1604 2576 1864 2629 frequentia,
1909 2579 1956 2617 ut

229 2653 348 2705 copia
380 2654 601 2705 vilescant,
635 2667 709 2696 nec
741 2654 801 2695 ita
835 2654 1041 2707 pretiosa,
1074 2658 1122 2695 ut
1154 2654 1451 2706 paupertatem
1485 2655 1677 2693 nostram
1710 2650 1955 2705 dedeceant,

228 2728 292 2769 vel
335 2728 437 2768 alias
486 2732 681 2781 sumptus
730 2729 905 2769 nimium
950 2732 1152 2781 augeant3
1200 2728 1433 2769 doceantur
1477 2726 1681 2779 Discipuli
1730 2725 1955 2767 aestimare

229 2815 381 2844 munus
414 2816 496 2843 non
529 2816 577 2843 ex
610 2804 745 2855 pretio
780 2803 853 2853 rei,
886 2803 959 2845 sed
992 2816 1039 2845 ex
1073 2803 1233 2844 honore
1265 2804 1308 2843 et
1338 2801 1597 2856 testimonio,
1639 2800 1752 2853 quod
1785 2800 1957 2853 capiunt

228 2878 314 2918 sive
348 2878 590 2930 diligentiae
623 2878 709 2919 sive
741 2878 957 2930 profectus
990 2878 1030 2918 in
1063 2877 1220 2930 pietate
1253 2881 1295 2918 et
1326 2876 1468 2917 studio
1492 2876 1734 2925 literarum3
1766 2888 1842 2917 nec
1864 2888 1956 2928 per-

228 2952 447 2999 mittatur,
488 2956 536 2993 ut,
578 2952 701 2993 certis
748 2952 845 2992 anni
889 2951 1035 2993 diebus
1076 2952 1139 2992 vel
1180 2950 1373 2992 omnibus
1406 2950 1469 2991 vel
1503 2950 1694 3003 pluribus
1727 2949 1955 3002 Discipulis

228 3028 480 3068 munuscula
513 3027 679 3075 dentur,
714 3040 747 3066 v.
783 3039 842 3078 gr.
879 3027 919 3067 in
953 3039 1061 3068 novo
1095 3039 1217 3080 anno,
1249 3025 1290 3066 in
1324 3025 1472 3067 diebus
1507 3025 1742 3075 Nataliuin,
1774 3024 1816 3065 in
1848 3023 1955 3066 festo

231 3102 271 3141 S.
306 3102 487 3151 Nicolai,
531 3115 605 3143 nec
648 3105 696 3142 ut
729 3102 922 3153 Magistri
965 3115 1014 3143 ea
1056 3104 1274 3144 asservent
1314 3101 1353 3141 in
1395 3099 1517 3141 finem
1557 3100 1674 3154 anni,
1717 3112 1850 3152 eaque
1893 3098 1956 3140 vel
