2216 3556
254 233 337 274 436
568 231 671 266 Neue
698 231 1062 275 Studienvorschlage
1088 231 1151 266 der
1176 231 1374 266 deutschen
1401 224 1552 267 Provinz
1580 236 1677 269 1830.

888 455 1076 497 Authoi·
1329 455 1557 497 Historia
1789 455 2107 512 Geoqraphia

27 547 141 590 Ordo
172 547 244 589 inf.
318 546 506 589 Gramm.
533 546 714 589 infimae.
749 547 1189 606 JEpitomehistsacr.
1233 547 1408 590 Biblica.
1688 548 1856 591 Notion.
1874 550 2004 603 prael.
2025 550 2204 605 Topogr.

1746 624 1929 666 Patriae.

28 699 142 742 Ordo
174 712 265 752 sup.
318 699 505 741 Gramm.
534 697 713 740 infimae.
776 698 995 740 Cornelius
1034 699 1188 752 Nepos.
1237 698 1546 741 Ecclesiastica.
1690 699 1873 753 Europa.

318 773 506 816 Gramm.
533 774 685 816 media.
749 774 952 827 »Epistol
966 774 1189 816 Ciceronis.
1236 774 1395 816 Histor.
1421 774 1531 817 univ.
1561 777 1644 816 ant.
1689 773 1958 829 Geographia
1989 777 2178 830 antiqua.

319 848 728 903 Grammsuprema.
774 849 893 891 Titus
926 849 1082 891 Livius.
1136 836 1139 841 ¹
1235 849 1395 891 Histor.
1421 850 1532 892 univ.
1562 853 1648 892 ant.
1689 850 1818 893 Idem.

317 925 584 967 Humanitas.
771 925 879 981 Virg
926 925 1083 967 Cicero.
1237 924 1395 967 Histor.
1420 926 1532 967 univ.
1568 939 1648 968 rec.
1690 925 1960 980 Geographia
1991 940 2147 970 recens.

317 1001 555 1043 Rhetorica.
775 1001 889 1054 Virg.
923 1001 1072 1042 Horat.
1108 1000 1190 1043 Cic.
1236 1000 1395 1042 Histor.
1422 1005 1533 1043 univ.
1568 1015 1648 1044 rec.
1689 1001 1807 1043 Idem
1837 1002 1902 1044 vel
1930 1002 1981 1044 de
2012 1002 2205 1056 sphaera.

832 1076 962 1118 Tacit.
996 1080 1074 1118 etc.

392 1220 456 1275 Si,
496 1224 702 1273 quantum
733 1219 823 1262 fieri
856 1223 1018 1276 potest,
1056 1220 1223 1262 Author
1254 1220 1527 1274 explicandus
1561 1233 1656 1262 cum
1688 1220 1879 1264 Historia
1911 1222 1983 1263 ad—

254 1295 455 1338 discenda
486 1300 528 1338 et
559 1296 829 1350 Geographia
863 1297 1129 1347 conveniunt,
1164 1295 1254 1338 fieri
1286 1296 1395 1338 forte
1428 1300 1586 1349 posset„
1618 1299 1678 1348 ut,
1716 1296 1815 1338 dum
1848 1310 1981 1339 unum

253 1371 412 1425 aliquid
454 1372 615 1413 intendi
659 1372 846 1424 videtur,
895 1372 1060 1425 reliqua
1100 1372 1226 1414 etiam
1270 1374 1487 1414 assecutos
1535 1385 1579 1414 se
1625 1384 1717 1414 esse
1764 1373 1982 1425 gaudeant

255 1447 461 1501 discipuli.
511 1447 578 1489 Sic
611 1450 724 1489 certe
748 1448 913 1489 Author
944 1447 1100 1489 latinus
1134 1448 1175 1488 in
1207 1446 1405 1490 inferiore
1437 1447 1582 1490 ordine
1614 1460 1790 1500 gramm.
1814 1447 1982 1490 infimae

254 1523 449 1565 convenit
494 1535 589 1565 cum
635 1523 813 1565 historia
859 1524 1010 1565 biblica
1063 1523 1337 1573 addiscenda3
1397 1523 1456 1565 sic
1504 1524 1726 1565 convenire
1779 1523 1984 1565 deberent

254 1599 436 1651 reliqua3
469 1603 544 1641 aut
576 1599 727 1641 saltem
749 1599 956 1652 Magister
987 1599 1028 1640 in
1061 1599 1340 1654 versionibus,
1373 1612 1482 1652 quas
1515 1599 1726 1653 proponit,
1759 1602 1801 1640 et
1826 1599 1867 1640 in
1891 1599 1984 1641 reli-

255 1674 349 1727 quis
382 1674 753 1716 exercitationibus
787 1674 980 1716 omnibus
1016 1674 1157 1716 conari
1192 1674 1378 1729 deberet,
1411 1676 1459 1716 ut
1490 1674 1684 1727 discipuli
1712 1687 1787 1728 pro
1811 1674 1980 1716 modulo

255 1762 331 1790 suo
374 1750 415 1790 111
456 1763 588 1791 111111111
633 1750 804 1803 aliquod
845 1750 1137 1805 intenderent,
1177 1754 1225 1791 ut
1263 1750 1304 1791 in
1344 1762 1498 1803 magna
1529 1750 1737 1792 varietate
1775 1750 1982 1792 unitatem

257 1827 536 1867 sectarentur.
600 1826 648 1867 V.
682 1825 790 1867 infra
824 1825 878 1867 ad
910 1838 993 1878 reg.
1019 1827 1043 1866 2
1077 1824 1187 1866 Prof.
1221 1837 1396 1877 gramm.
1430 1825 1549 1866 infer.

395 1901 496 1955 Alii,
544 1904 592 1943 ut
632 1901 886 1943 confusionis
927 1901 1086 1942 malum
1119 1900 1297 1953 vitetur,
1347 1900 1519 1955 vellent,
1566 1903 1614 1941 ut
1654 1901 1859 1942 materiae
1901 1913 1984 1943 non

258 1976 533 2029 simultanee,
581 1977 655 2018 sed
697 1976 933 2018 successive
975 1988 1051 2029 per
1091 1976 1280 2028 singulos
1321 1988 1486 2017 menses
1530 1975 1781 2027 tradantur,
1835 1977 1895 2017 ita
1936 1980 1985 2017 ut

258 2065 294 2093 v.
319 2064 380 2104 gr.
414 2052 549 2105 primo
583 2064 725 2093 mense
757 2051 996 2092 habeantur
1026 2050 1228 2092 lectiones
1261 2051 1484 2092 continuae
1518 2050 1568 2092 de
1597 2050 1890 2106 Arithmetica,
1922 2063 1985 2092 se-

259 2127 394 2169 eundo
436 2127 487 2169 de
519 2126 709 2169 Historia
750 2130 792 2167 et
832 2126 956 2167 tertio
998 2125 1049 2166 de
1082 2124 1352 2178 Geographia
1384 2128 1426 2167 et
1457 2125 1518 2166 ita
1551 2137 1688 2178 porro.
1752 2125 1866 2168 Haec
1898 2126 1985 2168 Me·

258 2201 414 2243 thodus
447 2201 665 2254 Magistris
699 2201 919 2243 commoda
951 2204 1034 2255 est,
1067 2199 1141 2241 sed
1174 2200 1368 2255 timetur,
1400 2213 1471 2255 116,
1504 2200 1604 2241 (111111
1636 2200 1863 2243 Auditores
1896 2214 1984 2243 rem

262 2289 389 2318 unam
423 2277 664 2331 addiscunt,
698 2276 1005 2318 obliviscantur
1037 2275 1175 2317 aliam.
1237 2275 1369 2317 Moris
1402 2288 1571 2329 quoque
1602 2278 1680 2327 est,
1712 2280 1761 2318 ut
1790 2276 1832 2317 in
1856 2277 1985 2318 omni-

260 2351 339 2393 bus
378 2352 530 2394 scholis
573 2352 701 2394 semel
738 2352 780 2393 in
820 2351 1087 2394 hebdomada
1117 2351 1328 2393 habeatur
1360 2351 1630 2407 declainati0‚
1674 2364 1783 2404 quae
1814 2356 1986 2405 praeter

260 2427 425 2480 reliqua
456 2427 739 2469 emolumenta
771 2426 849 2468 hoc
882 2427 1009 2468 etiam
1041 2427 1238 2469 utilitatis
1270 2427 1411 2483 habet,
1447 2429 1495 2468 ut
1516 2426 1720 2480 Magister
1751 2426 1872 2469 facile
1897 2439 1985 2469 cor-

261 2503 398 2555 rigere
436 2503 573 2557 possit
614 2503 809 2545 vitiosam
850 2502 1246 2556 pronunciationem
1296 2514 1548 2556 puerorum‚
1601 2514 1726 2554 quem
1773 2502 1814 2543 in
1861 2500 1984 2544 finem

261 2578 439 2619 maxime
472 2591 640 2632 quoque
667 2578 856 2632 juvabit,
898 2578 932 2618 si
964 2578 1084 2631 pueri
1116 2577 1156 2618 in
1190 2577 1342 2619 scholis
1376 2576 1710 2630 Grammaticae,
1752 2581 1800 2619 ut
1841 2577 1985 2631 legant

262 2653 349 2693 alta
382 2665 481 2694 voce
514 2654 752 2708 vernacule,
785 2653 989 2705 magistro
1023 2652 1275 2706 corrigente,
1308 2652 1593 2704 adigerentur.

398 2727 470 2768 Ad
502 2741 600 2781 reg.
636 2730 701 2770 29.
765 2728 1017 2770 Rhetoricae
1050 2727 1248 2781 Cypriani
1280 2727 1362 2769 alia
1394 2728 1503 2769 forte
1535 2727 1735 2769 substitui
1767 2730 1923 2781 posset.

398 2803 471 2843 Ad
504 2816 600 2855 reg.
636 2804 701 2844 32.
767 2803 1016 2845 Teutamina
1057 2802 1226 2855 publica
1267 2803 1307 2844 in
1341 2802 1538 2855 Collegiis
1577 2802 1878 2857 instituuntur7
1919 2801 1984 2844 hic

263 2877 433 2930 quidem
474 2881 571 2930 post
599 2878 794 2930 'primum
833 2881 1037 2920 semestre
1070 2877 1279 2933 spatium,
1322 2878 1414 2919 istic
1446 2877 1615 2930 quidem
1647 2876 1700 2917 ad
1731 2876 1862 2918 finem'
1887 2877 1985 2919 anni

262 2951 513 2995 scholastici.
584 2953 771 2994 Primum
813 2956 981 3006 tempus
1029 2953 1162 3005 magis
1211 2952 1405 2994 convenit
1449 2964 1542 2993 cum
1589 2952 1785 2994 instituto
1823 2955 1983 3007 nostro,

267 3027 447 3068 alterum
486 3028 643 3081 passim
681 3028 814 3080 magis
847 3028 887 3068 in
921 3041 1000 3069 usu
1033 3032 1113 3070 est.
1175 3027 1256 3069 Illa
1287 3026 1519 3069 tentamina
1551 3039 1677 3080 saepe
1708 3027 1912 3080 languent
1941 3030 1984 3068 et

262 3102 450 3143 taedium
493 3102 674 3145 afferunt
712 3102 923 3157 invitatis,
965 3102 1124 3144 nullam
1157 3114 1256 3144 vero
1289 3101 1517 3144 utilitatem
1552 3101 1778 3155 discipulis.
1844 3101 1983 3143 Causa

263 3179 350 3229 est,
389 3177 504 3229 quod
536 3189 662 3231 saepe
694 3177 888 3230 discipuli
921 3177 1059 3219 minus
1092 3177 1231 3219 idonei
1263 3176 1316 3218 ad
1348 3176 1688 3230 respondendum
1720 3176 1773 3218 ab
1804 3176 1981 3218 interro-
