2164 3535
214 182 298 223 474
476 178 686 216 Beibericht
711 179 775 215 der
802 179 1231 215 Studien-Kommiss‘are
1257 191 1322 215 zur
1346 180 1388 215 R.
1415 183 1458 215 st.
1484 191 1552 215 von
1580 184 1677 217 1832.

353 322 401 364 N.
426 323 497 366 10.
548 320 621 363 Ad
652 333 742 374 reg.
769 321 833 362 13.
888 319 1159 363 Conservatis
1184 320 1406 374 aliquoties
1429 321 1711 364 locutionibus
1738 334 1941 365 »0351111111

214 397 352 454 lectio,
386 397 588 453 studium,
620 396 879 451 professor«,
912 400 960 438 ut
992 396 1101 438 ratio
1134 396 1375 439 studiorum
1407 400 1608 439 consonet
1641 410 1736 440 cum
1767 398 1940 453 reliquis

214 473 334 516 libris
367 473 553 516 instituti
585 473 734 529 nostri,
766 473 1010 527 putavimus
1042 474 1206 525 tamen,
1238 472 1395 515 similes
1425 473 1658 516 locutiones
1691 474 1940 528 plerumque

214 562 305 591 esse
337 548 652 603 expungendas,
688 550 737 591 19
770 548 869 602 (11113
904 551 1005 590 sunt
1032 547 1276 598 invidiosae,
1310 548 1491 590 multum
1515 549 1625 590 enim
1647 549 1771 592 hodie
1794 553 1943 592 contra

214 625 422 667 casuistas
455 624 648 678 quamvis
682 624 893 666 immerito
926 623 1204 674 vociferatur;
1238 626 1291 666 29
1324 624 1424 678 (11113
1455 624 1497 666 in
1529 625 1674 668 multis
1698 626 1939 680 regionibus

214 700 292 742 hoc
333 712 484 742 nomen
522 701 611 754 jam
650 712 731 742 usu
774 702 839 742 est
877 699 1132 750 obsoletum3
1181 700 1234 742 39
1269 700 1371 753 (11113
1408 699 1681 743 nihilominus
1724 702 1839 755 quod
1878 706 1943 745 est

214 776 410 818 utilitatis
452 775 493 817 in
533 788 578 818 re
611 779 909 830 conservatur,
952 778 1000 817 ut
1031 775 1195 829 patebit
1227 788 1275 817 ex
1308 788 1395 830 reg.
1428 776 1538 819 Prof.
1574 776 1714 819 Theol.
1749 790 1852 820 mor.
1889 804 1938 809 —

212 852 304 893 Non
338 851 492 905 probat
514 855 655 894 tamen
678 851 859 894 nominis
882 851 1162 893 mutationem
1185 851 1228 893 P.
1254 852 1358 905 Dep.
1382 852 1545 908 Italiae,
1579 854 1628 895 ut
1648 853 1704 895 sit
1727 853 1940 896 distinctio

211 927 321 969 inter
360 926 632 980 Theologiam
674 927 904 981 practicam
951 930 993 969 et
1036 927 1364 983 speculativam,
1410 940 1538 982 quam
1579 941 1655 971 nos
1689 928 1943 984 Theologiae

213 1002 499 1046 Scholasticae
530 1003 808 1056 assignamus.

350 1085 399 1126 N.
425 1085 482 1129 ll.
533 1084 603 1126 Ad
636 1097 734 1138 reg.
762 1085 826 1126 14.
890 1084 1183 1138 Expungimus
1215 1083 1319 1126 haec
1350 1084 1493 1140 verba,
1531 1085 1644 1140 quia,
1679 1098 1772 1128 cuin
1797 1099 1941 1130 omnes

212 1160 476 1215 exceptiones
509 1160 802 1216 excludantur,
833 1160 989 1202 sufficit
1020 1172 1177 1214 ponere
1210 1160 1402 1212 regulam
1433 1160 1685 1203 absolutam.

348 1236 398 1278 N.
423 1237 487 1280 12.
549 1235 619 1278 Ad
651 1248 749 1289 reg.
776 1237 840 1278 15.
904 1235 1027 1277 Ratio
1068 1235 1376 1277 immutationis
1418 1238 1536 1289 patet
1576 1249 1625 1278 ex
1668 1236 1943 1280 adnotatione

210 1312 260 1354 N.
299 1313 362 1354 10.

350 1388 400 1429 N.
420 1388 484 1432 13.
529 1387 600 1430 Ad
633 1400 729 1441 reg.
752 1390 814 1429 17.
873 1390 922 1430 19
956 1387 1186 1431 Divisimus
1210 1388 1401 1441 regulam
1423 1388 1464 1430 in
1488 1388 1594 1431 duas
1620 1387 1688 1443 ἓξ,
1719 1390 1768 1430 ut
1789 1388 1942 1431 clarior

212 1467 417 1518 appareat
449 1463 662 1506 distinctio
694 1464 806 1506 inter
837 1464 980 1506 studia
1009 1464 1301 1518 philosophica
1323 1466 1566 1505 nostrorum
1591 1465 1633 1505 et
1656 1467 1938 1506 externorum.

213 1540 334 1582 Circa
365 1539 509 1581 studia
540 1543 810 1582 externorum
845 1540 944 1582 nihil
978 1544 1043 1582 est
1075 1540 1315 1592 dicendum,
1349 1552 1443 1582 cum
1476 1543 1781 1582 conserventur
1811 1545 1940 1594 prout

212 1615 423 1657 habentur
454 1615 494 1656 in
528 1616 697 1667 regulis.
763 1641 812 1646 -
877 1615 998 1658 Circa
1031 1616 1174 1658 studia
1205 1619 1453 1658 nostrorum
1486 1615 1700 1657 biennium
1744 1614 1938 1658 sufficere

212 1694 433 1745 putamus,
476 1694 524 1732 ut
565 1703 659 1733 cum
691 1691 832 1733 fructu
865 1691 959 1733 dein
994 1704 1145 1734 vacare
1178 1692 1342 1746 possint
1374 1691 1628 1745 Theologiae
1660 1691 1939 1734 scholasticae

211 1780 286 1809 seu
317 1780 393 1821 per
425 1766 761 1820 quadriennium.
820 1768 1036 1821 Fatemur,
1070 1781 1145 1810 nos
1179 1768 1246 1810 hic
1278 1767 1475 1810 recedere
1507 1780 1531 1809 a
1564 1770 1696 1810 const.
1732 1770 1842 1821 part.
1866 1767 1937 1809 IV.

214 1856 245 1886 0.
272 1845 319 1883 15
352 1844 444 1897 §Q
475 1842 546 1884 ubi
580 1842 753 1884 dicitur:
798 1843 873 1885 »In
906 1844 1063 1885 artium
1099 1843 1241 1886 studio
1275 1855 1424 1885 cursus
1457 1846 1584 1884 erunt
1615 1842 1856 1899 ordinandi,
1898 1843 1939 1884 in

211 1919 365 1972 quibus
389 1918 589 1960 scientiae
610 1919 828 1961 naturales
862 1919 939 1971 (ad
972 1932 1097 1973 quas
1128 1919 1292 1961 minus
1325 1931 1472 1973 quam
1503 1918 1658 1960 trium
1691 1930 1938 1960 annorum

211 1993 433 2047 spatium
480 1994 608 2036 satis
655 2007 750 2036 non
800 1995 922 2049 erit)
978 1995 1320 2048 praelegantur«.
1399 1995 1489 2036 Imo
1537 1996 1580 2036 et
1624 1993 1938 2048 nobismetipsis

211 2069 397 2122 quodam
429 2069 554 2111 modo
586 2082 892 2123 repugnamus:
944 2083 1038 2113 cum
1071 2071 1181 2112 enim
1213 2070 1429 2127 ponimus,
1472 2070 1762 2124 philosophica
1794 2069 1938 2112 studia

212 2145 391 2187 multum
432 2146 685 2195 accrevisse,
731 2148 1016 2200 opportunum
1049 2159 1131 2188 non
1166 2146 1334 2188 videtur
1365 2150 1414 2188 ut
1445 2150 1612 2201 tempus
1648 2146 1937 2189 contrahatur.

213 2221 294 2263 Sed
329 2224 379 2264 19
410 2226 631 2275 putamus,
671 2235 801 2264 unum
834 2235 990 2264 annum
1022 2221 1234 2274 sufficere,
1274 2225 1322 2275 ut
1353 2223 1488 2265 nostri
1519 2223 1561 2264 in
1595 2222 1774 2278 Logica,
1806 2222 1939 2264 Meta-

211 2295 385 2349 physica
426 2302 468 2338 et
506 2297 687 2340 Mathesi
730 2298 975 2340 elementari
1018 2311 1067 2340 ea
1107 2298 1385 2340 fundamenta
1427 2301 1607 2353 ponant,
1656 2297 1809 2351 quibus
1842 2297 1937 2339 dein

211 2371 420 2424 reliquum
461 2373 732 2415 scientiarum
774 2372 1009 2415 aedificium
1053 2373 1292 2426 superstrui
1334 2373 1481 2426 possit.
1546 2373 1602 2414 Et
1645 2373 1816 2426 quidem
1850 2373 1938 2415 Ma—

210 2446 341 2489 thesis
363 2448 601 2490 necessario
624 2448 797 2502 ponitur
832 2451 880 2491 19
912 2461 1035 2503 anno,
1068 2453 1116 2490 ut
1138 2449 1234 2491 dein
1264 2450 1317 2491 29
1347 2448 1566 2504 physicam
1589 2448 1738 2491 audire
1759 2448 1938 2502 possint,

212 2523 379 2574 qualem
423 2522 590 2565 videtur
631 2524 797 2576 exigere
837 2524 1021 2566 decr.18
1056 2537 1197 2577 congr.
1224 2525 1337 2566 XXI.
1372 2524 1528 2577 Logica
1561 2528 1604 2566 et
1634 2523 1938 2579 Metaphysica,

212 2598 385 2640 resectis
427 2599 477 2640 iis
511 2598 852 2652 quaestionibus,
894 2612 1004 2652 quae
1037 2599 1288 2641 diuturnum
1321 2600 1419 2641 olim
1452 2602 1620 2653 tempus
1652 2598 1937 2653 insumebant,

213 2672 372 2714 absolvi
412 2677 611 2728 possunt,
659 2677 707 2715 ut
744 2677 864 2728 patet
895 2674 1153 2727 experientia
1196 2675 1409 2716 constanti
1450 2675 1491 2716 in
1531 2675 1658 2717 variis
1697 2674 1937 2730 provinciis,

212 2760 321 2800 quae
358 2747 436 2790 hac
477 2748 639 2790 ratione
680 2749 867 2791 studium
906 2749 1194 2803 philosophiae
1228 2749 1281 2792 ad
1314 2750 1422 2792 duos
1456 2762 1586 2792 annos
1619 2751 1934 2804 contraxerunt,

212 2823 391 2865 maxime
423 2837 518 2865 cum
550 2825 740 2867 studium
772 2825 1068 2879 Philosophiae
1100 2825 1272 2867 moralis
1305 2828 1489 2879 ponatur
1521 2837 1630 2867 anno
1663 2824 1862 2879 secundo,
1895 2827 1938 2867 et

213 2899 266 2940 ad
312 2899 419 2941 hanc
465 2900 579 2953 rejici
628 2900 762 2953 possit
799 2903 1008 2943 tractatus
1052 2901 1329 2954 gravissimus
1372 2900 1422 2942 de
1463 2900 1690 2953 Theologia
1737 2899 1933 2942 naturali.

213 2975 347 3025 (Infra
379 2987 463 3027 reg.
490 2977 543 3016 24
575 2975 700 3027 Phil.)
763 2978 815 3018 29
849 2977 897 3018 111
930 2977 1084 3029 quibus
1117 2976 1261 3018 studia
1292 2975 1581 3030 philosophica
1603 2975 1781 3017 maxime
1803 2975 1936 3017 incre-

214 3052 357 3092 menta
404 3054 627 3103 ceperunt,
675 3055 776 3093 sunt
815 3051 1016 3093 scientiae
1058 3051 1256 3106 physicae
1304 3054 1347 3092 et
1393 3050 1735 3104 mathematicae,
1783 3049 1935 3103 quibus

213 3125 334 3178 proin
378 3125 482 3167 duos
527 3138 660 3167 annos
703 3127 824 3179 quasi
856 3127 1042 3180 integros
1076 3127 1237 3169 dandos
1269 3126 1536 3181 putavimus,
1578 3128 1668 3167 tum
1702 3125 1802 3179 quia
1832 3125 1935 3166 haec
