2164 3535
186 209 270 250 300
522 207 684 242 Aelteste
712 206 880 242 Statuten
905 206 968 241 des
995 206 1130 241 Wirzb.
1158 206 1445 242 Pr.-Seminars.
1485 210 1583 243 1608.

186 347 501 390 iudicabuntur.
560 359 704 390 omnes
737 347 824 390 suis
855 347 1205 400 praeceptoribus
1238 347 1488 402 legibusque
1520 348 1814 392 communibus
1846 349 1918 392 ob-

187 425 439 478 temperent,
473 423 681 465 rationem
713 421 913 464 studendi
943 422 1255 477 praescriptam
1286 425 1471 478 servent,
1503 436 1579 466 nec
1600 423 1745 476 libros,
1777 427 1917 467 vestes

185 498 250 540 vel
292 498 393 551 quid
434 498 549 540 aliud
588 497 677 540 sine
720 497 828 539 scitu
861 499 904 539 et
936 509 1143 540 consensu
1176 498 1362 551 regentis
1392 501 1546 540 emant.
1595 498 1838 553 superiores
1869 511 1918 541 ac

185 574 421 626 praefectos
462 573 603 615 colant
643 576 685 615 et
726 572 975 627 observent,
1018 585 1176 626 eosque
1219 585 1304 626 qua
1345 586 1424 627 par
1465 576 1529 616 est
1570 573 1781 616 modestia
1817 573 1918 616 allo-

185 652 385 701 quantur.
440 651 618 691 caveant
649 648 775 690 etiam
809 648 913 690 alios
944 648 1068 690 factis
1102 648 1166 690 vel
1199 648 1337 691 verbis
1370 648 1591 692 offendere.
1646 661 1723 703 per
1745 648 1918 691 domum

184 723 424 765 studiorum
462 723 715 777 praesertim
756 726 949 778 tempore
988 736 1111 765 nemo
1154 727 1335 777 vagetur
1366 724 1433 767 vel
1466 725 1642 768 alterius
1675 724 1918 768 cubiculum

186 802 261 840 aut
292 811 483 840 mensam
515 799 689 842 accedat
720 799 785 842 vel
818 799 901 842 alia
933 799 1267 841 ministeriorum
1301 799 1629 842 domesticorum
1662 799 1754 841 loca
1783 798 1916 842 adibit

185 877 260 915 aut
299 874 527 927 quicquam
568 874 620 916 ab
661 875 742 917 alio
788 874 984 930 accipiet,
1025 875 1105 916 nisi
1135 875 1366 928 impetrata
1397 875 1530 917 venia.
1592 887 1716 917 nemo
1748 887 1918 928 quoque

185 950 380 991 externos
414 948 468 991 ad
500 962 695 1005 musaea,
729 950 924 993 cubicula
955 953 999 993 et
1030 950 1282 1003 triclinium,
1314 950 1395 993 nisi
1425 950 1654 1005 impetrata
1687 963 1712 993 a
1743 953 1917 1003 regente

185 1024 332 1080 venia,
375 1023 562 1067 adducat
599 1025 665 1068 vel
697 1025 800 1080 ipsis
842 1026 1071 1080 quicquam
1111 1026 1327 1080 loquatur.
1392 1026 1463 1069 ubi
1504 1026 1647 1080 aliqua
1686 1025 1740 1068 ob
1771 1038 1916 1068 eorum

183 1102 327 1141 errata
366 1100 496 1142 fuerit
536 1101 586 1142 iis
626 1101 816 1154 irrogata
854 1113 1011 1155 poena,
1056 1114 1107 1144 ne
1142 1101 1228 1144 sint
1259 1101 1301 1143 in
1334 1101 1556 1144 subeundo
1590 1100 1800 1156 difficiles,
1842 1100 1917 1143 sed

183 1173 325 1227 potius
359 1175 558 1231 animum,
590 1188 728 1218 mores
761 1188 860 1218 suos
894 1176 1145 1230 corrigendi,
1178 1189 1282 1231 prae
1314 1190 1359 1220 se
1381 1178 1534 1220 ferant.
1582 1190 1705 1220 nemo
1734 1177 1918 1221 adducet

184 1249 394 1304 hospitem
426 1250 479 1292 ad
512 1264 701 1294 mensam
734 1251 824 1294 sine
855 1250 965 1293 scitu
996 1251 1194 1305 regentis.

644 1518 783 1562 Ordo
827 1518 1014 1562 domus
1055 1519 1455 1562 convictorum.

321 1634 439 1676 Hora
469 1634 607 1677 media
639 1635 788 1688 quinta
819 1648 963 1678 omnes
995 1638 1174 1688 surgent
1204 1638 1247 1677 et
1278 1638 1377 1677 ante
1404 1635 1615 1689 psalmum
1639 1635 1913 1687 »Miserere«,

185 1708 258 1762 qui
290 1721 315 1750 a
348 1721 521 1752 censore
554 1710 817 1766 recitabitur,
851 1724 873 1754 e
905 1711 1013 1754 lecto
1046 1713 1185 1763 erunt,
1219 1713 1348 1764 atque
1377 1714 1476 1754 ante
1499 1710 1734 1753 orationem
1756 1711 1914 1753 lectum

183 1783 385 1841 quisque,
427 1797 510 1827 non
552 1798 651 1828 vero
692 1799 768 1839 per
800 1786 952 1838 alium,
993 1788 1217 1840 componet
1247 1788 1290 1828 et
1321 1797 1366 1828 se
1398 1785 1570 1828 lavabit.
1636 1785 1736 1828 dato
1769 1788 1915 1829 autem

183 1859 303 1912 signo
336 1860 389 1901 ad
422 1860 657 1903 orationem
690 1861 835 1904 statim
871 1861 1055 1904 aderunt
1086 1864 1215 1916 atque
1248 1874 1324 1916 per
1355 1861 1485 1905 horae
1515 1861 1800 1915 quadrantem
1823 1874 1915 1904 ora-

182 1935 290 1977 bunt
337 1936 377 1977 in
429 1936 519 1978 loco
569 1936 802 1990 designato.
866 1937 1069 1980 orationis
1113 1940 1257 1979 autem
1303 1940 1494 1990 tempore
1540 1936 1682 1989 legent
1730 1936 1913 1980 officium

182 2010 332 2052 beatae
363 2010 525 2053 Mariae
556 2011 730 2064 virginis
763 2012 827 2053 vel
861 2011 964 2054 alias
999 2024 1158 2065 preces.
1207 2011 1326 2054 finita
1358 2012 1550 2054 oratione
1574 2011 1784 2065 reliquum
1809 2016 1914 2054 tem-

182 2098 261 2138 pus
303 2098 438 2139 usque
478 2086 531 2127 ad
569 2086 768 2130 lectiones
808 2087 960 2129 studiis
1002 2087 1193 2129 tribuent
1233 2086 1467 2129 secundum
1513 2086 1686 2128 modum
1727 2099 1752 2128 a
1793 2100 1914 2142 prae-

183 2164 353 2213 ceptore
404 2161 712 2215 praescriptum
759 2174 924 2205 summo
972 2175 1067 2205 cum
1116 2162 1296 2205 silentio.
1358 2162 1458 2204 dato
1504 2162 1641 2216 primo
1691 2162 1809 2215 signo
1859 2162 1913 2205 ad

183 2235 347 2277 scholas
388 2249 483 2278 cum
529 2237 738 2280 modestia
785 2238 1061 2280 caenaculum
1102 2238 1312 2292 Jentaturi
1355 2237 1662 2291 ingrediantur.
1737 2240 1911 2291 sumpto

183 2315 326 2353 autem
360 2312 598 2364 jentaculo,
644 2312 743 2355 dato
789 2313 901 2355 domi
940 2314 1079 2369 signo,
1121 2313 1163 2355 in
1196 2314 1285 2355 loco
1320 2312 1538 2366 designato
1572 2312 1822 2355 convenient
1851 2313 1912 2355 10-

183 2386 320 2439 deque
350 2387 404 2429 ad
436 2387 601 2430 scholas
635 2388 780 2430 ordine
810 2401 902 2431 sese
926 2389 1156 2442 conferent,
1189 2387 1303 2441 quod
1327 2387 1522 2429 omnibus
1545 2387 1774 2430 lectionum
1796 2387 1911 2430 horis

184 2461 491 2504 observabitur.
545 2462 673 2504 finitis
706 2466 850 2505 autem
882 2463 1132 2505 lectionibus
1156 2474 1325 2505 sacrum
1348 2462 1544 2516 religiose
1573 2462 1762 2518 audient,
1794 2461 1910 2505 finito

185 2549 306 2579 sacro
340 2537 525 2591 datoque
557 2538 609 2579 ad
642 2538 872 2591 prandium
905 2539 1023 2591 signo
1057 2551 1151 2580 cum
1183 2538 1296 2580 socio
1329 2550 1378 2579 ex
1409 2538 1500 2580 loco
1542 2537 1773 2593 communi,
1812 2537 1910 2580 lotis

184 2611 367 2664 primum
400 2613 608 2665 manibus,
642 2613 695 2655 ad
728 2612 999 2656 refectorium
1032 2612 1246 2668 accedent,
1279 2612 1383 2654 alias
1398 2614 1426 2665 ¹)
1459 2612 1513 2654 ad
1544 2611 1687 2654 studia
1709 2613 1773 2655 vel
1795 2625 1911 2655 exer-

184 2686 340 2727 citium.
394 2699 565 2729 mensae
596 2688 846 2731 benedicent
876 2702 952 2742 per
983 2687 1292 2731 hebdomadam
1326 2701 1348 2730 e
1380 2687 1704 2742 convictoribus,
1736 2687 1808 2741 qui
1842 2686 1910 2730 de-

185 2761 340 2814 signati
372 2766 510 2815 erunt,
544 2763 610 2804 cui
633 2775 777 2806 omnes
801 2764 911 2806 sicut
933 2767 975 2806 et
997 2764 1233 2817 gratiarum
1255 2763 1422 2817 actioni,
1455 2763 1649 2816 religiose
1670 2762 1911 2805 intererunt

185 2839 228 2878 et
259 2836 589 2890 respondebunt.
642 2838 784 2891 legent
814 2839 856 2880 in
879 2851 1038 2894 mensa,
1071 2838 1143 2892 qui
1167 2838 1374 2891 designati
1397 2841 1540 2890 erunt;
1572 2850 1744 2880 mensae
1765 2840 1908 2880 autem

184 2914 374 2965 tempore
413 2912 604 2955 modeste
641 2915 683 2955 et
720 2915 955 2967 temperate
987 2926 1132 2956 omnes
1164 2926 1208 2956 se
1239 2915 1388 2966 gerent
1418 2915 1461 2954 et
1492 2915 1656 2956 attente
1687 2913 1909 2956 lectionem

323 3092 349 3135 1)
375 3091 543 3126 Namlich
568 3102 632 3126 zur
658 3091 878 3137 Fastenzeit,
904 3093 940 3128 in
968 3092 1122 3128 welcher
1148 3092 1212 3127 das
1237 3091 1476 3136 Mittagessen
1503 3092 1583 3128 eine
1611 3090 1746 3127 Stunde
1774 3094 1907 3135 apator,

185 3149 260 3184 also
287 3149 417 3184 vorher
444 3150 609 3185 Studium
634 3160 717 3185 war.
