2164 3535
285 271 339 312 34
777 270 1067 306 Oberdeutscher
1092 271 1366 315 Lektionsplan.
1418 274 1517 307 1736.

285 410 438 463 quibus
471 410 524 452 ad
556 410 664 453 hanc
696 411 884 454 Classem
916 411 1184 464 potissimum
1216 412 1402 464 pertinet
1432 412 1539 454 liber
1570 413 1634 454 III
1666 413 1716 455 de
1749 413 2012 467 Elocutione,

286 485 449 540 Tropis,
483 486 650 539 Figuris
683 486 909 528 verborum
943 491 985 528 et
1017 486 1327 528 sentent-iarum
1359 489 1435 529 etc.
1470 487 1662 539 (Observ.
1687 487 1741 529 ad
1773 487 1907 530 Catal.
1941 488 2010 530 lib.

284 574 398 603 num.
431 561 523 613 IV.)

423 636 505 678 Pro
539 636 647 690 stylo
679 640 722 678 et
752 637 991 689 cognitione
1022 636 1191 691 linguae
1221 637 1421 691 usurpari
1462 637 1621 691 poterit
1648 637 1793 680 Cicero
1835 638 1886 681 iis
1927 639 2014 681 fere

285 711 418 761 libris,
451 712 523 764 qui
544 711 861 766 Philosophiam
894 711 945 754 de
976 712 1164 755 moribus
1197 713 1430 758 continent:
1464 725 1513 755 ex
1544 712 1757 756 historicis
1789 725 1888 755 vero
1912 712 2014 756 Cae-

287 799 371 839 sar,
405 786 645 835 Sallustius,
678 787 837 837 Livius,
871 787 1044 830 Curtius
1077 792 1119 830 et
1152 788 1187 830 si
1219 789 1291 842 qui
1324 792 1424 830 sunt
1455 789 1624 831 similes.
1683 789 1861 831 Demum
1884 789 2013 831 etiam

286 861 494 904 faciliores
527 862 695 915 aliquae
727 861 939 904 Ciceronis
983 863 1215 916 orationes,
1258 866 1306 905 ut
1347 876 1423 917 pro
1457 864 1569 917 Lege
1601 863 1797 918 Manilia,
1830 876 1906 917 pro
1939 865 2015 906 Ar-

288 937 401 984 chia.
434 950 510 991 pro
544 938 743 980 Marcello
777 943 1053 992 caeteraeque
1089 939 1142 981 ad
1176 939 1401 981 Caesarem
1432 939 1627 994 habitae,
1660 940 1768 981 sumi
1800 942 2013 992 poterunt.

288 1013 408 1065 (Reg.
445 1016 463 1055 1
500 1013 644 1065 Hum)

426 1088 543 1130 Artis
565 1088 760 1130 Poeticae
788 1092 1016 1142 praecepta
1049 1089 1351 1142 depromentur
1384 1102 1433 1131 ex
1456 1090 1802 1132 Institutionibus
1834 1090 2014 1132 Poeticis

287 1163 331 1205 P.
366 1163 540 1218 Josephi
573 1164 818 1214 Iuvencii1).
882 1164 1077 1217 (Observ.
1111 1165 1164 1207 ad
1198 1164 1288 1207 Cat.
1323 1178 1436 1207 num.
1472 1166 1562 1215 Vl.)
1624 1166 1686 1208 Ex
1729 1166 1831 1219 ipsis
1873 1169 2015 1208 autem

287 1239 428 1281 Poetis
480 1240 656 1293 proponi
705 1241 861 1294 poterit
902 1240 1125 1293 VirgiliuS,
1173 1241 1357 1294 exceptis
1401 1241 1569 1294 Eclogis
1615 1246 1659 1283 et
1709 1246 1862 1294 quarto
1908 1241 2014 1283 libro

287 1315 518 1361 Aeneidos:
562 1319 783 1369 praeterea
822 1316 938 1358 Odae
969 1316 1136 1358 Horatii
1179 1317 1381 1367 selectae,
1423 1317 1524 1359 item
1556 1317 1750 1372 Elegiae,
1794 1317 2013 1371 Epigram-

289 1395 405 1432 mata
446 1395 488 1433 et
529 1391 612 1432 alia
651 1394 848 1445 poemata
888 1392 1116 1434 illustrium
1157 1392 1384 1434 Poetarum
1427 1393 1723 1449 antiquorum,
1763 1393 1825 1435 uti
1863 1392 2014 1447 Ovidii,

290 1465 498 1508 Martialis
538 1472 640 1521 etc,
673 1467 797 1508 modo
840 1468 924 1509 sint
964 1467 1016 1509 ab
1059 1467 1169 1509 0111111
1211 1467 1498 1510 obscoenitate
1541 1468 1774 1522 expurgati.
1836 1468 1954 1522 (Reg.
1992 1471 2009 1510 1

287 1541 431 1592 Hum.)
493 1542 764 1583 Potissimum
807 1546 947 1584 tamen
990 1543 1148 1595 elegiae
1190 1543 1516 1596 praeleguntur,
1558 1543 1898 1596 quandoquidem
1938 1543 2014 1585 hoc

287 1618 466 1659 maxime
498 1630 630 1670 genus
662 1618 703 1659 111
726 1618 1016 1665 Humanitate,
1050 1618 1406 1671 quemadmodum
1440 1631 1606 1661 carmen
1640 1619 1804 1672 epicum
1836 1619 1877 1660 in
1908 1619 2016 1660 Rhe-

287 1693 439 1740 torica,
480 1693 656 1735 tractari
688 1693 795 1735 solet
833 1697 960 1747 atque
998 1695 1194 1737 exerceri.
1260 1694 1341 1748 (Ex
1374 1707 1453 1736 usu
1486 1694 1608 1736 Prov.
1654 1698 1697 1735 et
1729 1694 1827 1737 Ord.
1864 1694 2014 1748 Super.

288 1768 329 1809 in
362 1767 552 1821 Cat-alog.
587 1771 702 1821 ann.)

440 1843 627 1886 Graecae
675 1844 844 1898 linguae
892 1858 990 1898 pars
1037 1845 1109 1887 illa
1156 1845 1341 1899 pertinet
1381 1845 1435 1887 ad
1481 1845 1588 1887 hanc
1635 1844 1856 1895 Scholam,
1904 1858 2013 1899 quae

289 1917 486 1973 Syntaxis
526 1920 696 1974 proprie
737 1920 891 1962 dicitur
931 1925 973 1962 et
1012 1920 1118 1962 libro
1157 1920 1211 1963 II.
1254 1920 1575 1962 Institutionum
1621 1921 1664 1964 P.
1707 1920 1854 1963 Jacobi
1893 1920 2016 1963 Gret-

289 1995 371 2037 seri
419 1995 677 2045 continetur,
730 1996 1050 2049 curandumque
1092 2000 1337 2049 praeterea,
1390 2000 1437 2038 ut
1478 1996 1748 2038 mediocriter
1789 1996 2016 2049 scriptores

290 2070 529 2125 intelligant
561 2071 753 2125 discipuli
786 2074 829 2113 et
860 2071 1043 2114 scribere
1077 2071 1235 2125 aliquid
1268 2071 1429 2114 Graece
1459 2072 1613 2114 norint.
1669 2072 1787 2125 (Reg.
1815 2073 1833 2112 1
1869 2071 2015 2123 Hum.)

290 2146 457 2189 Author
498 2159 596 2189 vero
636 2149 829 2189 sumetur
869 2161 918 2189 ex
958 2148 1238 2203 facilioribus,
1281 2152 1328 2189 ut
1371 2148 1538 2200 aliquae
1570 2148 1782 2190 orationes
1816 2147 2014 2190 Isocratis

291 2225 333 2263 et
363 2220 435 2263 SS.
462 2221 750 2275 Chrysostomi
783 2225 823 2264 et
850 2223 1010 2270 Basilii.
1043 2227 1118 2264 aut
1149 2236 1197 2265 ex
1230 2223 1419 2276 epistolis
1442 2223 1630 2265 Platonis
1663 2226 1706 2265 et
1728 2222 1905 2277 Synesii,
1939 2226 2014 2264 aut

291 2297 450 2350 aliquid
483 2297 684 2339 selectum
717 2311 766 2339 ex
799 2298 1044 2341 Plutarcho:
1079 2299 1258 2353 denique
1291 2303 1332 2341 et
1365 2299 1544 2341 Carmen
1578 2298 1748 2351 aliquod
1781 2311 1829 2339 ex
1858 2297 2016 2351 Phocy-

291 2372 388 2421 lide,
423 2372 676 2426 Theognide,
710 2373 750 2415 S.
776 2372 980 2426 Gregorio
1014 2374 1295 2421 Nazianzeno.
1330 2373 1505 2428 Synesio
1538 2378 1580 2416 et
1611 2373 1762 2415 horum
1794 2372 2012 2414 similibus.

293 2448 412 2501 (Reg.
439 2452 462 2490 ἑ)
495 2449 641 2498 Η11111.)

431 2523 493 2564 Ex
527 2523 701 2566 Summa
739 2526 967 2568 Doctrinae
1010 2525 1276 2568 Christianae
1310 2526 1358 2566 V.
1392 2526 1435 2567 P.
1471 2524 1626 2567 Canisii
1669 2523 1836 2575 singula
1878 2522 2017 2575 capita

294 2598 469 2650 singulis
493 2599 612 2641 annis
635 2588 972 2653 explicabuntur,
1005 2602 1190 2654 itemque
1212 2600 1491 2653 Evangelium
1521 2598 1743 2641 Graecum.
1795 2598 2010 2652 (Consuet.

292 2672 412 2713 Prov.
448 2686 535 2727 cap.
563 2676 586 2715 6
619 2687 731 2716 1111111.
758 2677 781 2716 7
816 2680 858 2718 et
889 2677 945 2726 8.)

431 2749 512 2790 Pro
546 2749 782 2792 eruditione
822 2750 1092 2793 adhibebitur
1132 2750 1485 2793 Rudimentorum
1528 2749 1838 2792 Histoi-icorum
1880 2747 2015 2801 Opus-

295 2823 433 2865 culum
466 2825 683 2876 quintum,
716 2826 756 2867 in
797 2839 880 2879 quo
914 2826 1206 2879 Geographiae
1245 2830 1287 2868 et
1319 2825 1538 2868 Scutariae
1570 2825 1686 2866 Artis
1725 2823 2013 2865 institutiones

296 2899 505 2951 quaedam
538 2900 723 2943 breviter
754 2901 995 2943 traduntur.
1061 2901 1225 2953 (Ordin.
1261 2900 1411 2954 Super.
1445 2902 1558 2951 nov.)

432 3027 459 3070 1>
485 3026 734 3061 Institutiones
762 3027 927 3071 poeticae
954 3026 998 3060 ad
1025 3037 1128 3061 usum
1155 3026 1389 3070 collegiorum
1417 3026 1495 3060 Soc.
1516 3025 1605 3060 Jesu
1624 3024 1788 3059 Venetiis
1809 3026 1907 3067 1718,
1936 3025 1977 3058 12
1989 3024 2013 3056 ⁰.

293 3089 362 3121 254
387 3098 432 3131 p.,
459 3086 627 3121 Coloniae
660 3088 757 3131 1726,
787 3089 884 3131 1736,
915 3087 1001 3121 1755
1028 3084 1100 3119 und
1125 3083 1329 3119 zahlreiche
1356 3084 1488 3118 andere
1517 3083 1728 3127 Ausgaben‚
1756 3083 1861 3117 letzte
1888 3080 2014 3116 Leodii

298 3146 395 3188 1869,
424 3146 499 3189 160,
524 3146 590 3179 208
609 3154 641 3187 p.
