2164 3535
232 228 314 269 368
686 226 853 261 Statuten
879 225 942 260 des
970 225 1128 260 Sittener
1153 225 1302 268 Kollegs
1330 235 1388 259 um
1418 228 1516 260 1824.

232 367 353 423 riam,
387 367 593 420 Angelum
629 365 860 408 Custodem
892 377 941 406 ac
973 364 1013 406 S.
1043 365 1264 419 Aloysium
1298 378 1322 406 a
1354 365 1539 407 Summis
1571 365 1847 407 Pontificibus
1879 378 1964 419 qua

231 442 455 495 specialem
487 442 777 483 Protectorem
810 440 1037 483 Studiosae
1068 441 1293 483 Juventuti
1325 442 1603 495 propositum.

368 518 422 559 ΙΙ.
473 518 661 559 Caveant
700 530 845 559 omnes
877 530 902 559 a
943 517 1194 567 mendaciis,
1239 517 1456 559 obscaenis
1498 516 1658 572 verbis,
1695 517 1964 572 juramentis,

232 593 333 634 diris
366 593 742 646 imprecationibus
777 596 854 634 etc.
919 592 1040 635 Sicut
1071 596 1113 634 et
1145 605 1170 634 a
1201 592 1380 634 lectione
1411 592 1617 635 librorum
1651 597 1963 648 suspectorum,

232 668 457 721 praecipue
489 680 657 723 eorum,
697 668 769 721 qui
802 668 866 709 vel
900 667 1118 709 minimum
1151 667 1435 722 Religionem,
1478 671 1554 709 aut
1585 668 1850 710 honestatem
1883 668 1966 710 lae-

231 743 355 793 dunt;
390 746 432 785 et
453 743 547 785 ideo
580 743 633 785 ad
666 743 953 785 subversionis
977 747 1053 785 aut
1085 743 1368 797 corruptionis
1401 744 1636 797 periculum
1667 744 1963 786 declinandum

229 819 392 860 nullum
426 819 569 871 legant
601 819 756 860 librum
788 819 1025 861 inconsulto
1059 819 1304 861 professore
1336 822 1412 861 aut
1444 819 1724 862 Confessario.

368 901 443 942 ΙΙΙ.
500 900 686 953 Singulis
746 900 895 943 diebus
948 899 1228 942 Sacrosancto
1280 900 1437 943 Missae
1491 900 1703 942 Sacrificio
1764 900 1963 942 intersint

231 989 395 1025 omnes,
439 979 481 1017 et
513 975 606 1018 ideo
639 976 691 1018 ad
732 976 913 1030 primum
957 989 1186 1029 campanae
1218 976 1383 1029 signum
1429 976 1680 1018 conveniant
1712 976 1751 1017 in
1796 976 1963 1026 scholis,

230 1052 342 1093 unde
374 1052 460 1093 bini
494 1055 536 1093 et
568 1052 653 1093 bini
687 1052 740 1094 ad
784 1052 1017 1094 secundum
1060 1053 1250 1104 signum,
1292 1051 1611 1093 Professoribus
1649 1052 1964 1107 comitantibus,

231 1128 284 1169 ad
331 1128 505 1180 Collegii
552 1128 772 1181 Templum
821 1128 1041 1183 accedent,
1089 1128 1322 1180 eodemque
1369 1127 1493 1169 modo
1540 1130 1638 1180 post
1685 1127 1861 1169 Sacrum
1911 1127 1963 1168 ad

230 1203 396 1246 scholas
428 1204 637 1245 redibunt.
704 1203 783 1253 Qui
817 1215 912 1244 cum
945 1203 1123 1244 caeteris
1157 1202 1210 1244 ad
1250 1202 1482 1244 secundum
1516 1203 1682 1256 signum
1717 1202 1961 1255 congregati

232 1279 271 1320 in
303 1279 456 1321 scholis
488 1291 571 1320 non
611 1283 757 1333 erunt,
799 1278 963 1320 etiamsi
997 1278 1092 1319 dein
1125 1278 1204 1320 sub
1239 1277 1367 1319 Sacro
1411 1277 1640 1320 adveniant
1672 1281 1719 1320 ut
1761 1278 1959 1320 absentes

229 1354 501 1396 habebuntur
533 1367 580 1395 ac
613 1354 895 1407 negligentiae
927 1365 1106 1406 poenam
1139 1353 1316 1395 dabunt.

370 1429 441 1471 IV.
492 1429 650 1471 Diebus
684 1429 913 1470 Dominicis
957 1433 999 1470 et
1032 1429 1211 1470 Festivis
1254 1428 1401 1470 eodem
1444 1428 1591 1471 ordine
1634 1442 1655 1470 e
1695 1429 1869 1481 scholis,
1914 1442 1963 1471 ea

230 1517 315 1558 qua
347 1518 424 1559 par
456 1507 520 1547 est
551 1504 779 1557 modestia,
819 1504 872 1546 ad
906 1505 1126 1558 Templum
1159 1505 1384 1559 accedent,
1418 1517 1540 1546 mane
1573 1504 1613 1546 S.
1638 1505 1794 1547 Missae
1827 1505 1963 1547 Sacri-

231 1581 323 1623 ficio
357 1585 399 1623 et
431 1581 754 1635 Exhortationi,
788 1594 811 1622 a
843 1580 1021 1633 prandio
1054 1580 1253 1633 Vesperis
1286 1583 1328 1622 et
1362 1580 1611 1622 Cathechesi
1645 1579 1740 1636 [sic]
1774 1581 1965 1626 astituri:

231 1657 271 1697 in
305 1669 439 1709 eoque
472 1656 524 1698 ab
558 1657 668 1697 omni
702 1656 975 1709 garrulitate,
1018 1656 1126 1707 risu,
1166 1656 1385 1698 oculorum
1418 1656 1707 1710 divagatione,
1741 1660 1816 1697 aut
1847 1656 1962 1698 inde-

231 1744 328 1773 coro
362 1732 519 1780 standi,
551 1731 746 1774 flectendi
770 1735 845 1774 aut
867 1732 1040 1774 sedendi
1064 1732 1187 1774 modo
1212 1745 1256 1774 se
1279 1732 1555 1788 abstinentes,
1589 1732 1824 1788 compositi,
1849 1745 1965 1773 reve-

232 1810 372 1849 rentes
415 1820 462 1849 ac
505 1820 599 1849 cum
642 1820 742 1849 vera
784 1808 1007 1849 devotione
1047 1820 1091 1849 se
1131 1808 1377 1851 exhibeant:
1422 1820 1469 1849 ac
1502 1808 1681 1861 quisque
1714 1808 1754 1848 in
1788 1808 1964 1862 Templo

231 1882 310 1924 sibi
341 1883 470 1924 semel
503 1883 783 1924 constitutum
815 1883 954 1925 locum
987 1896 1153 1936 semper
1187 1883 1379 1925 retineat.

372 1959 418 1999 V.
469 1958 654 2011 Singulis
687 1958 903 2000 mensibus
936 1962 1135 2012 peractae
1170 1958 1456 2001 Confessionis
1489 1962 1620 2001 testes
1654 1958 1830 2000 schedas
1864 1958 1965 2000 Pro-

232 2033 381 2075 sessori
422 2033 541 2085 dent,
585 2037 628 2075 et
661 2034 860 2076 Sanctam
892 2034 1239 2076 Communionem
1272 2034 1445 2076 statutis
1479 2033 1627 2075 diebus
1661 2034 1786 2075 simul
1819 2047 1964 2075 omnes

232 2110 272 2150 in
307 2109 479 2162 Collegii
512 2109 683 2162 Templo
716 2111 936 2163 peragant.
1001 2110 1234 2151 Hortamur
1266 2122 1364 2151 vero
1397 2122 1564 2161 61111165,
1608 2112 1653 2150 ut
1684 2108 1963 2163 frequentius,

232 2198 358 2238 quam
391 2185 712 2238 praescribitur,
745 2185 798 2226 ad
832 2184 1148 2226 Confessionem
1181 2188 1224 2227 et
1256 2185 1310 2226 ad
1342 2184 1516 2227 Sacram
1549 2184 1733 2238 Synaxin
1767 2185 1836 2237 (de
1869 2197 1964 2226 con-

232 2260 323 2301 silio
356 2264 497 2302 tamen
531 2260 689 2314 proprii
714 2260 987 2312 Confessarii)
1022 2261 1239 2311 accedant,
1272 2263 1320 2302 ut
1352 2261 1609 2315 uberiorum,
1642 2261 1713 2314 qui
1743 2274 1792 2302 ex
1815 2260 1963 2302 Sacra-

232 2338 471 2377 mentorum
504 2335 742 2389 frequentia
773 2336 1044 2391 hauriuntur,
1078 2336 1294 2378 fructuum
1326 2336 1554 2389 participes
1587 2335 1702 2378 fiant.

371 2412 441 2453 VI.
490 2410 799 2454 Garrulitateni
833 2415 875 2453 et
907 2412 1133 2465 strepitum
1167 2412 1207 2453 in
1240 2413 1364 2454 Locis
1397 2412 1551 2465 sacris,
1585 2415 1628 2453 et
1659 2414 1756 2453 ante
1789 2411 1963 2464 Templa

233 2486 435 2537 devitent,
468 2500 543 2528 1166
576 2487 724 2529 diebus
746 2487 977 2529 Dominicis
1010 2490 1053 2528 et
1077 2487 1255 2529 Festivis
1288 2487 1367 2529 sub
1402 2486 1546 2528 officiis
1572 2486 1786 2528 Ecclesiae
1810 2486 1961 2528 Cathe-

233 2562 363 2603 dralis
404 2575 478 2615 per
520 2563 682 2615 plateas
726 2566 956 2617 vagentur,
999 2575 1074 2604 nec
1107 2562 1159 2603 ad
1194 2563 1356 2603 urbana
1388 2562 1563 2615 praedia
1595 2566 1844 2611 excurrant,
1888 2561 1961 2603 sed

233 2637 296 2677 vel
330 2637 452 2678 Domi
490 2642 711 2693 maneant,
754 2638 818 2679 vel
860 2638 1121 2691 praedictam
1157 2638 1387 2680 Ecclesiam
1432 2638 1587 2679 adeant
1618 2637 1782 2678 Divinis
1815 2636 1961 2678 officiis

234 2711 436 2761 modeste,
469 2724 517 2754 ac
550 2712 698 2754 devote
732 2713 913 2754 astituri.

373 2787 463 2828 VII.
512 2788 621 2829 Ante
661 2788 835 2840 Templa
874 2791 1170 2838 transeuntes,
1219 2788 1471 2841 praesertim
1512 2788 1546 2828 si
1589 2787 1627 2828 in
1672 2787 1722 2828 iis
1766 2789 1961 2828 servatur

233 2862 548 2903 sanctissimum
572 2862 908 2912 Sacramentum,
941 2867 1069 2916 caput
1100 2864 1140 2904 111
1169 2863 1335 2905 debitae
1359 2863 1619 2905 reverentiae
1642 2862 1808 2914 signum
1833 2862 1961 2903 denu-

234 2937 354 2987 dent,
398 2937 508 2978 sieut
549 2937 809 2978 transeundo
852 2942 950 2979 ante
991 2938 1195 2991 imagines
1228 2938 1507 2979 Beatissimae
1541 2937 1725 2990 Virginis
1767 2936 1961 2989 publicae

234 3012 491 3054 venerationi
523 3012 748 3065 expositas.

371 3087 483 3128 VIII.
522 3088 633 3129 Viris
657 3087 957 3130 Sacerdotibus
981 3093 1023 3129 et
1040 3089 1275 3141 Religiosis,
1299 3087 1666 3140 Praeceptor-ibus,
1689 3085 1959 3139 Reipublicae

232 3162 505 3213 Priinoribus,
540 3176 586 3203 ae
610 3162 749 3204 Civilis
773 3163 1051 3215 h'lagistratus
1084 3163 1296 3210 Pei-sonis,
1331 3162 1594 3214 caeterisque
1625 3161 1783 3202 honore
1817 3160 1953 3212 dignis
