2164 3535
703 227 911 272 Erklarung
935 227 1000 263 der
1024 227 1197 262 Antoren.
1757 230 1807 271 81

94 370 267 411 verbum
301 370 414 423 vulgi
446 382 638 412 sermone
669 369 984 422 interpretetur.
1038 367 1178 409 Tertio
1211 379 1236 408 a
1267 367 1402 420 capite
1434 379 1655 409 recurrens
1679 370 1813 409 struc-

97 448 238 485 turam
270 444 442 493 indicet,
484 449 525 486 et
555 443 776 498 periodum
809 447 1022 497 retexens,
1054 456 1162 497 quae
1194 443 1323 485 verba
1355 455 1461 496 quos
1494 454 1617 484 casus
1650 445 1815 495 regant,

95 519 309 569 ostendat3
341 520 544 573 pleraque
577 518 629 560 ad
652 519 880 571 explicatas
905 518 1217 560 Grammaticae
1237 517 1350 570 leges
1374 517 1605 571 expendat3
1638 517 1815 558 Latinae

95 595 262 647 linguae
284 595 621 636 observationem
642 606 769 635 unam
792 596 867 635 aut
889 594 1079 647 alteram,
1112 593 1187 636 sed
1210 606 1337 646 quam
1359 592 1614 647 facillimam,
1647 591 1815 639 afferat;

95 669 364 722 metaphoras
397 669 595 722 exemplis
629 681 771 710 rerum
802 668 1120 710 notissimarum
1153 668 1434 717 demonstret3
1475 679 1602 708 unam
1635 666 1816 719 denique

95 748 170 785 aut
211 743 387 785 alteram
432 743 603 795 phrasin
646 746 866 796 excerpat,
911 754 1016 795 quas
1058 742 1169 784 solas
1209 756 1303 784 cum
1346 746 1594 796 argumento
1627 740 1814 783 dictabit.

95 818 255 868 Quarto
287 818 507 871 scriptoris
538 817 693 859 iterum
725 817 856 858 verba
888 817 1110 858 vernaculo
1144 829 1336 858 sermone
1369 817 1578 860 decurrat.
1644 816 1764 869 (Reg.
1791 817 1815 857 6

96 892 205 935 Med.
239 896 281 933 et
310 891 387 933 Inf.
413 891 576 943 Gram.)
639 890 788 933 Infima
819 894 960 933 tamen
992 891 1033 932 in
1066 891 1356 933 Grammatica
1387 892 1488 933 nihil
1521 892 1703 947 omnino,
1735 891 1816 934 nisi

96 968 208 1009 forte
241 970 555 1022 argumentum,
589 966 832 1008 dictandum
866 970 941 1007 est.
991 968 1109 1020 (Reg.
1136 968 1160 1008 6
1192 966 1267 1008 Ins.
1304 966 1466 1014 Gram.)
1521 966 1695 1008 Summa
1718 979 1817 1009 vero

96 1043 252 1095 negotii
284 1042 410 1096 hujus
440 1042 481 1082 in
504 1041 568 1083 his
591 1040 904 1083 Grammaticae
927 1041 1142 1084 Classibus
1166 1054 1215 1084 ea
1237 1045 1314 1094 est,
1349 1046 1396 1083 ut
1417 1044 1459 1083 et
1480 1043 1584 1084 artis
1606 1043 1816 1095 peritiam,

97 1122 139 1159 et
170 1118 331 1170 copiam
363 1117 752 1171 proprietatemque
784 1116 1009 1158 verborum
1042 1129 1090 1158 ex
1118 1116 1473 1170 praelectionibus
1506 1116 1677 1159 haurire
1699 1117 1818 1159 disci*

99 1192 188 1247 puli
231 1193 488 1248 doceantur,
533 1192 797 1234 admonendo
836 1191 1050 1243 videlicet,
1093 1194 1139 1232 ut
1179 1204 1259 1232 non
1294 1195 1461 1233 tantum
1494 1192 1718 1244 diligenter
1749 1192 1820 1233 ad-

99 1271 284 1322 vertant,
326 1281 411 1321 qua
452 1268 616 1309 ratione
658 1280 778 1310 suam
823 1267 978 1308 author
1009 1267 1244 1308 orationem
1279 1270 1494 1321 contexat,
1538 1267 1612 1309 sed
1643 1267 1819 1320 phrases

98 1343 226 1384 etiam
268 1343 492 1385 nonnullas
531 1343 819 1396 dictionesque
862 1342 1052 1395 apprime
1088 1342 1284 1397 idoneas,
1324 1342 1366 1383 in
1407 1343 1499 1396 ipsa
1536 1342 1818 1396 praelectione

99 1423 368 1460 occurrentes
411 1423 562 1472 (atque
610 1431 634 1459 a
674 1418 878 1471 Magistro
917 1418 1027 1458 inter
1068 1417 1362 1470 explicandum
1404 1417 1732 1472 designandas),
1777 1417 1819 1458 in

100 1494 285 1535 animum
317 1494 486 1547 penitus
520 1493 767 1536 demittant:
800 1506 907 1546 quas
940 1497 1102 1547 postea,
1136 1505 1231 1535 cum
1261 1493 1589 1546 praelectionem
1611 1496 1819 1547 repetent,

99 1581 175 1610 seu
208 1569 319 1610 ultro
352 1581 427 1610 seu
459 1568 739 1621 interroganti
762 1568 967 1620 Magistro
1002 1567 1066 1608 vel
1098 1567 1262 1609 aemulo
1296 1567 1473 1609 reddere
1504 1568 1644 1622 parati
1673 1568 1758 1609 sint
1779 1570 1821 1608 et

100 1645 290 1697 proxima
320 1645 429 1686 forte
460 1645 501 1685 in
534 1644 774 1699 scriptione,
806 1642 1044 1685 secundarii
1066 1643 1185 1696 pensi
1206 1642 1312 1698 loco,
1344 1643 1606 1696 subscriptas
1629 1642 1818 1684 afferant.

102 1719 231 1772 Cujus
276 1719 446 1772 quidem
490 1719 802 1760 exercitationis
834 1718 1006 1760 uberior
1036 1718 1187 1760 evadet
1217 1719 1403 1770 fructus,
1444 1719 1480 1760 si
1510 1731 1586 1772 pro
1618 1718 1821 1772 temporis

102 1794 422 1847 opportunitate
454 1794 494 1834 in
528 1794 654 1835 variis
687 1794 941 1836 dictionibus
974 1794 1237 1843 ostendatur,
1270 1793 1626 1846 quemadmodum
1658 1806 1706 1835 ex
1738 1806 1822 1835 una

101 1881 201 1910 voce
242 1868 384 1921 plures
427 1869 533 1910 aliae
576 1869 820 1910 deriventur
858 1881 1002 1921 voces,
1045 1882 1226 1922 quarum
1257 1870 1371 1911 notio
1405 1882 1454 1911 ex
1485 1869 1700 1922 primitiva
1731 1869 1823 1922 ipsa

104 1943 286 1984 dictione
318 1942 514 1985 facillime
544 1943 771 1993 habeatur,
805 1956 838 1985 e..
869 1956 905 1996 g.
940 1943 1077 1997 sapio,
1109 1944 1337 1998 sapientia,
1370 1945 1558 1998 sapiens,
1590 1944 1821 1998 sapientem

102 2019 281 2060 maxime
320 2019 354 2060 si
394 2030 516 2060 voces
557 2017 762 2071 eJusmodi
803 2017 1017 2060 derivatae
1055 2031 1079 2059 a
1117 2018 1332 2072 discipulis
1373 2019 1523 2062 deinde
1561 2021 1819 2073 repetantur.

104 2093 350 2148 Caeterum,
389 2093 501 2146 quod
535 2106 609 2146 per
640 2105 725 2145 reg.
752 2094 775 2133 6
808 2092 916 2134 Med.
951 2098 993 2134 et
1024 2093 1098 2135 Ins,
1135 2093 1278 2135 Gram.
1312 2095 1592 2151 praecipitur,
1624 2098 1672 2136 ut
1702 2107 1823 2148 prae-

101 2169 223 2211 lectio
267 2168 541 2211 Ciceroniana
580 2171 776 2221 septenos
818 2169 906 2210 fere
944 2168 986 2209 in
1027 2168 1190 2224 Media,
1239 2173 1281 2211 et
1320 2174 1549 2223 quaternos
1591 2170 1633 2212 in
1674 2169 1824 2211 Infima

103 2242 391 2285 Grammatica
421 2254 569 2284 versus
603 2255 655 2284 ne
687 2242 883 2298 excedat,
916 2243 959 2284 id
991 2243 1051 2285 ita
1084 2244 1252 2287 videtur
1282 2245 1622 2301 intelligendum,
1656 2246 1690 2287 si
1723 2258 1825 2298 quo-

101 2318 263 2360 tidiana
297 2317 461 2359 omnino
495 2318 625 2359 suerit
656 2329 705 2358 ea
735 2318 976 2371 praelectio.
1026 2319 1282 2370 Quotidiana
1314 2323 1456 2363 autem
1489 2334 1583 2363 cum
1610 2321 1724 2375 apud
1745 2333 1821 2363 nos

103 2407 195 2436 esse
225 2392 339 2435 haud
372 2393 508 2446 possit
539 2395 731 2445 (propter
762 2393 947 2435 rationes
981 2396 1138 2438 ordinis
1170 2397 1305 2438 nostri
1329 2396 1581 2449 scholastici,
1614 2396 1822 2450 superiori

105 2468 251 2522 Capite
282 2468 535 2523 expositas),
576 2480 803 2521 sequemur
835 2468 1180 2526 Praepositorum
1214 2472 1520 2514 ordinationem
1552 2471 1822 2526 peculiarem,

104 2561 189 2602 qua
223 2548 424 2602 jubemur
462 2549 643 2601 majores
684 2548 822 2590 facere
858 2549 901 2589 in
939 2547 1221 2602 praelegendo
1255 2547 1433 2589 authore
1463 2560 1733 2601 progressus,
1776 2559 1824 2588 ac

103 2624 189 2665 fere
233 2624 348 2665 ultra
385 2623 447 2678 id,
491 2623 605 2676 quod
643 2624 683 2665 in
716 2635 893 2677 pensum
926 2622 1152 2664 memoriae
1184 2622 1438 2675 assignatur.
1502 2622 1665 2676 (Ordin.
1700 2622 1821 2663 Prov.

105 2699 129 2752 ξ
152 2700 176 2740 8
208 2711 246 2740 n.
272 2700 331 2750 7.)

241 2773 445 2826 Exempla
484 2773 664 2826 denique
701 2772 942 2826 hujusmodi
973 2773 1326 2834 praelectionum,
1368 2776 1457 2814 tam
1489 2784 1563 2825 pro
1596 2770 1823 2813 Rhetorica

105 2860 232 2900 quam
271 2861 347 2901 pro
380 2848 597 2890 Classibus
628 2848 918 2902 inferioribus,
956 2848 1099 2890 videre
1131 2852 1196 2890 est
1226 2848 1340 2901 apud
1371 2848 1610 2889 Iuventium
1643 2847 1694 2887 de
1726 2847 1820 2887 Rat.

106 2922 194 2964 doc.
229 2935 261 2964 c.
286 2924 310 2964 2
343 2935 379 2964 a.
403 2925 440 2964 4.

175 3223 363 3249 Monumenta
383 3222 554 3249 Germaniae
575 3222 779 3255 Paedagogica
800 3221 875 3247 XVI·
1553 3218 1574 3249 6
