2164 3535
173 361 261 403 sine
305 361 594 413 deformitate,
637 362 769 403 oculis
810 374 892 403 non
935 361 1211 414 defectuosis,
1254 360 1398 413 lingua
1440 359 1660 413 expedita,
1703 372 1755 401 an
1797 371 1896 401 vero

175 435 436 478 balbutiente
446 437 465 477 ἶ)

310 530 347 570 5.
397 528 474 570 Vbi
515 532 557 570 et
598 529 663 570 cui
706 528 897 570 facultati
939 528 1171 581 stvduerit,
1225 540 1275 570 an
1320 527 1469 570 saltem
1513 526 1784 568 Rhetoricam
1827 525 1897 567 ab·

175 603 370 657 soluerit,
414 615 496 656 quo
529 615 782 656 progressu,
817 615 902 656 qua
932 603 1263 657 Praeceptorum
1295 602 1585 645 satisfactione
1617 604 1661 643 et
1691 613 1899 643 commen-

173 677 374 719 datione?
433 677 497 718 An
531 680 701 719 cantum
736 677 1043 730 Gregorianum
1078 682 1153 720 aut
1182 677 1403 730 figuralem
1435 677 1676 729 nouerit‘?¹)

310 771 347 811 6.
394 770 458 811 An
500 773 644 823 speret
683 769 734 812 iis
774 773 954 811 naturae
995 769 1166 812 dotibus
1211 774 1408 812 ornatum
1441 773 1484 812 et
1515 769 1719 812 donatum
1751 780 1844 811 esse
1875 780 1899 810 a

175 846 278 900 Deo,
309 846 353 886 vt
375 844 518 887 studia
538 843 759 898 superiora
782 843 956 897 possit2)
993 844 1157 886 utiliter
1178 847 1221 886 et
1241 845 1459 886 fructuose
1481 847 1680 899 tractare,
1714 843 1900 885 omnino-

176 932 258 973 que
290 919 538 974 decreverit,
570 918 619 961 iis
641 918 953 973 Philosophiae,
989 918 1256 974 Theologiae,
1289 923 1365 961 aut
1396 920 1506 962 Iuris
1539 919 1727 962 canonici
1748 918 1899 961 studiis

174 994 336 1037 tamdiu
368 1006 538 1049 vacare,
572 1006 681 1047 quae
712 997 755 1036 et
787 993 991 1046 quamdiu
1024 993 1292 1047 Superiores,
1325 995 1558 1047 praemisso
1592 994 1804 1045 examine,
1846 993 1898 1035 ad

174 1082 394 1112 commune
424 1069 580 1112 bonum
612 1068 748 1121 magis
780 1069 979 1122 expedire
1011 1069 1293 1111 iudicaverint
1323 1070 1364 1111 in
1397 1069 1589 1112 Domino.

314 1164 350 1204 7.
400 1163 463 1203 An
508 1161 638 1204 fuerit
680 1162 722 1203 in
773 1162 915 1215 aliqua
957 1161 1295 1215 Congregatione
1337 1162 1383 1203 B.
1419 1161 1630 1214 Virginis:
1679 1160 1806 1214 idque
1852 1173 1900 1202 eo

179 1238 382 1293 exemplo,
415 1240 459 1279 vt
490 1237 647 1280 bonum
670 1237 958 1279 testimonium
989 1237 1042 1278 ab
1065 1249 1115 1278 ea
1136 1236 1308 1290 speret?
1341 1250 1392 1278 an
1415 1236 1651 1290 susceperit
1673 1235 1901 1289 aliquando

174 1312 407 1365 habitum-²¹)
442 1312 671 1367 religionis,
704 1312 841 1354 animo
875 1324 968 1354 eam
1000 1311 1293 1364 ingrediendi?

313 1407 350 1447 8.
400 1406 463 1447 An
502 1405 658 1447 habeat
695 1404 942 1447 beneficium
986 1404 1183 1458 aliquod,
1231 1408 1273 1446 et
1314 1404 1438 1457 quale
1479 1403 1608 1453 illud,
1656 1407 1698 1445 et
1737 1404 1777 1445 in
1819 1416 1903 1456 qua

175 1481 394 1523 Dioecesi?

313 1570 350 1609 9.
399 1567 463 1608 An
504 1567 610 1609 liber
651 1567 705 1609 sit
744 1566 796 1608 ab
840 1566 1036 1608 omnibus
1077 1566 1265 1609 censuris
1309 1569 1351 1608 et
1382 1565 1700 1618 irregularitate
1734 1563 1903 1606 ordines

176 1642 463 1696 impediente?
526 1642 621 1694 Et4)
654 1642 688 1683 si
721 1654 818 1690 non,
852 1644 1026 1683 curetur
1061 1641 1243 1696 omnino,
1275 1644 1318 1682 vt
1352 1641 1468 1694 prius
1501 1640 1717 1681 liberetur.

316 1734 380 1777 10.
429 1735 492 1775 An
525 1733 681 1776 habeat
711 1734 876 1787 aliquos
911 1733 1078 1775 ordines
1112 1734 1289 1775 sacros?
1351 1733 1393 1774 Si
1427 1745 1508 1774 non
1541 1732 1722 1786 habeat,
1756 1730 1905 1773 afferat

177 1810 328 1852 saltem
340 1810 372 1863 ⁵)
407 1809 551 1851 literas
580 1809 807 1851 Natalitias
839 1821 995 1859 secum,
1030 1811 1075 1850 vt
1105 1812 1291 1861 quatuor
1323 1808 1505 1850 minores
1538 1808 1728 1861 accipere
1755 1806 1903 1860 possit,

176 1897 271 1927 cum
303 1884 345 1926 id
378 1897 402 1925 a
434 1884 732 1937 Superioribus
764 1884 1073 1937 praescriptum
1104 1884 1262 1926 fuerit?

319 1980 382 2019 11.
430 1977 495 2018 An
535 1976 766 2018 maioribus
807 1976 1046 2032 ordinibus,
1088 1989 1135 2019 ac
1173 1977 1265 2031 ipso
1298 1976 1423 2018 etiam
1458 1975 1698 2018 sacerdotio
1731 1974 1904 2029 initiari,

178 2065 274 2094 cum
297 2050 595 2105 Superioribus
619 2051 673 2093 ad
695 2051 772 2093 Dei
804 2052 979 2105 gloriam
1013 2052 1150 2094 visum
1181 2051 1324 2107 fuerit,
1357 2050 1485 2104 idque
1516 2051 1755 2092 iuramento
1787 2049 1905 2104 polli-

176 2127 260 2170 ceri
292 2127 423 2169 velit?

318 2214 381 2254 12.
432 2212 553 2263 Quod
587 2226 610 2254 a
634 2212 818 2267 Collegio
850 2227 932 2256 non
966 2214 1021 2256 sit
1052 2214 1291 2268 importune
1320 2215 1631 2268 postulaturus,
1665 2217 1709 2255 vt
1740 2213 1819 2255 sibi
1853 2214 1905 2255 de

178 2287 377 2330 beneficio
410 2288 704 2344 provideatur,
743 2289 936 2342 quamvis
970 2289 1201 2343 Collegium
1233 2290 1273 2331 111
1307 2289 1384 2331 hoc
1417 2289 1632 2342 generessj,
1676 2289 1709 2330 si
1742 2288 1904 2330 occasio

177 2378 222 2407 se
270 2364 440 2419 offerat,
489 2365 721 2407 commodis
768 2366 1015 2419 cuiusque7)
1063 2369 1105 2407 et
1150 2365 1252 2418 ipsis
1301 2365 1485 2414 meritis,
1533 2364 1589 2406 sit
1634 2363 1787 2406 nemini
1838 2363 1905 2405 de-

176 2440 401 2482 futurum‘.>

320 2529 383 2568 13.
433 2526 497 2568 An
536 2526 667 2569 libere
710 2530 752 2569 et
783 2532 934 2581 sponte
967 2528 1020 2570 ad
1052 2527 1130 2570 hoc
1163 2527 1397 2580 Collegium
1430 2527 1570 2568 venire
1604 2526 1810 2580 cupiatss),
1852 2539 1904 2567 an

179 2602 319 2654 ver09)
353 2615 378 2643 a
409 2602 496 2643 suis
530 2601 675 2644 aliisve
707 2604 909 2645 coactus?

318 2696 382 2735 14.
432 2695 465 2735 Α
499 2706 582 2747 quo
614 2699 879 2748 proponatur
910 2708 985 2737 seu
1018 2694 1336 2737 commendetur
1368 2694 1582 2748 Collegio?
1647 2695 1708 2736 An
1748 2694 1903 2736 habeat

178 2772 418 2824 patronum,
450 2769 523 2822 qui
555 2782 759 2822 expensas
794 2771 986 2812 facturus
1019 2770 1091 2817 sit,
1122 2782 1231 2823 quae
1264 2783 1394 2823 supra
1426 2771 1480 2811 80
1512 2768 1691 2812 florenos
1725 2782 1903 2823 annuos,

179 2857 284 2898 quos
308 2845 560 2887 Alumnatus
593 2847 851 2900 suppeditat,
884 2850 1009 2888 erunt
1040 2846 1315 2888 necessariae.
1375 2846 1430 2902 [b.
1466 2845 1607 2887 addit:
1642 2845 1697 2886 Et
1728 2844 1905 2897 insuper

320 3041 344 3072 ¹¹
371 3039 403 3074 b.
431 3039 519 3074 lasst
550 3039 607 3074 die
640 3039 746 3074 letzte
773 3039 890 3083 Frage
918 3061 960 3065 —
991 3039 1067 3074 »An
1100 3046 1244 3075 cantum
1271 3045 1360 3074 eet«
1389 3060 1431 3064 —
1458 3050 1534 3074 aus.
1722 3039 1749 3083 2)
1777 3039 1808 3073 b.
1835 3048 1901 3072 om.

182 3097 351 3141 »possit«.
549 3097 576 3141 3)
601 3097 634 3131 b.
660 3101 804 3132 statum.
1000 3099 1029 3141 4)
1056 3097 1087 3132 b.
1114 3108 1180 3134 om.
1210 3103 1299 3132 »et«.
1498 3100 1526 3141 5)
1554 3097 1585 3132 b.
1614 3096 1741 3132 saltem
1768 3106 1902 3131 secum.

179 3154 209 3196 6)
234 3153 266 3188 b.
294 3164 412 3198 opere.
553 3154 581 3198 7)
605 3154 638 3189 b.
665 3153 950 3198 quibuscunque.
1091 3155 1119 3199 8)
1145 3155 1176 3189 b.
1204 3155 1328 3200 cupiat
1354 3165 1430 3189 ven.
1572 3156 1601 3197 ⁹)
1628 3154 1660 3190 b.
1687 3154 1731 3189 vi.
