2164 3535
212 185 295 226 310
513 182 783 227 Hausordnung
809 183 871 217 des
897 182 1134 226 Wirzburger
1161 181 1355 218 Seminars.
1404 182 1509 217 Nach
1538 185 1637 218 1608.

212 325 378 377 mento,
410 336 515 365 nevo
549 323 728 376 alijsque
759 322 999 376 quisquilijS
1032 322 1267 364 defoedent.
1334 322 1381 364 In
1415 322 1618 365 cubiculis
1651 322 1762 364 circa
1791 323 1938 378 lectos,

213 411 265 440 ne
297 410 364 440 res
396 399 504 440 male
537 398 754 440 ordinatas
789 402 832 439 et
862 397 1076 451 dispersas
1106 397 1244 439 iacere
1265 397 1527 451 permittant.
1583 397 1664 448 Qui
1686 409 1784 439 vero
1806 397 1938 440 lectos

214 476 412 515 sternunt
443 473 605 515 dabunt
636 486 822 529 operam,
856 476 904 515 ut
935 476 978 515 et
1009 473 1108 515 lecti
1139 476 1181 515 et
1213 473 1419 514 stramina
1449 473 1532 514 illis
1556 472 1747 514 subiecta
1768 472 1938 525 saepius

216 551 457 603 vertantur,
498 560 551 589 ne
594 549 659 590 vel
700 548 785 590 situ
827 547 1059 602 putrefiant
1097 547 1163 589 vel
1201 547 1282 589 alio
1316 548 1442 589 modo
1474 550 1726 602 putrescant
1757 546 1822 589 vel
1854 558 1943 589 sor-

216 625 401 667 descant.

353 700 392 740 8.
440 699 647 752 Tempore
686 698 960 741 recreationis
1001 698 1062 739 ita
1105 697 1267 739 animos
1300 698 1526 753 laxabunt,
1567 701 1617 739 ut
1647 710 1784 751 neque
1815 697 1943 739 nimio

217 773 419 825 clamore,
461 773 594 827 saltu,
636 773 960 827 luctationibus,
1004 773 1342 815 contentionibus
1385 776 1429 814 et
1469 773 1592 827 rixis,
1634 785 1772 826 neque
1802 772 1944 826 pravis

217 849 435 902 colloquijs
477 849 704 902 quicquam
746 851 894 890 contra
939 861 1105 890 morum
1148 848 1393 890 civilitatem
1436 860 1484 889 ac
1525 847 1793 889 honestatem
1836 859 1946 889 com-

217 924 412 973 mittant3
459 923 627 976 privata
678 923 805 965 etiam
848 923 1139 965 conventicula
1190 926 1310 965 extra
1357 935 1623 965 communem
1668 922 1944 964 recreationis

219 1000 357 1041 locum
396 999 485 1040 sine
525 998 728 1040 facultate
767 1010 850 1040 non
892 998 1122 1040 habebunt.
1190 999 1382 1051 Denique
1421 998 1540 1051 signo
1583 997 1682 1040 dato
1725 996 1779 1039 ad
1821 996 1945 1039 finem

220 1073 492 1117 recreationis
541 1085 683 1115 omnes
731 1073 917 1115 silebunt
963 1076 1005 1114 et
1047 1073 1193 1114 statim
1235 1073 1288 1114 ad
1332 1073 1555 1114 Musaeum
1597 1084 1690 1114 sese
1733 1071 1948 1114 conferent

220 1149 399 1191 ulterius
432 1148 615 1190 ambitus
648 1161 730 1190 non
763 1148 968 1190 obeuntes
1001 1152 1076 1190 aut
1107 1160 1183 1201 per
1215 1148 1299 1189 alia
1322 1147 1542 1201 Seminarij
1568 1147 1659 1189 loca
1683 1147 1944 1200 divagantes.

360 1232 396 1271 9.
446 1230 581 1271 Extra
612 1232 780 1282 tempus
813 1228 1086 1271 recreationis
1119 1228 1312 1270 omnibus
1339 1228 1553 1271 silentium
1576 1227 1725 1281 quovis
1748 1227 1838 1269 loco
1862 1239 1948 1269 ser-

221 1305 406 1347 vandum
448 1304 547 1359 erit,
587 1303 667 1346 nisi
708 1303 819 1345 forte
858 1304 1089 1346 necessitas
1133 1304 1247 1345 aliud
1288 1303 1496 1357 postulet,
1537 1303 1730 1356 inprimis
1772 1314 1871 1344 vero
1902 1302 1947 1344 in

222 1380 410 1429 Musaeo,
443 1379 641 1435 triclinio,
664 1379 872 1422 cubilibus
895 1383 937 1422 et
958 1380 1059 1421 locis
1083 1379 1271 1433 secretis,
1301 1379 1342 1420 in
1365 1379 1520 1432 quibus
1543 1378 1753 1431 colloquia
1774 1378 1951 1420 miscere

222 1454 425 1497 honestus
457 1455 654 1508 prohibet
685 1455 843 1508 pudor,
876 1455 1004 1497 etiam
1036 1468 1061 1496 a
1093 1454 1461 1497 mussitationibus
1495 1454 1709 1496 abstinere
1741 1452 1948 1495 convenit.

366 1531 429 1572 10.
478 1529 558 1580 Qui
591 1542 686 1571 cum
717 1530 921 1572 facultate
954 1529 1193 1583 Superioris
1235 1529 1349 1571 foras
1383 1531 1559 1583 exeunt,
1600 1528 1720 1582 prius
1752 1528 1795 1569 id
1826 1527 1952 1569 Prae-

224 1605 333 1648 fecto
367 1617 443 1647 suo
477 1604 795 1660 significabunt,
829 1605 895 1647 cui
929 1607 971 1646 et
1002 1607 1169 1658 tempus
1203 1616 1278 1657 pro
1311 1604 1451 1646 reditu
1483 1604 1562 1646 sibi
1596 1604 1860 1657 assignatum
1891 1603 1952 1644 in-

225 1680 448 1729 dicabunt3
482 1684 524 1721 et
555 1679 627 1721 ubi
660 1679 876 1731 redierint,
909 1692 953 1722 se
987 1680 1204 1733 Superiori
1236 1680 1399 1722 sistent.

366 1757 428 1797 11.
464 1755 619 1797 Omnes
642 1758 763 1796 extra
785 1755 895 1797 diem
918 1754 1190 1797 recreationis
1214 1755 1365 1796 Latine
1387 1755 1629 1809 loquentur,
1652 1754 1952 1796 humaniorum

225 1830 405 1874 studiosi
448 1830 715 1885 litterarum,
757 1833 806 1871 ut
844 1830 1030 1884 prompti
1068 1828 1172 1872 fiant
1210 1833 1252 1872 et
1289 1830 1474 1883 expediti
1505 1830 1547 1871 in
1580 1830 1710 1872 latino
1744 1841 1951 1881 sermone,

226 1905 426 1958 Theologi
458 1908 500 1947 et
530 1904 789 1960 Philosophi,
822 1918 873 1947 ne
905 1918 1026 1947 vsum
1058 1905 1257 1959 loquendi
1290 1906 1500 1948 amittant.

367 1982 430 2022 12.
481 1979 586 2021 Cum
619 1980 738 2033 signo
771 1980 870 2022 dato
902 1981 1015 2022 foras
1049 1981 1103 2022 ad
1135 1981 1407 2035 spatiandum
1440 1984 1693 2035 evocantur,
1735 1992 1879 2022 omnes
1911 1979 1953 2021 in

227 2069 327 2098 area
368 2055 616 2098 convenient
655 2055 831 2097 honeste
874 2055 1015 2097 vestiti
1053 2059 1095 2097 et
1137 2055 1282 2097 ordine
1314 2056 1393 2097 sibi
1427 2069 1451 2097 a
1482 2055 1701 2098 Praefecto
1735 2055 1951 2108 assignato

228 2135 270 2173 et
307 2143 391 2183 qua
430 2142 508 2184 par
540 2133 605 2172 est
634 2130 854 2172 modestia.
919 2131 1083 2184 (Neque
1115 2131 1225 2172 enim
1256 2131 1369 2173 intra
1401 2131 1549 2172 urbem
1584 2130 1953 2172 confabulationes

227 2206 564 2260 permittuntur.)
625 2205 690 2247 Ad
722 2206 861 2247 locum
895 2205 1154 2248 destinatum
1187 2210 1229 2248 et
1260 2219 1340 2248 nou
1366 2207 1446 2249 alio
1470 2219 1614 2248 omnes
1636 2205 1771 2247 ibunt.
1825 2205 1948 2247 Viros

228 2281 479 2333 honoratos,
512 2280 692 2322 maxime
724 2281 1065 2330 Ecclesiasticos,
1109 2294 1214 2333 quos
1248 2280 1392 2323 obvios
1425 2280 1603 2334 habent,
1642 2280 1800 2322 honore
1832 2291 1955 2332 prae-

230 2356 412 2398 veniant.
474 2356 510 2397 A
552 2356 641 2398 loco
682 2356 956 2398 recreationis
999 2368 1120 2398 nemo
1163 2369 1207 2398 se
1248 2356 1477 2410 subducet,
1520 2359 1595 2397 aut
1639 2367 1733 2397 cum
1771 2354 1955 2397 externis

230 2430 431 2473 studiosis
464 2430 553 2472 sine
584 2430 788 2472 facultate
820 2430 1153 2473 conversabitur.

371 2507 434 2548 13.
483 2506 616 2548 Nemo
658 2506 737 2548 sibi
778 2505 1118 2561 [prae-lsumat,
1171 2509 1219 2547 ut
1259 2505 1439 2547 famulos
1488 2509 1563 2547 aut
1611 2504 1716 2546 alios
1757 2503 1955 2546 officiales

233 2580 451 2633 Seminarij
487 2581 781 2636 reprehendat,
815 2581 1001 2633 corrigat
1032 2584 1107 2623 aut
1136 2581 1378 2634 importuno
1402 2580 1525 2622 modo
1548 2580 1766 2629 molestet3
1799 2579 1886 2631 sed,
1920 2580 1954 2622 si

233 2655 331 2708 quid
366 2655 417 2696 ab
449 2655 499 2708 iJ's
532 2659 751 2709 peccatum
783 2656 858 2706 sit,
901 2659 1124 2698 moneatur
1156 2655 1377 2709 Superior,
1424 2655 1495 2708 qui
1528 2655 1759 2697 remedium
1804 2654 1956 2697 afferre

233 2733 385 2783 potest.
438 2731 720 2784 Nequaquam
751 2731 959 2773 tolerandi
992 2735 1091 2773 sunt
1122 2731 1193 2784 qui
1227 2730 1457 2772 discordias
1481 2730 1757 2772 disseminant
1779 2733 1822 2771 et
1845 2742 1954 2772 com-

234 2818 403 2847 munem
436 2805 621 2858 quietem
653 2818 729 2858 per
761 2806 1058 2859 detractiones,
1090 2805 1472 2859 murmurationeS,
1506 2805 1617 2847 rixas
1653 2804 1957 2858 mendaciaque

235 2879 502 2933 perturbant.
563 2879 684 2921 Tales
717 2880 825 2921 enim
857 2892 938 2921 non
971 2883 1137 2921 tantum
1168 2880 1367 2932 inciviles,
1401 2879 1475 2921 sed
1507 2882 1549 2921 et
1579 2879 1759 2933 improbi
1792 2879 1951 2921 censeri

237 2954 402 2996 debent.
455 2954 542 2996 Nec
573 2954 754 2996 multum
787 2954 999 2997 absimiles
1031 2955 1113 2996 illis
1145 2959 1246 2996 sunt
1276 2954 1348 3008 qui
1378 2953 1588 2996 malitiose
1620 2954 1733 2996 cibos
1767 2966 1953 2996 corrum-

238 3033 355 3081 pant,
386 3028 608 3079 fenestras,
640 3041 806 3071 mensas
839 3029 1005 3082 aliaque
1034 3029 1312 3082 supellectilia
1333 3029 1549 3083 frangunt,
1583 3028 1861 3071 conscindunt
1881 3031 1957 3070 aut

238 3103 463 3145 maculant.
