2164 3535
433 213 856 249 Geschichtsunterricht
887 224 931 248 an
962 213 1030 249 den
1056 213 1340 248 oberdeutschen
1366 212 1596 257 Gymnasien.
1796 215 1873 256 107

159 356 240 398 den
272 355 397 398 Titel:
440 355 676 409 Vestigium
714 354 1039 409 geographicum
1071 353 1157 395 sive
1189 352 1461 394 manuductio
1494 352 1546 394 ad
1578 351 1878 406 geographiam

160 431 401 473 universam
432 430 573 472 brevis
606 432 648 472 et
680 433 880 472 accurata
910 442 1004 472 cum
1036 427 1258 470 Anatomia
1279 427 1597 480 Topographica
1619 427 1807 470 Alsatiae
1838 430 1881 469 et

161 506 407 559 Brisgoviae
439 518 488 547 ac
519 505 719 548 methodo
752 505 994 548 conficiendi
1020 507 1062 547 et
1083 503 1344 559 intelligendi
1365 515 1540 557 mappas
1564 503 1878 556 geographicas.

162 581 251 623 16⁰.
285 582 367 623 468
390 594 429 637 p.

224 957 325 1011 Die
380 955 734 1012 Geschichte
793 978 866 1011 an
921 958 1029 1011 den
1086 956 1445 1031 Gymnasien
1503 959 1602 1011 der
1657 960 1822 1013 ober-

712 1061 1029 1116 deutschen
1082 1061 1335 1115 ProvinZ.

299 1208 376 1249 Die
417 1211 528 1250 erste
570 1208 781 1249 bekannte
815 1207 1096 1260 Verordnung
1127 1208 1196 1249 fur
1227 1207 1319 1250 eine
1351 1207 1659 1260 schulgemasse
1692 1208 1883 1250 Beliand—

161 1285 262 1337 lung
295 1284 370 1326 der
401 1284 651 1326 Geschiehte
684 1283 836 1326 befasst
867 1283 955 1325 sich
987 1297 1067 1325 nur
1098 1284 1175 1325 mit
1206 1284 1432 1326 bibliseher
1464 1283 1726 1326 Geschichte.
1790 1284 1884 1325 Die-

162 1360 275 1402 selbe
307 1360 363 1401 ist
396 1359 501 1401 wohl
534 1359 628 1401 dem
651 1359 817 1411 Anfang
841 1359 912 1400 des
940 1361 1002 1400 18.
1029 1359 1053 1400 J
1059 1359 1344 1401 ahrhunderts
1368 1358 1714 1411 zuzuschreiben,
1741 1358 1885 1411 jeder,-

160 1435 255 1476 falls
300 1447 375 1476 vor
416 1436 523 1476 1727
564 1437 840 1489 anzusetzen,
884 1434 938 1475 da
969 1434 1074 1476 nach
1108 1434 1201 1476 dem
1235 1434 1491 1476 Erscheinen
1525 1434 1599 1475 der
1630 1433 1885 1475 Rudimenta

164 1517 212 1563 (sv
236 1509 274 1551 S.
295 1511 392 1555 112>
417 1510 507 1552 eine
524 1510 795 1561 Aufzahlung
818 1509 892 1551 der
914 1509 1367 1552 durchzunehmenden
1391 1509 1621 1552 biblischen
1638 1509 1886 1551 Abschnitte

164 1584 417 1637 uberfliissig
449 1596 636 1637 gewesen
670 1588 779 1626 ware

248 1885 344 1928 Die
382 1886 637 1929 Methode
677 1887 770 1930 des
809 1887 1180 1930 Unterrichts
1221 1889 1276 1930 in
1316 1889 1414 1931 der
1454 1887 1806 1932 Geschichte.

454 1994 722 2036 Methodus
755 1995 994 2037 tradendi
1026 1997 1071 2037 in
1107 1997 1286 2039 schola
1317 1996 1599 2039 historiam.

908 2071 989 2113 Um
1025 2074 1146 2114 1717.

391 2150 476 2193 (Ex
522 2149 699 2185 archivio
745 2160 857 2194 prov.
901 2151 1086 2187 German.
1144 2151 1184 2187 S.
1218 2152 1285 2196 J.‚
1336 2162 1375 2187 11.
1423 2152 1466 2187 V.
1517 2161 1554 2186 a.
1590 2152 1656 2195 6.)

308 2257 340 2296 1.
377 2254 559 2307 Singulis
582 2255 826 2307 septimanis
850 2258 914 2297 ter
935 2255 1079 2298 haberi
1103 2256 1227 2298 debet
1255 2257 1376 2298 lectio
1400 2256 1611 2306 historica,
1636 2256 1715 2297 vid.
1741 2255 1887 2297 diebus

164 2329 328 2384 Martis,
361 2330 470 2371 Iovis
504 2331 545 2370 et
577 2328 752 2371 Sabbati
785 2343 809 2371 a
841 2331 979 2372 media
1013 2332 1075 2373 10.
1111 2344 1246 2385 usque
1279 2332 1331 2372 ad
1365 2332 1444 2385 10„
1477 2334 1517 2372 et
1549 2331 1589 2372 in
1623 2331 1833 2372 rhetorica
1866 2344 1888 2372 a

164 2416 274 2446 nona
305 2404 358 2446 ad
390 2404 573 2445 mediam
612 2406 673 2446 10.

302 2481 338 2520 2.
372 2478 593 2521 Professor
622 2480 787 2521 initium
820 2493 986 2534 semper
1026 2482 1165 2524 facere
1202 2481 1359 2536 poterit
1392 2494 1416 2522 a
1448 2481 1698 2534 repetitione
1729 2493 1889 2535 eorum,

169 2566 276 2606 quae
308 2553 349 2595 in
380 2554 531 2596 ultima
561 2555 738 2597 lectione
778 2557 935 2597 fuerint
973 2560 1191 2612 enarrata,
1230 2569 1356 2610 quam
1390 2556 1681 2610 repetitionem
1715 2569 1737 2597 a
1771 2555 1890 2598 disci-

169 2630 278 2683 pulis
320 2630 478 2685 exiget,
518 2630 755 2684 quadrante
797 2632 930 2673 altero
972 2644 1122 2673 novam
1160 2632 1380 2674 materiam
1423 2631 1646 2685 explicabit
1687 2634 1890 2683 sequente

165 2705 380 2747 methodo:

302 2781 338 2821 3.
373 2781 457 2823 Ubi
489 2780 599 2822 domi
631 2781 734 2823 bene
766 2782 981 2835 paraverit
1003 2782 1222 2823 materiam
1246 2781 1460 2834 professor
1483 2781 1659 2823 eandem
1683 2783 1722 2823 in
1748 2781 1890 2823 schola

165 2859 372 2909 proponet
413 2856 524 2897 clare
556 2869 602 2898 ac
636 2856 844 2899 distincte.
907 2857 1017 2898 Ante
1049 2858 1189 2899 omnia
1224 2857 1410 2911 curabit,
1453 2860 1501 2898 ut
1540 2858 1652 2899 facta
1689 2857 1889 2899 historica

167 2929 375 2972 describat
409 2930 461 2971 ad
494 2931 634 2972 vivum
658 2945 732 2985 per
752 2932 1037 2986 hypotyposes
1061 2944 1153 2973 cum
1186 2932 1273 2974 suis
1297 2933 1638 2983 circumstantiis,
1671 2937 1712 2974 et
1744 2944 1888 2974 caven—

167 3003 280 3059 dum,
312 3017 363 3046 ne
396 3005 594 3057 languide
626 3019 672 3048 ac
704 3006 854 3059 frigide
876 3007 987 3048 facta
1017 3010 1281 3058 enarrentur,
1313 3020 1421 3060 quae
1444 3020 1510 3049 res
1533 3020 1726 3049 somnum
1749 3007 1888 3060 potius

167 3079 380 3133 discipulis
414 3080 687 3122 conciliatura
719 3084 851 3132 esset,
890 3094 1015 3133 quam
1061 3081 1351 3123 attentionem.
1416 3081 1552 3122 Tarde
1584 3081 1657 3126 fiat
1688 3080 1888 3133 narratio,

165 3157 214 3194 ut
244 3154 363 3207 sequi
394 3155 557 3208 possint
588 3155 793 3209 discipuli.
