2164 3535
197 207 280 247 492
460 203 672 238 Beibericht
698 203 762 238 der
790 202 1220 238 Studien-Kommiss'are
1247 214 1312 237 zur
1337 203 1378 238 R.
1407 208 1449 238 st.
1475 214 1543 238 von
1572 207 1669 240 1832.

198 356 279 385 non
313 343 460 386 eadem
493 347 557 386 est
579 344 808 386 necessitas
832 356 1008 397 graecae
1032 344 1072 385 in
1097 344 1185 386 suis
1209 344 1456 396 ProvinciiS,
1489 357 1537 387 ac
1559 345 1599 386 in
1624 345 1930 400 Transalpinis,

197 432 274 472 pro
308 419 508 473 religione
542 418 806 462 defendenda
838 423 915 462 etc.

337 496 386 536 N.
411 496 509 538 105.
561 495 633 536 Ad
667 508 763 548 reg.
792 496 855 537 18.
911 495 1186 537 Immutanda
1217 496 1297 538 fuit
1328 496 1431 538 haec
1465 497 1614 549 regula
1639 497 1780 551 quoad
1804 497 1934 539 latine

198 570 398 624 loquendi
450 584 573 613 usum
628 574 718 612 tum
761 575 937 624 propter
976 572 1285 613 institutionem
1330 572 1501 624 linguae
1544 573 1798 615 vernaculae
1843 576 1934 615 tum

198 649 374 699 propter
412 645 638 688 facultates
682 647 951 688 accessorias.
1018 646 1256 688 Statuimus
1298 647 1439 700 proin,
1484 648 1640 701 quibus
1682 648 1723 690 in
1767 648 1934 690 casibus

198 723 448 774 praeceptor
490 721 621 763 latine
660 721 775 774 loqui
821 722 994 764 debeat.
1050 726 1099 764 111
1141 722 1336 776 discipuli
1377 723 1505 765 etiam
1555 723 1757 777 loquendi
1805 723 1936 766 latine

199 797 549 838 consuetudinem
583 797 820 850 acquirant,
854 809 956 839 sane
989 797 1287 852 necessariam,
1322 801 1370 840 ut
1401 799 1549 840 utilem
1572 799 1666 841 dein
1692 811 1866 852 operam
1894 799 1935 840 in

198 872 351 914 scholis
395 872 686 926 superioribus
727 885 884 926 ponere
931 873 1107 926 possint.
1184 873 1464 927 Adjrmximus
1514 873 1631 926 dein,
1681 874 1937 927 Magistrum

199 948 308 990 serio
354 948 575 1001 invigilare
623 947 794 998 debere,
844 952 892 990 ut
940 948 1135 1002 discipuli
1181 962 1287 1002 pure
1336 953 1378 991 et
1426 952 1541 991 recta
1584 949 1936 1003 pronuntiatione

201 1025 383 1078 patriam
418 1038 539 1067 suam
572 1026 759 1078 linguam
790 1026 1036 1079 loquantur.

338 1107 388 1149 N.
416 1108 515 1151 106.
576 1107 646 1149 Ad
688 1119 786 1160 reg.
812 1108 878 1148 21.
944 1106 989 1147 ln
1031 1106 1109 1147 hac
1151 1110 1194 1148 et
1234 1107 1273 1147 in
1317 1106 1594 1159 sequentibus
1638 1106 1748 1149 notis
1790 1107 1934 1160 agitur

201 1182 251 1224 de
291 1183 526 1236 corrigendi
570 1183 758 1232 ratione,
808 1182 858 1223 de
902 1195 946 1224 re
995 1182 1155 1224 scilicet
1195 1182 1467 1235 gravissima,
1516 1194 1601 1235 qua
1649 1194 1732 1224 una
1773 1181 1936 1225 fructus

202 1258 352 1300 uberes
396 1258 544 1300 afferre
586 1262 728 1313 potest
769 1258 1037 1311 exercitatio,
1090 1257 1371 1300 certissimum
1413 1257 1613 1300 scientiae
1654 1257 1938 1311 acquirendae

201 1333 507 1387 adjumentum.
586 1335 629 1376 P.
672 1335 914 1388 Deputatus
972 1334 1121 1376 Italiae
1168 1336 1467 1375 conservatum
1518 1333 1644 1375 vellet
1699 1334 1936 1387 corrigendi

202 1409 371 1450 modum
413 1410 551 1462 qualis
594 1410 852 1452 describitur
892 1423 976 1463 reg
1011 1412 1084 1460 21,
1133 1414 1180 1451 ut
1221 1422 1276 1451 sc.
1325 1410 1615 1462 »professor
1662 1422 1769 1451 cum
1817 1422 1940 1452 uno-

202 1497 401 1538 quoque
449 1486 689 1539 privatim
737 1490 786 1527 et
833 1486 1093 1528 submissa
1140 1498 1258 1528 voce
1306 1485 1618 1538 scriptiones
1666 1485 1938 1538 corrigat«.

202 1561 292 1603 Hoc
325 1561 433 1602 enim
467 1562 594 1603 utile
628 1561 923 1615 discipulis„
951 1562 1233 1616 jucundum
1266 1561 1586 1615 parentibus.
1654 1561 1711 1603 Et
1743 1561 1938 1615 discipuli

202 1636 372 1689 quidem
405 1637 573 1690 privata
604 1638 863 1679 correctione
898 1638 958 1679 1111
992 1640 1191 1691 possunt,
1231 1641 1278 1678 ut
1310 1636 1440 1678 dubia
1473 1649 1551 1679 sua
1584 1640 1845 1691 proponant,
1892 1640 1940 1678 ut

204 1712 464 1767 dirigantur,
518 1714 829 1756 examinentur:
883 1719 983 1757 tunc
1040 1715 1149 1756 enim
1207 1714 1386 1755 maxime
1441 1713 1655 1766 magistris
1704 1714 1802 1755 11001
1849 1725 1941 1755 sese

205 1792 491 1842 attemperare
515 1790 709 1843 discipuli
732 1791 914 1843 ingenio,
948 1790 1058 1832 unde
1082 1790 1326 1832 animantur
1349 1789 1401 1831 ad
1426 1789 1628 1841 laborem,
1662 1802 1757 1831 cum
1782 1788 1941 1843 vident,

204 1864 349 1905 eodem
384 1878 427 1907 se
459 1866 595 1919 pretio
628 1865 794 1917 haberi,
835 1879 917 1919 quo
952 1866 1039 1907 alii:
1081 1879 1175 1907 cum
1209 1868 1357 1907 contra
1390 1865 1430 1906 in
1477 1864 1810 1907 correctionibus
1851 1868 1943 1906 tan-

205 1945 295 1981 tum
343 1940 520 1993 publicis
568 1954 649 1983 non
696 1942 756 1983 ita
802 1940 923 1983 facile
972 1940 1350 1995 deprehenduntur
1396 1940 1527 1993 pigri,
1588 1943 1737 1993 utpote
1788 1940 1942 1994 quibus

206 2015 404 2068 possibile
438 2015 510 2057 fiat
542 2017 756 2058 occultare
788 2030 910 2058 suam
943 2016 1140 2058 inertiam
1172 2015 1236 2057 vel
1270 2015 1481 2057 offerendo
1515 2028 1622 2069 opus
1654 2015 1790 2058 aliena
1813 2028 1942 2057 manu

205 2091 493 2143 elaboratum,
551 2092 613 2134 vel
668 2092 1054 2146 condiscipulorum
1110 2091 1453 2143 suggestionibus
1503 2091 1543 2132 in
1594 2090 1747 2133 Schola
1795 2090 1945 2133 callide

206 2167 376 2208 utendo.
440 2168 555 2209 Perit
587 2168 714 2209 etiam
747 2167 787 2208 in
821 2164 999 2220 publicis
1044 2166 1376 2208 correctionibus
1408 2166 1480 2208 illa
1513 2166 1773 2207 monitorum
1809 2168 1851 2207 et
1882 2178 1945 2207 re-

206 2242 531 2295 prehensionum
576 2242 932 2295 accommodatio,
981 2242 1091 2295 perit
1132 2242 1205 2283 illa
1244 2242 1286 2283 in
1328 2241 1583 2295 Magistrum
1629 2240 1809 2296 fiducia,
1859 2253 1946 2294 qua

208 2318 342 2359 multa
366 2319 430 2359 vel
461 2318 602 2359 invitis
637 2318 879 2373 elabuntur,
913 2331 947 2358 v>
975 2330 1034 2370 gr.
1068 2317 1222 2370 quibus
1256 2319 1435 2359 utantur
1466 2317 1583 2359 libris
1618 2320 1712 2372 etc,
1747 2328 1946 2369 quaeque

208 2393 375 2436 detecta
414 2394 591 2435 feliciter
631 2394 819 2435 adhiberi
862 2396 1042 2446 possunt
1079 2393 1119 2434 in
1161 2406 1323 2435 morum
1367 2392 1708 2435 emendationem
1751 2391 1815 2433 vel
1851 2403 1946 2433 con—

208 2470 501 2511 servationem.
539 2495 588 2499 —
625 2470 730 2511 Dein
758 2469 1037 2523 jucundum
1070 2472 1153 2511 est
1190 2468 1498 2511 Parentibus
1533 2467 1699 2519 audire,
1734 2469 1944 2521 quantum

209 2544 403 2598 Magistri
434 2549 634 2598 satagant
665 2545 775 2587 circa
797 2545 989 2599 proprios
1014 2558 1160 2586 eorum
1182 2544 1303 2597 filios,
1337 2557 1433 2586 cum
1455 2543 1667 2586 ordinarie
1690 2543 1731 2584 111
1757 2541 1945 2595 acceptis

210 2621 366 2662 referre
390 2621 551 2672 nolunt,
584 2620 696 2673 quod
721 2632 815 2662 cum
839 2620 930 2662 aliis
955 2620 1304 2661 communicatur.
1355 2619 1534 2660 Acuitur
1564 2619 1691 2660 etiam
1716 2620 1944 2671 parentum

211 2696 451 2749 vigilantia,
496 2701 537 2737 et
579 2696 633 2738 ad
675 2696 816 2737 studia
858 2696 1037 2737 incitant
1079 2695 1185 2737 filios
1228 2708 1327 2736 suos
1371 2695 1545 2743 conscii,
1591 2693 1712 2747 quasi
1757 2691 1946 2746 quotidie

214 2772 443 2813 examinari
486 2784 630 2813 eorum
679 2771 950 2824 scriptiones:
993 2772 1161 2812 fovetur
1193 2771 1318 2812 etiam
1354 2770 1698 2823 paedagogorum
1732 2767 1945 2818 alacritas,

212 2860 305 2889 cum
349 2862 370 2889 0
399 2841 641 2901 ¹progressu
686 2848 864 2888 liliorum
909 2846 1157 2900 parentibus
1193 2846 1387 2898 judicare
1419 2844 1580 2896 licebit,
1624 2856 1676 2884 an
1710 2841 1946 2896 paedagogi

213 2923 420 2965 retinendi
467 2924 573 2971 sint,
628 2936 680 2964 an
728 2926 876 2964 contra
924 2922 1187 2968 dimittendi3
1244 2921 1416 2962 tandem
1463 2920 1655 2972 privatae
1702 2916 1945 2971 hujusmodi

212 2999 492 3040 correctiones
550 2998 728 3051 publicis
784 2997 1032 3039 Scholarum
1097 2995 1469 3038 exercitationilms
1529 2994 1778 3047 conjunctae
1837 3004 1946 3033 com-

212 3074 458 3126 plectuntur
498 3073 704 3126 quidquid
748 3078 812 3114 est
858 3073 1055 3114 utilitatis
1098 3076 1187 3112 tum
1230 3072 1269 3111 in
1311 3069 1511 3123 publicis,
1555 3072 1644 3109 tum
1687 3068 1728 3109 111
1770 3066 1945 3119 privatis

215 3149 565 3190 institutionilms.
605 3175 652 3178 ψ
688 3149 767 3190 Alii
803 3149 880 3189 I'P.
917 3148 1119 3201 Deputati
1153 3159 1295 3187 omnes
1328 3145 1574 3198 primarium
1608 3147 1650 3185 et
1683 3141 1945 3183 ordinarium
