2164 3535
763 234 837 268 Das
863 231 1124 267 Theresianum
1149 230 1186 263 in
1213 229 1330 263 Wien.
1824 227 1906 268 339

323 378 522 420 Gravitas
565 378 758 417 mutatur
800 387 876 428 pro
918 373 1086 415 diversa
1124 384 1149 413 a
1189 372 1333 412 centro
1382 371 1522 409 terrae
1571 365 1793 413 distantia,
1846 364 1909 406 vel

183 466 357 495 accessu
390 453 442 494 ad
476 453 639 505 majora
671 462 859 503 corpora.

321 528 526 570 Consistit
557 527 700 578 itaque
734 525 919 577 gravitas
952 524 991 564 in
1026 523 1116 575 lege
1150 521 1291 574 aliqua
1314 517 1565 570 Universali‚
1599 516 1637 556 vi
1671 515 1789 568 cujus
1818 526 1907 555 cor-

184 616 288 657 pora
321 602 461 644 omnia
494 602 546 642 ad
582 614 626 642 se
668 601 844 641 invicem
888 598 1103 651 gravitant
1144 597 1184 638 in
1229 595 1391 637 ratione
1434 592 1648 646 reciproca
1694 589 1909 642 duplicata

182 678 498 726 distantiarum,
533 679 575 717 et
608 675 770 716 directa
804 673 981 726 simplici
1015 683 1267 713 massarum.

799 937 869 978 De
910 934 1283 977 elasticitate.

875 1015 1230 1067 Quaestiones.

324 1115 432 1166 Quid
466 1126 617 1167 corpus
652 1111 919 1154 Elasticum‘?

323 1191 439 1241 Quae
472 1188 780 1231 Elasticitatern
814 1185 1002 1238 augent?
1035 1195 1143 1237 quae
1177 1181 1405 1223 minuunt?

875 1425 1219 1469 Assertiones.

324 1530 567 1571 Elasticitas
608 1540 689 1569 non
731 1527 965 1581 explicatur
1007 1538 1082 1578 per
1124 1523 1353 1577 impulsum
1400 1520 1516 1562 fluidi
1563 1518 1784 1573 cujusdam
1831 1530 1907 1559 seu

187 1606 312 1652 aerei,
346 1619 421 1647 seu
453 1605 662 1649 aetherei:

323 1681 469 1733 Neque
502 1693 575 1733 per
607 1680 716 1720 vires
751 1678 1000 1720 attractivas
1035 1676 1246 1718 Newtoni:
1291 1674 1365 1717 sed
1408 1687 1483 1727 per
1523 1675 1683 1714 certum
1725 1670 1904 1723 gradum

187 1756 428 1808 rigiditatis,
460 1759 503 1796 et
532 1754 805 1796 flexibilitatis
837 1753 1024 1806 partium
1057 1752 1237 1793 multum
1270 1751 1376 1803 ignis
1410 1747 1779 1801 intercipientium.

745 2019 814 2060 De
853 2018 1020 2059 calore
1058 2019 1106 2058 et
1143 2016 1350 2067 frigore.

875 2097 1218 2140 Assertiones.

329 2205 454 2247 Calor
471 2205 663 2247 consistit
681 2205 721 2245 in
735 2208 853 2245 motu
866 2204 1052 2257 partium
1066 2202 1253 2255 corporis
1267 2214 1315 2242 ex
1329 2199 1661 2242 osculationibus
1682 2200 1790 2251 ignis
1804 2203 1910 2241 orto.

327 2280 367 2321 Si
404 2284 543 2321 motus
575 2279 704 2320 fuerit
736 2279 839 2320 adeo
874 2278 1109 2325 vehemens,
1143 2281 1191 2318 ut
1223 2280 1342 2318 extra
1375 2276 1599 2329 sphaeram
1632 2288 1735 2316 suae
1768 2274 1911 2315 activi-

189 2355 291 2396 tatis
324 2355 521 2396 minimae
555 2354 742 2407 corporis
774 2356 918 2406 partes
951 2353 1185 2405 ejiciantur,
1218 2351 1298 2393 erit
1329 2350 1576 2391 combustio.

330 2430 482 2482 Frigus
515 2430 663 2479 oritur,
699 2428 769 2469 ubi
804 2430 943 2469 motus
976 2427 1161 2480 partium
1196 2425 1415 2467 remiserit.
1482 2425 1587 2466 Hinc

690 2693 1030 2743 Quaestiones
1070 2690 1414 2733 resolventur.

331 2798 416 2840 Cur
448 2811 625 2851 corpora
658 2797 866 2851 quaedam
900 2797 1048 2850 magis,
1081 2797 1219 2838 minus
1252 2797 1334 2838 alia
1365 2796 1656 2838 incalescunt?

334 2873 419 2914 Cur
451 2873 587 2914 calida
618 2873 930 2926 expanduntur,
963 2876 1003 2913 et
1037 2872 1303 2925 evaporant‘.>

333 2947 441 2997 Quid
474 2947 668 2989 machina
700 2947 962 3001 Papiniana‘?
995 2947 1066 2999 qui
1100 2947 1190 3000 ejus
1224 2946 1431 2988 effectus?

336 3021 444 3071 Quid
487 3021 853 3064 Thermometrum
896 3021 1243 3064 Drebellianum‘?
1314 3022 1605 3064 Florentinum
1648 3025 1689 3064 et
1730 3023 1913 3066 Fahren-

193 3095 427 3137 heitianum
439 3097 458 3137 ἶ)

332 3170 448 3222 Quae
480 3171 587 3213 ratio
620 3172 721 3215 haec
754 3172 1039 3228 construendi,
1073 3176 1116 3214 et
1147 3174 1342 3229 calorem,
1377 3174 1561 3227 frigusve
1594 3176 1867 3228 explorandi?

1638 3245 1705 3279 22*
