2164 3535
254 189 335 230 »228
787 183 1063 226 Heranbildung
1088 183 1152 218 der
1176 184 1316 219 Lehrer
1345 186 1442 219 1622.

253 340 336 381 quo
369 339 413 370 se
444 327 571 370 miser
602 327 767 369 vertet?
827 325 1125 369 Domumne‘P«
1162 351 1211 356 —
1246 329 1284 379 c)
1318 327 1487 370 Utendo
1521 329 1688 372 diversa
1716 332 1900 373 formula
1929 331 1972 373 in

253 403 399 445 eodem
443 406 716 457 argumento,
763 415 798 443 v.
842 415 902 455 gr.
937 402 1147 445 Isocrates
1189 403 1229 443 in
1272 403 1441 445 Nicocle
1482 404 1661 447 laudans
1703 411 1973 449 monumenta

254 479 476 521 doctorum
515 477 751 529 hominum,
794 477 973 519 contulit
1014 490 1063 519 ea
1095 490 1189 519 cum
1222 479 1398 529 statuis,
1442 480 1517 521 sed
1549 481 1795 534 simpliciter
1826 495 1977 536 propo-

253 554 408 603 nendo,
443 554 600 601 Cicero,
633 556 804 595 servato
827 553 973 594 eodem
997 557 1247 606 argumento
1270 555 1451 596 mutavit
1473 554 1698 598 formulam
1719 569 1796 610 pro
1819 556 1975 599 Archia

253 634 396 683 poeta:
430 642 480 670 an
515 641 609 670 cum
642 631 808 670 statuas
841 632 884 670 et
914 628 1119 681 imagines
1152 641 1234 670 non
1268 630 1507 672 animorum
1539 631 1766 674 simulacra
1794 632 1867 674 sed
1890 645 1979 674 cor-

252 718 416 758 porum.
480 705 604 759 Apud
636 704 849 746 Catullum
890 704 931 746 in
970 704 1128 758 nuptiis
1169 704 1353 747 Ariadne
1395 718 1517 747 suam
1559 707 1667 748 iram
1707 707 1892 749 ostendit
1934 708 1976 749 in

254 781 485 836 Theseum,
520 779 652 822 feram
685 780 888 833 originem
920 780 979 821 illi
1012 779 1257 833 objiciendO.
1321 781 1480 823 Eodem
1515 781 1637 823 modo
1670 782 1778 823 Dido
1809 782 1976 825 Aeneae

253 856 321 898 lib.
346 859 392 907 4,
435 856 509 898 sed
541 856 709 898 diversa
739 855 932 897 formula.
997 854 1208 897 Catullus:
1252 855 1496 906 »Quaenam
1528 861 1569 898 te
1602 857 1747 910 genuit
1777 858 1866 900 sola
1899 858 1977 900 sub

253 945 358 985 rupe
396 931 603 974 leaenaP«
667 916 887 984 Virgilius:
938 930 1057 972 »Non
1096 931 1172 972 tibi
1212 931 1308 973 diva
1347 945 1500 985 parens
1535 933 1719 985 generis,
1758 945 1840 975 non
1872 933 1978 975 Dar-

253 1007 390 1049 danus
423 1008 656 1061 auctor.«¹)

390 1084 441 1125 39
474 1083 536 1125 De
568 1083 737 1125 verbis
770 1087 810 1124 et
844 1082 1122 1136 phrasibus
1156 1081 1331 1124 dubium
1364 1095 1445 1124 non
1479 1086 1556 1139 est,
1590 1085 1691 1137 quin
1723 1084 1784 1126 ita
1815 1096 1837 1125 e
1861 1083 1975 1126 Cice-

257 1171 359 1201 rone
391 1159 476 1213 peti
509 1159 692 1212 possint,
728 1162 792 1212 ut,
826 1158 939 1211 quod
972 1160 1031 1200 ait
1062 1158 1087 1199 l.
1125 1170 1157 1200 c.
1222 1158 1412 1212 Lipsius,
1448 1172 1524 1201 >ex
1556 1160 1750 1202 Tulliana
1788 1172 1979 1214 purpura

253 1238 472 1277 centonem
504 1233 747 1275 faciamus«.
802 1233 1005 1287 Exemplo
1038 1237 1180 1286 potest
1201 1247 1291 1275 esse
1317 1235 1532 1290 Virgilius,
1564 1248 1688 1289 quem
1712 1248 1838 1289 saepe
1861 1235 1979 1277 dimi-

253 1310 403 1361 diatos,
437 1322 562 1364 saepe
593 1310 780 1362 integros
814 1321 961 1351 versus
994 1321 1043 1350 ex
1063 1309 1214 1357 Ennio,
1247 1322 1296 1350 ex
1319 1310 1516 1352 Lucretio
1540 1312 1771 1365 sumpsisse
1795 1314 1975 1367 constat,

252 1397 358 1439 quos
390 1386 481 1438 lege
514 1384 626 1439 apud
660 1385 855 1426 Fulvium
891 1384 1082 1425 Visinum
1116 1384 1156 1425 in
1182 1385 1295 1438 Virg.
1331 1398 1424 1427 cum
1457 1385 1630 1428 Graecis
1663 1386 1828 1429 collato.
1892 1386 1975 1429 Ubi

252 1474 352 1514 ergo
393 1460 601 1514 pagellam
643 1460 829 1514 aliquam
871 1460 911 1501 in
946 1459 1146 1502 Cicerone
1185 1460 1434 1515 legerimus,
1478 1464 1575 1503 ante
1608 1462 1747 1503 omnia
1779 1462 1979 1504 memoria

254 1537 363 1578 circa
404 1536 506 1578 haec
544 1536 710 1589 singula
748 1535 1000 1587 exercenda,
1041 1535 1190 1577 deinde
1223 1535 1470 1591 videndum,
1509 1549 1694 1589 quonam
1727 1550 1775 1579 ex
1807 1537 1976 1579 usitatis

253 1611 386 1653 modis
419 1612 482 1653 uti
514 1611 691 1665 possim,
730 1612 875 1653 statim
907 1611 949 1652 id
981 1611 1171 1653 faciendo
1208 1611 1249 1652 in
1283 1623 1365 1652 uno
1399 1611 1463 1652 vel
1496 1611 1629 1653 altero
1669 1612 1878 1666 exemplo,
1918 1612 1978 1654 ita

254 1690 302 1727 ut
332 1700 407 1740 per
438 1686 561 1739 diem,
594 1699 676 1741 quo
709 1699 826 1729 mens
859 1687 998 1728 minus
1031 1689 1096 1729 est
1129 1690 1349 1741 occupata,
1385 1686 1539 1728 habeat
1571 1688 1636 1730 vel
1658 1687 1872 1729 eruditum
1906 1687 1979 1729 ali-

253 1775 377 1815 quem
411 1766 679 1816 conceptum,
719 1762 783 1803 vel
815 1762 1040 1804 formulam
1074 1762 1178 1804 bene
1211 1762 1593 1818 accommodatam,
1627 1776 1662 1804 v.
1696 1763 1869 1816 phrasin
1902 1767 1978 1805 aut

253 1837 507 1891 elegantiam
548 1837 741 1880 dictionis
781 1841 894 1879 recte
934 1841 1208 1891 usurpatam,
1252 1850 1379 1891 quam
1412 1838 1608 1880 ruminet.
1672 1838 1762 1889 Quo
1795 1837 1888 1893 fiet,
1931 1842 1979 1880 ut

254 1913 370 1955 nulla
409 1913 588 1955 materia
618 1913 795 1967 proponi
828 1913 980 1967 possit„
1022 1913 1122 1966 quin
1156 1912 1416 1963 noverimus,
1456 1913 1610 1966 quibus
1643 1913 1902 1966 argumentis
1934 1913 1975 1955 in

254 1988 328 2030 tali
361 1989 540 2031 materia
574 1989 633 2030 uti
666 1988 802 2031 soleat
834 1988 994 2044 Cicero,
1026 1988 1238 2042 quomodo
1272 1988 1432 2044 efferre,
1466 1988 1677 2042 quomodo
1711 2001 1874 2031 ornare.

392 2065 531 2117 Atque
562 2064 665 2106 haec
698 2063 750 2106 de
780 2064 851 2114 iis,
894 2076 1003 2117 quae
1035 2063 1255 2106 exercendi
1291 2064 1375 2105 stili
1410 2076 1539 2106 causa
1568 2064 1779 2117 leguntur.
1842 2064 1975 2119 Adde,

255 2140 289 2182 si
329 2140 485 2194 placet,
527 2140 731 2182 Benzium
774 2140 825 2182 de
867 2139 1018 2193 sty102)
1060 2143 1102 2182 et
1141 2139 1387 2192 scriptione.
1431 2142 1472 2181 et
1509 2139 1586 2181 Iul.
1622 2139 1857 2192 Nigronum
1897 2139 1975 2194 [in]

256 2216 446 2258 oratione
478 2215 529 2257 de
560 2216 726 2271 sty103).

398 2357 423 2400 l)
450 2356 549 2400 Virg.
576 2356 666 2390 Aen.
694 2355 714 2390 1.
734 2359 766 2399 4,
791 2357 943 2399 365sqq.
971 2376 1014 2380 —
1040 2354 1170 2389 Catull.
1197 2354 1356 2399 Epithal.
1386 2358 1536 2400 149sqq.

394 2427 422 2470 2)
447 2427 601 2462 Franc.
628 2425 762 2461 Benci
791 2426 824 2460 S.
842 2426 876 2460 J.
904 2425 1206 2470 (Aquapendente
1228 2428 1326 2468 1542,
1349 2427 1447 2469 1570,
1477 2428 1577 2468 1594)
1597 2425 1739 2460 schrieb
1758 2425 1837 2459 eine
1856 2424 1978 2469 dispu-

257 2485 345 2522 tatio
374 2486 417 2521 de
438 2485 528 2530 stylo
547 2490 582 2519 et
599 2485 805 2531 scriptione,
832 2485 964 2519 welche
990 2484 1058 2519 den
1076 2484 1227 2519 meisten
1247 2484 1442 2527 Ausgaben
1462 2484 1579 2518 seiner
1598 2483 1733 2527 Redeu,
1759 2483 1825 2518 wie
1843 2483 1978 2517 Romae

262 2547 360 2588 1590,
387 2544 533 2588 Ingolst.
563 2547 660 2589 1592,
689 2547 776 2580 1599
804 2555 837 2578 u.
857 2554 882 2578 s.
903 2554 943 2578 w.
970 2543 1154 2587 beigefugt
1179 2542 1236 2578 ist.

393 2615 422 2659 3)
448 2614 592 2649 Iulius
630 2615 833 2659 Negrone
871 2614 1113 2658 (Nigronius)
1153 2613 1186 2648 S.
1212 2613 1247 2648 J.
1285 2613 1434 2657 (Genua
1464 2615 1566 2655 1553,
1601 2614 1624 2656 †
1662 2612 1767 2655 1625)
1799 2610 1977 2658 Philolog,

258 2673 476 2717 Archaolog,
503 2673 665 2717 Theolog
691 2673 762 2708 und
788 2675 909 2709 Ascet.
962 2693 1004 2698 —-
1054 2672 1161 2707 Iulii
1187 2671 1385 2715 Negroni
1413 2670 1445 2705 S.
1465 2670 1499 2704 J.
1528 2670 1717 2704 Orationes
1751 2669 1908 2713 quinque
1943 2673 1980 2704 et

258 2731 393 2775 viginti.
438 2731 541 2766 Nunc
568 2732 720 2776 primum
747 2732 875 2767 editae.
915 2731 1113 2766 Mediolani
1134 2733 1231 2774 1609,
1257 2730 1312 2764 40.
1341 2750 1381 2754 -—
1408 2727 1630 2772 Recognitae
1646 2727 1857 2770 Moguntiae
1880 2729 1979 2770 1610,

257 2792 311 2825 80.
347 2811 390 2816 ——
424 2790 528 2824 Nunc
554 2790 708 2834 primum
734 2791 770 2824 in
797 2790 949 2834 gratiam
976 2788 1216 2824 studiosorum
1243 2788 1278 2821 in
1305 2786 1429 2829 Belgio
1457 2786 1593 2831 editae,
1621 2790 1655 2819 et
1680 2786 1725 2819 ab
1751 2790 1897 2819 auctore
1922 2794 1977 2818 re-

257 2849 431 2892 cognitae.
482 2848 598 2883 Duaci
628 2852 725 2892 1614,
756 2850 828 2883 120.
856 2859 914 2892 pp.
933 2849 1010 2883 762.
