2164 3535
736 229 811 263 Das
838 227 1099 262 Theresianum
1126 226 1162 259 in
1188 225 1307 259 Wien.
1798 225 1878 265 351

296 371 374 413 Cui
406 372 561 411 natura
587 369 658 422 J'us
688 367 818 409 maris
851 370 893 408 et
924 366 1200 407 indivisarum
1233 377 1372 406 rerum
1408 363 1580 416 reliquit
1612 362 1883 404 Dominium‘?

294 446 410 496 Quae
455 444 511 485 sit
556 455 685 485 causa
730 454 805 484 cur
850 441 902 482 ad
950 440 1263 483 restitutionem
1316 438 1522 492 injurians
1578 437 1789 489 obligetur
1842 440 1884 477 et

153 521 357 575 quando?

297 595 407 645 Quid
450 591 719 644 Philosophia
762 590 956 633 moralis,
999 602 1108 642 quae
1145 593 1309 642 partes,
1352 589 1465 641 quod
1505 587 1768 640 singularum
1812 586 1882 627 ob—

147 672 324 725 jectum,
348 664 453 722 'quis
485 668 612 709 finis?

293 744 409 794 Quae
441 743 526 785 sint
557 741 739 782 maxima
770 739 982 781 felicitatis
1016 738 1210 791 publicae
1242 738 1554 778 instrumenta?

294 817 512 868 Quomodo
554 815 712 867 Religio
752 818 949 856 censetur
992 813 1175 865 primum
1214 813 1485 865 Reipublicae.
1529 812 1882 854 fundamentum?

294 894 429 943 Quam
461 891 650 944 graviter
681 894 832 931 noceat
862 889 1027 943 patriae
1061 888 1346 941 Superstitio?
1826 885 1834 894 ’

296 968 381 1009 Cur
411 965 668 1008 mutationes
701 965 741 1006 in
775 964 990 1017 Religione
1023 965 1197 1004 externa
1229 975 1372 1004 omnes
1406 963 1603 1005 vitandae
1616 964 1634 1004 ἶ)

293 1042 380 1084 Cur
418 1041 728 1095 disputationes
771 1037 1126 1091 supprimendae‘?
1189 1037 1274 1079 Cur
1316 1041 1457 1079 tamen
1500 1038 1661 1079 Ectesis
1696 1038 1878 1079 Heraclii

154 1122 196 1161 et
229 1119 371 1172 Typus
405 1116 648 1158 Constantis
682 1114 909 1167 reprobata
941 1113 1068 1154 sunt‘?

293 1194 355 1234 An
395 1192 438 1233 in
478 1191 726 1233 Haereticos
765 1189 981 1231 saeviatur
1017 1188 1164 1241 juste?
1212 1200 1287 1229 cur
1328 1192 1470 1229 tamen
1514 1191 1702 1240 praestet
1740 1187 1880 1229 mode-

154 1269 317 1311 ratione
350 1280 445 1310 cum
475 1267 526 1308 iis
560 1266 651 1307 uti‘?

293 1342 401 1394 Quid
433 1341 485 1383 de
517 1340 723 1383 Aerario?

291 1421 354 1459 An
378 1415 582 1458 Thesauri
614 1416 655 1457 in
689 1415 852 1457 aerario
885 1414 919 1456 si
951 1416 1257 1455 conserventur
1289 1413 1420 1460 nimii,
1454 1412 1495 1453 id
1527 1426 1609 1454 non
1641 1426 1767 1466 saepe
1790 1414 1884 1455 Rei-

154 1493 349 1546 publicae
381 1492 522 1534 obsit?

295 1568 403 1619 Quid
437 1568 488 1610 de
520 1567 707 1609 fontibus
740 1567 912 1613 aerarii,
946 1566 1223 1619 vectigalibus
1256 1565 1506 1619 praesertim
1540 1570 1582 1606 et
1614 1566 1810 1614 tributis,
1845 1569 1887 1606 et

154 1657 263 1697 quae
295 1644 406 1685 circa
437 1642 540 1684 haec
569 1642 886 1684 observationes
919 1641 1095 1683 civiles‘?

293 1718 512 1769 Quomodo
539 1718 709 1770 justitia
740 1720 804 1759 est
836 1716 1007 1757 Patriae
1038 1716 1310 1758 necessaria?

296 1794 511 1844 Quantum
544 1791 848 1835 commutativa
881 1791 1015 1843 prosit
1048 1791 1101 1832 ad
1133 1803 1276 1832 veram
1308 1791 1571 1843 potentiam?

294 1868 411 1918 Quae
441 1868 483 1909 in
510 1867 679 1921 justitia
712 1866 983 1908 distributiva
1015 1869 1056 1907 et
1088 1865 1341 1906 vindicativa
1374 1864 1668 1906 observanda‘.>

295 1943 412 1994 Quae
444 1946 544 1984 sunt
574 1941 712 1984 media
744 1941 897 1994 quibus
929 1940 1199 1993 Reipublicae
1231 1940 1382 1981 crescit
1413 1939 1628 1992 potentia?

298 2029 437 2080 Quare
469 2027 696 2070 multitudo
729 2027 872 2080 populi
906 2028 970 2068 est
1002 2026 1285 2068 certissimum
1318 2027 1532 2079 potentiae
1572 2026 1794 2073 indicium,
1838 2030 1883 2067 ut

157 2117 204 2146 ex
240 2104 434 2146 omnibus
468 2103 667 2145 Historiis
699 2102 940 2155 colligitur?

302 2190 518 2240 Quomodo
552 2189 882 2243 deprehenditur
915 2188 1008 2230 huic
1042 2200 1123 2229 non
1158 2187 1322 2230 officere
1355 2190 1418 2230 vel
1451 2189 1649 2231 restituta
1673 2188 1725 2229 ab
1750 2188 1885 2229 Evan-

159 2265 266 2318 gelio
300 2264 582 2319 Monogamia,
616 2264 680 2305 vel
712 2263 980 2304 introductus
1013 2263 1065 2304 ab
1098 2263 1287 2305 Ecclesia
1319 2263 1562 2305 Caelibatus
1595 2263 1740 2304 sacer?

298 2351 377 2401 Qui
409 2354 510 2393 sunt
541 2350 645 2392 varii
678 2350 718 2391 in
750 2349 983 2402 Republica
1014 2349 1169 2390 civium
1202 2349 1395 2391 ordines?

296 2436 376 2487 Qui
408 2440 567 2490 augent
597 2439 764 2478 tantum
797 2439 839 2477 et
870 2435 942 2488 qui
975 2439 1228 2477 conservant
1256 2435 1458 2486 Patriam,
1492 2448 1623 2489 quare
1657 2435 1707 2477 de
1740 2436 1884 2489 primis

158 2511 487 2565 multiplicandis
519 2524 601 2554 non
635 2515 777 2554 autem
810 2511 1006 2554 secundis
1040 2514 1104 2552 est
1135 2511 1441 2553 laborandum?

299 2599 384 2640 Cur
416 2598 635 2651 Agricolae
667 2602 767 2641 sunt
809 2597 1177 2652 praestantissima
1210 2598 1360 2640 civium
1399 2599 1556 2653 portio,
1597 2602 1639 2641 et
1670 2600 1771 2653 quid
1804 2600 1883 2641 illis

159 2673 363 2717 debetur?

297 2760 405 2811 Quid
428 2761 479 2804 de
512 2762 729 2815 opificibus
762 2766 803 2804 et
836 2762 1144 2805 mercatoribus
1175 2762 1424 2811 notandum„
1457 2767 1498 2804 et
1521 2761 1622 2815 quid
1655 2774 1751 2803 vere
1775 2774 1883 2802 com-

159 2835 362 2877 mercium
396 2836 576 2878 dicitur?

298 2921 408 2972 Quid
440 2922 491 2964 de
516 2923 713 2976 Legibus,
746 2922 1084 2975 Magistratibus,
1117 2924 1294 2966 Militia?
1338 2936 1446 2977 quae
1479 2923 1604 2964 debet
1635 2923 1759 2964 hodie
1792 2935 1883 2964 esse

159 2997 379 3050 proportio
412 2997 591 3038 militum
624 2998 677 3039 ad
710 2998 844 3040 cives?

299 3071 401 3121 Quis
432 3072 566 3114 bonus
598 3072 686 3115 vir?
733 3073 827 3125 quis
860 3073 994 3114 bonus
1027 3073 1152 3115 civis?

298 3146 414 3196 Quae
446 3147 711 3189 subditorum
745 3148 784 3188 in
819 3148 1054 3200 Principem
1086 3148 1247 3191 officia?
