2164 3535
603 216 799 259 Catalogus
827 219 1026 260 perpetuus
1051 214 1180 250 Rheni.
1232 216 1330 250 1622.
1773 215 1825 254 27

101 355 401 399 Emmanuelis.
444 380 494 386 —-
538 355 738 397 Isocratis
772 355 1003 408 Evagoras.
1047 379 1097 386 —-
1137 352 1398 406 Phocylides.
1441 376 1489 382 —-
1535 351 1733 405 Syntaxis
1765 362 1826 403 gr.

101 430 303 474 Gretseri.
341 454 391 461 -
425 429 651 472 Rhetorica
683 429 831 472 Soarii.

599 557 644 597 in
684 568 918 610 suprema
958 555 1330 609 grammaticae.

237 648 449 690 Ciceronis
472 647 607 700 Epist.
643 647 696 689 ad
728 647 826 688 fam.
860 646 966 688 liber
1000 648 1151 688 7—10.
1198 671 1247 676 —-
1294 644 1515 686 Paradoxa
1546 646 1589 685 et
1620 642 1829 684 somnium

102 723 322 776 Scipionis.
366 747 415 753 -——
457 722 620 775 Virgilii
654 721 861 763 Aeneidos
896 721 1002 763 liber
1034 724 1069 762 7.
1118 746 1167 751 -—
1212 721 1474 762 Selectorum
1507 731 1633 760 carm.
1667 730 1766 770 pars
1790 717 1828 758 3.

102 822 152 828 —
188 797 477 839 Emmanuelis
509 796 697 850 syntaxis
730 809 823 838 cum
857 808 951 848 app.
985 795 1099 837 tertii
1130 795 1306 848 generis.
1356 819 1404 824 -
1448 793 1591 846 Ejusd.
1626 791 1831 834 Prosodia

100 872 174 913 lat.
202 896 248 901 —
273 872 452 913 Pontani
476 872 699 925 Progymn.
735 870 813 911 vol.
848 870 1093 912 secundum.
1118 894 1168 900 —
1194 870 1380 911 Gramm.
1414 881 1473 921 gr.
1511 868 1599 910 Jac.
1625 865 1828 909 Gretseri.

104 971 153 977 —
191 946 517 1001 Chrysostomus
549 946 600 988 de
633 945 864 987 Ebrietate.

634 1085 680 1125 in
721 1083 884 1125 media
922 1083 1297 1136 grammaticae.

241 1176 453 1219 Ciceronis
486 1176 621 1230 Epist.
662 1175 715 1217 ad
755 1175 852 1216 fam.
896 1174 1004 1217 liber
1037 1176 1087 1215 15
1121 1178 1164 1215 et
1198 1176 1261 1215 16.
1330 1198 1379 1204 -
1444 1172 1582 1215 Ovidii
1615 1171 1666 1213 de
1697 1172 1833 1215 Ponto

100 1251 206 1293 liber
237 1253 275 1292 2.
311 1275 360 1280 —
396 1250 647 1293 Catechismi
680 1249 820 1303 graeci
854 1261 941 1302 cap.
976 1249 1001 1289 4
1034 1251 1077 1290 et
1108 1249 1146 1289 5.
1181 1272 1234 1278 ——
1267 1248 1555 1289 Emmanuelis
1589 1247 1706 1300 Synt.
1741 1247 1830 1288 sine

100 1339 195 1380 app.
229 1325 343 1367 tertii
375 1325 551 1379 generis.
615 1323 929 1366 Grammaticae
962 1322 1119 1364 latinae
1151 1322 1362 1375 repetitio.
1415 1347 1462 1351 -
1517 1320 1697 1363 Pontani
1731 1321 1833 1363 Pro—

100 1414 239 1456 gymn.
271 1400 349 1443 vol.
387 1403 422 1442 1.
459 1425 508 1430 —-
543 1399 732 1442 Gretseri
765 1398 1023 1441 Rudimenta
1055 1410 1150 1439 cum
1182 1397 1321 1439 verbis
1353 1397 1394 1439 in
1423 1413 1480 1450 μι.

912 1629 1034 1670 1632.

796 1712 840 1751 in
882 1710 1147 1751 rhetorica.

240 1802 454 1844 Ciceronis
486 1803 726 1844 orationum
759 1802 837 1843 vol.
876 1804 931 1844 ΙΨ
977 1826 1025 1831 -
1070 1800 1340 1842 Partitiones.
1490 1799 1554 1840 De
1586 1798 1710 1841 claris
1742 1811 1834 1840 ora-

103 1877 280 1919 toribus.
327 1902 376 1907 —
421 1877 587 1920 Horatii
622 1877 866 1919 Carminum
898 1876 1004 1918 liber
1036 1877 1075 1917 2.
1120 1900 1169 1905 -—
1215 1875 1398 1916 Senecae
1430 1874 1593 1915 Medea.
1649 1898 1698 1903 —
1753 1874 1834 1915 De-

102 1952 331 1994 mosthenis
365 1952 640 2006 Olynthiacae
681 1956 779 1995 tres.
846 1976 894 1981 —
959 1950 1173 2004 Chrysost.
1216 1949 1285 1990 lib.
1324 1952 1341 1990 1
1386 1948 1436 1990 de
1475 1948 1725 1990 sacerdotio.
1780 1972 1829 1978 —

104 2027 277 2069 Homeri
314 2027 470 2070 Iliados
512 2027 730 2081 septimus.
797 2052 846 2057 —-
910 2026 1169 2080 Epigramm.
1210 2037 1346 2078 graec.
1382 2037 1480 2078 pars
1518 2025 1566 2065 1⁴³}
1638 2048 1686 2053 -
1751 2022 1833 2063 Titi

102 2102 210 2144 Livii
243 2102 365 2144 decas
400 2104 450 2144 1⁵2*
504 2127 553 2132 —
607 2102 695 2144 Jac.
732 2101 922 2143 Gretseri
956 2099 1159 2142 Prosodia
1191 2113 1251 2152 gr.
1306 2124 1357 2128 —
1411 2098 1664 2139 Rhetoricae
1696 2096 1834 2138 Soarii

103 2176 314 2231 repetitio.

769 2283 814 2323 Ιη
855 2281 1173 2322 humanitate.

243 2372 454 2415 Ciceronis
487 2372 751 2414 Tusculanae
783 2371 1065 2425 quaestiones.
1122 2396 1169 2401 —
1224 2371 1306 2411 Pro
1340 2370 1504 2411 Archia.
1566 2395 1614 2400 —-
1668 2368 1833 2421 Virgilii

104 2447 274 2490 Aeneid.
316 2448 341 2489 l.
380 2448 512 2489 1—3.
568 2473 617 2478 —
672 2447 880 2488 Martialis
917 2447 942 2488 l.
981 2449 1027 2488 11
1071 2449 1113 2488 et
1147 2448 1211 2487 12.
1268 2470 1316 2474 —-
1371 2444 1595 2486 Tursellini
1636 2444 1833 2496 Epitome

103 2522 389 2564 historiarum.
433 2547 481 2552 -—
524 2522 812 2564 Emmanuelis
844 2521 1060 2563 Prosodia.
1105 2546 1156 2550 —
1196 2521 1324 2562 Isocr.
1361 2519 1413 2561 ad
1447 2519 1736 2561 Demonicum.
1780 2543 1830 2548 ——

104 2597 324 2650 Theognis.
362 2621 411 2627 -
446 2597 535 2639 Jac.
569 2596 760 2639 Gretseri
794 2600 901 2650 synt.
937 2608 997 2649 gr.
1033 2620 1082 2625 ———
1118 2595 1346 2637 Rhetorica
1378 2594 1526 2636 Soarii.

606 2735 650 2776 Ιη
689 2746 923 2788 suprema
962 2734 1335 2787 grammaticae.

243 2825 454 2868 Ciceronis
487 2825 620 2880 Epist.
658 2825 711 2867 ad
742 2826 870 2867 famil.
904 2825 929 2866 l.
964 2825 1085 2866 1-3.
1121 2849 1170 2855 ——
1206 2824 1309 2865 Cato
1342 2823 1477 2876 major
1509 2823 1559 2863 de
1591 2822 1832 2864 Senectute.

108 2925 157 2930 —
191 2900 355 2952 Virgilii
389 2900 690 2953 Georgicorum
722 2900 793 2941 lib.
827 2902 863 2941 4.
908 2924 957 2929 —-
1002 2898 1264 2941 Selectorum
1297 2898 1530 2939 carminum
1562 2909 1662 2950 pars
1698 2898 1747 2938 1²?
1780 2920 1829 2925 -

105 2974 390 3016 Emmanuelis
428 2977 536 3028 synt.
577 2987 671 3017 cum
712 2988 806 3028 app.
850 2973 965 3016 tertii
1007 2973 1184 3026 generis.
1256 2972 1401 3026 Ejusd.
1445 2971 1620 3013 Prosod.
1662 2971 1735 3012 lat.
1780 2994 1829 2999 -—

103 3049 283 3091 Pontani
324 3050 548 3103 Progymn.
593 3050 787 3092 volumen
829 3051 865 3090 2.
932 3073 981 3079 —-
1044 3048 1135 3090 Jac.
1177 3047 1365 3090 Gretseri
1407 3047 1628 3100 grammat.
1673 3058 1734 3098 gr.
1781 3068 1826 3073 —

105 3123 312 3176 Aesopus.
