2164 3535
1024 185 1043 197 R-

236 259 316 299 146
478 256 643 292 Oeffentl.
669 255 870 298 Uebungen
896 265 927 289 a.
954 255 986 289 d.
1014 255 1140 299 Gymn.
1167 255 1199 289 d.
1224 256 1393 291 Jesuiten
1418 257 1454 291 in
1481 258 1591 293 Coelu
1620 262 1719 295 1753.

737 478 968 521 Nomina
1007 477 1454 522 defendentium.

875 581 953 623 Die
985 582 1023 622 6.
1044 581 1316 635 Septembris.

818 676 979 718 Mane
1024 675 1088 717 ab
1137 675 1372 718 Octava.

230 793 437 835 Antonius
484 791 734 834 Bauduinus
783 791 1038 834 Benedictus
1086 790 1263 845 Spirlet,
1318 792 1471 849 Poeta,
1525 794 1587 835 De
1636 793 1800 847 Mappis
1849 793 1956 836 Geo-

345 867 568 921 graphicis.

229 943 436 996 Georgius
470 943 647 985 Carolus
680 943 724 985 L.
760 942 808 983 B.
843 943 894 984 de
925 943 1116 991 Martial,
1150 956 1198 984 ex
1231 943 1550 997 Birtinckoven,
1596 943 1859 999 Syntaxista‚
1892 944 1954 986 De

343 1018 531 1072 Sphaera
565 1019 766 1061 armillari
798 1022 840 1060 et
871 1017 1005 1060 Globo
1039 1019 1260 1060 Terrestri.

227 1095 406 1136 Ioannes
441 1094 654 1148 Casparus
688 1094 930 1149 Cohausen,
963 1093 1183 1144 Confluus„
1218 1093 1419 1146 LogicUS,
1454 1094 1515 1135 De
1548 1093 1683 1136 Globo
1716 1098 1758 1136 et
1786 1094 1952 1149 Mappis

343 1169 659 1223 Geographicis.

226 1245 404 1287 Ioannes
447 1245 693 1288 Theodorus
735 1244 1088 1287 Bartholomaeus
1131 1244 1383 1295 Gammans,
1426 1244 1708 1296 Coloniensis,
1754 1246 1949 1300 Logicus,

340 1320 676 1373 Arithmeticam‚
708 1324 751 1361 et
783 1320 834 1362 de
866 1333 945 1361 usu
979 1320 1114 1362 Globi.

224 1396 250 1437 J
255 1396 437 1449 osephus
459 1396 677 1437 Deodatus
701 1395 751 1436 de
776 1396 1049 1447 Fromantau,
1074 1395 1391 1448 Limburgensis
1415 1409 1463 1437 ex
1486 1396 1730 1451 Hodimont,
1754 1396 1949 1449 Logicus,

339 1470 637 1512 Geometriani.

226 1546 478 1588 Lambertus
510 1546 662 1588 Petrus
696 1546 872 1597 Kerens„
905 1547 1199 1601 TraJeetensis,
1233 1547 1428 1601 Logicus,
1460 1547 1794 1589 Arithmeticam.

808 1738 1027 1791 Vespere
1065 1751 1090 1780 a
1128 1739 1370 1781 Secunda.

309 1818 618 1871 Theologiae
650 1819 985 1872 Dogmaticae
1016 1820 1289 1862 universae
1321 1820 1507 1862 Theses
1539 1820 1861 1874 praecipuas.

223 1921 399 1964 Carolus
432 1923 680 1974 Alexander„
715 1923 875 1965 Ludov.
900 1924 1135 1976 Augustus,
1169 1923 1209 1965 S.
1233 1925 1281 1965 R.
1306 1924 1344 1966 J.
1378 1925 1576 1977 Princeps
1603 1924 1654 1965 de
1677 1923 1791 1965 Salm
1816 1923 1944 1974 Salm,

337 1998 431 2039 Dux
464 1998 753 2051 Hoogstratan
804 1999 960 2040 Eccles.
995 1999 1347 2052 Metropolitanae
1387 2000 1666 2051 Coloniensis‚
1714 1999 1946 2041 Cathedra-

338 2073 440 2114 lium
472 2074 730 2126 Argentinae
762 2077 804 2115 et
836 2073 1112 2116 Hildesiensis
1147 2074 1395 2116 Canonicus.

855 2260 931 2303 Die
965 2263 1026 2303 18.
1044 2260 1317 2314 Septembris.

795 2342 961 2384 Mane
1014 2343 1080 2384 ab
1134 2343 1374 2385 Octava.

224 2446 372 2487 Franc.
407 2445 578 2499 Joseph.
614 2444 723 2486 Joan
769 2445 961 2488 Andreas
1001 2446 1040 2488 S.
1064 2447 1112 2488 R.
1137 2447 1175 2488 J.
1210 2447 1408 2500 Princeps
1442 2447 1492 2489 de
1525 2447 1638 2488 Sahn
1672 2446 1806 2498 Salm,
1850 2447 1945 2488 Dux

338 2521 583 2573 Hoogstrat.
610 2521 768 2563 Eccles.
792 2521 1146 2575 Metropolitanae
1169 2522 1426 2565 Coloniensis
1450 2522 1700 2573 Canonicus,
1724 2523 1943 2564 Elementa

337 2596 642 2650 Pyrotechniae
674 2600 716 2639 et
746 2597 1066 2639 Architecturae
1098 2598 1300 2640 militaris.

223 2671 470 2713 Ambrosius
503 2673 752 2714 Franciscus
784 2673 991 2715 Xaverius
1030 2673 1242 2727 Josephus
1274 2673 1410 2714 Judas
1444 2673 1696 2715 Thaddaeus
1730 2673 1774 2715 L.
1810 2673 1856 2714 Β.
1891 2672 1942 2714 de

337 2746 867 2799 Reuschenberg-Selicum
899 2762 947 2791 ex
979 2748 1236 2799 Kendenich,
1269 2748 1413 2799 Poeta,
1447 2748 1794 2802 Georgraphiam.

223 2821 488 2864 Christianus
523 2823 727 2864 Antonius
761 2824 968 2866 Ernestus
1001 2825 1047 2866 L.
1082 2825 1127 2866 B.
1162 2837 1241 2866 von
1273 2823 1823 2876 Riedesell-Schneidbach,
1862 2822 1943 2865 Ba·

338 2911 478 2953 varus,
509 2898 829 2952 Pyrotechniain
863 2903 905 2941 et
936 2900 1273 2942 Architecturam
1306 2900 1541 2941 militarem.

223 2972 398 3014 Carolus
438 2974 626 3015 Emman.
674 2974 793 3027 Casp.
829 2974 1000 3028 Joseph.
1035 2975 1080 3016 L.
1116 2974 1163 3015 Β.
1198 2974 1248 3015 de
1281 2974 1546 3026 Keverberg,
1584 2987 1633 3015 ex
1672 2974 1827 3025 Halen,
1870 2974 1941 3016 Se-

337 3047 569 3097 cundanus,

222 3122 471 3164 Franciscus
519 3123 811 3165 Ferdinandus
859 3124 1094 3166 Balduinus
1143 3125 1188 3166 L.
1227 3124 1275 3165 B.
1319 3125 1370 3167 de
1413 3125 1609 3178 Seraing,
1659 3138 1707 3167 ex
1752 3123 1938 3179 Eybach,

336 3197 596 3250 Syntaxista:
