2164 3535
197 223 280 265 364
508 219 653 254 Bericht
679 218 743 253 der
768 216 967 252 deutschen
994 216 1146 250 Provinz
1173 216 1262 250 uber
1288 215 1345 250 die
1371 215 1416 249 R.
1444 220 1486 250 st.
1528 217 1626 250 1821.

199 361 431 405 communis
464 373 562 402 vero
596 359 654 401 rei
697 358 851 400 damno
884 361 926 400 et
958 356 1173 399 Ecclesiae
1210 357 1354 411 luctu,
1397 356 1508 398 inter
1548 356 1737 410 ejusdem
1779 356 1927 398 matris

196 437 302 480 filios
336 449 384 478 ac
417 436 569 478 milites
602 434 827 475 divisiones
860 433 1089 475 seminaret
1120 433 1378 485 foveretque.

335 514 386 554 39
424 512 473 553 In
516 522 657 551 rerum
706 508 962 551 tractatione
1008 507 1218 549 servanda
1259 506 1429 560 quidem
1478 507 1737 561 syllogistica
1776 507 1928 561 forma,

201 591 387 630 attamen
422 585 661 639 moderate,
700 596 751 625 ne
783 582 1011 635 Theologia
1043 582 1146 624 adeo
1180 581 1343 624 aridam
1375 585 1667 635 perpetuoque
1700 582 1925 624 contentio*

196 676 285 705 sam
317 662 466 704 faciem
498 673 600 714 prae
632 673 677 701 se
708 660 831 701 ferat.

333 739 386 780 49
425 737 547 779 Circa
578 735 781 790 Mysteria
813 734 908 776 fidei
947 734 1142 776 vitandas
1175 733 1300 776 credo
1342 733 1584 775 subtiliores
1628 733 1928 787 explicationes

196 826 244 855 ac
284 812 667 867 perscrutationes,
709 824 818 864 quae
850 810 1008 851 multos
1042 810 1082 850 in
1126 808 1383 862 periculosas
1418 821 1464 850 ac
1507 821 1706 850 erroneas
1740 809 1827 850 vias
1860 808 1929 850 de-

200 889 435 943 duxerunt,
475 887 638 929 nullum
672 899 768 928 vero
800 885 1066 928 incredulum
1099 888 1175 926 aut
1206 884 1465 926 haereticum
1498 886 1743 926 convertere
1775 885 1927 939 solent,

195 964 269 1007 sed
306 963 448 1018 potius
487 975 535 1004 ex
568 962 886 1015 Scripturarum
928 973 976 1003 ac
1008 959 1086 1002 SS.
1123 960 1299 1001 Patrum
1331 960 1470 1002 verbis
1504 972 1551 1001 ac
1591 960 1821 1002 ratiociniis
1862 972 1929 1001 ex-

202 1038 395 1094 ponenda
429 1039 501 1080 illa
539 1042 701 1091 essent,
744 1037 928 1079 breviter
960 1049 1006 1078 ex
1048 1036 1212 1078 ratione
1255 1035 1548 1078 demonstrata
1588 1034 1930 1089 impossibilitate

204 1127 274 1157 eas
306 1114 508 1156 veritates
544 1126 591 1155 ex
624 1113 759 1155 nostri
789 1112 1030 1154 intellectus
1063 1111 1307 1153 notionibus
1340 1110 1627 1164 impugnandi.

333 1196 384 1238 59
425 1195 709 1238 Utilissimum
742 1205 789 1235 ac
831 1205 938 1246 pene
981 1192 1267 1234 necessarium
1310 1191 1455 1247 credo,
1497 1194 1544 1233 ut
1587 1192 1706 1234 annis
1750 1192 1927 1245 singulis

193 1272 233 1313 in
267 1272 449 1325 gratiam
480 1270 771 1324 incipientium
805 1267 1033 1310 tradantur
1063 1281 1140 1321 per
1171 1280 1299 1309 unam
1331 1281 1367 1309 v.
1400 1280 1460 1320 gr.
1492 1267 1802 1310 hebdomadam
1835 1267 1928 1310 bre-

196 1349 305 1390 viter
351 1361 398 1390 ac
446 1345 742 1400 compendiose
788 1345 1043 1398 Theologiae
1089 1344 1317 1399 principia,
1370 1356 1520 1397 nempe
1568 1343 1619 1385 de
1664 1343 1926 1386 authoritate

195 1424 453 1477 Scripturae,
487 1421 726 1464 traditionis
759 1422 856 1477 PP,
889 1420 1174 1464 Conciliorum
1208 1419 1422 1462 Ecclesiae
1453 1422 1547 1475 etc,
1580 1422 1629 1461 ut
1660 1419 1716 1462 sit
1746 1419 1928 1462 ineunti-

193 1499 272 1541 bus
306 1510 477 1541 cursum
510 1497 767 1539 introductio
800 1496 1022 1550 quaedam.

332 1574 400 1615 119
439 1573 714 1615 Postulata
756 1585 810 1614 ex
844 1585 894 1614 re
936 1571 1211 1613 manantia.
1275 1571 1481 1625 Tempus,
1523 1570 1789 1626 exercitatio,
1831 1570 1927 1613 libri

193 1649 371 1703 classici,
404 1649 701 1690 Professorum
735 1660 952 1699 numerus,
986 1660 1142 1700 eosque
1174 1646 1383 1688 formandi
1416 1646 1657 1688 necessitas.

331 1725 569 1779 Tempus,
610 1723 810 1776 quoniam
843 1722 1070 1765 admodum
1104 1723 1230 1765 breve
1263 1725 1347 1777 est,
1380 1723 1630 1775 praesertim
1663 1723 1704 1764 in
1738 1722 1926 1777 superio-

195 1800 312 1841 ribus
346 1799 520 1854 scholis,
560 1799 763 1841 materiae
797 1811 895 1840 vero
938 1798 1278 1852 quamplurimae
1312 1798 1397 1840 sint
1439 1798 1690 1848 tradendae,
1732 1798 1825 1840 ideo
1858 1811 1927 1841 ne-

196 1888 312 1918 cesse
344 1879 422 1922 est,
456 1878 505 1916 ut
535 1875 576 1916 in
609 1874 756 1928 primis
789 1875 830 1915 in
854 1875 885 1916 T
896 1874 1180 1927 heologicis
1213 1873 1403 1916 scholis
1435 1874 1496 1915 ita
1527 1873 1638 1916 inter
1660 1874 1926 1916 Professores

193 1951 508 1993 distribuantur
540 1964 620 2005 res,
653 1952 701 1992 ut
722 1950 779 1992 nil
813 1963 835 1992 a
868 1950 1061 2003 pluribus
1096 1950 1275 2005 dicatur,
1307 1963 1383 1992 nec
1416 1950 1641 2003 quisquam
1673 1949 1714 1991 in
1749 1950 1925 1991 alterius

192 2039 371 2069 messem
403 2026 552 2068 falcem
592 2026 818 2081 immittat,
859 2026 973 2079 quod
1005 2026 1047 2067 in
1087 2026 1149 2067 his
1190 2026 1375 2079 alioquin
1420 2025 1650 2079 disciplinis
1694 2024 1924 2068 admodum

191 2102 373 2156 proclive
406 2105 482 2143 est.
546 2102 640 2142 Erit
672 2104 815 2144 autem
847 2101 889 2142 in
921 2101 985 2144 his
1019 2101 1228 2155 partibus,
1261 2101 1341 2143 nisi
1373 2103 1564 2142 mutetur
1596 2113 1715 2157 usus,
1748 2101 1924 2144 Theolo-

193 2177 286 2230 giae
328 2190 477 2219 cursus
520 2177 702 2218 triennio
745 2177 1083 2231 concludendus,
1133 2190 1209 2230 pro
1250 2176 1407 2218 nostris
1452 2189 1548 2218 vero
1599 2176 1924 2230 quadriennium

195 2252 464 2294 servandum.
529 2253 649 2294 Unus
683 2252 869 2304 quotidie
912 2265 1034 2294 mane
1065 2252 1255 2294 traderet
1288 2252 1601 2307 Dogmaticam,
1645 2252 1754 2294 alter
1786 2265 1810 2294 a
1841 2265 1926 2295 me-

194 2327 300 2369 ridie
322 2328 540 2374 Moralem,
575 2328 760 2381 exceptis
794 2327 900 2369 binis
932 2327 1232 2381 pomeridianis
1267 2327 1571 2381 vacationibus,
1605 2327 1759 2380 quibus
1782 2330 1924 2370 tamen

192 2402 337 2444 haberi
360 2407 503 2456 posset
535 2404 663 2445 semel
696 2404 761 2445 vel
786 2403 848 2446 bis
883 2403 1142 2445 conferentia
1165 2403 1217 2445 de
1249 2403 1374 2445 rebus
1408 2403 1462 2445 ad
1494 2416 1639 2445 curam
1662 2404 1923 2457 pastoralem

192 2481 268 2519 aut
288 2479 427 2520 forum
452 2479 795 2521 Ecclesiasticum
828 2479 1136 2532 pertinentibus
1167 2479 1365 2532 practicis
1389 2480 1556 2521 omnino
1590 2491 1637 2521 ac
1660 2479 1923 2521 discussione

191 2554 345 2596 vacuis.
384 2580 431 2584 —
469 2555 522 2596 In
552 2554 929 2607 Pliilosopliicis
962 2554 1095 2607 primo
1129 2567 1238 2595 anno
1272 2556 1424 2607 quater
1455 2554 1496 2595 in
1529 2554 1796 2596 hebdomada
1819 2555 1919 2608 Log.

192 2632 234 2670 et
265 2629 473 2682 Metapli.,
517 2643 540 2671 a
581 2630 757 2683 prandio
791 2633 856 2671 ter
888 2629 1035 2671 Mor-al.
1072 2632 1114 2671 et
1140 2630 1211 2683 jus
1246 2633 1409 2684 natur,
1451 2630 1657 2672 Mathesis
1689 2630 1753 2672 bis
1786 2642 1922 2682 mane,

191 2717 341 2758 nempe
372 2705 477 2746 feria
509 2707 532 2746 3
557 2710 599 2746 et
622 2708 660 2755 5,
694 2718 803 2759 quae
835 2718 859 2746 a
890 2706 1068 2759 prandio
1102 2709 1313 2747 vacarent.
1376 2705 1568 2747 Secundo
1602 2718 1710 2746 anno
1743 2705 1923 2759 Physica

196 2778 437 2821 mechanica
469 2783 512 2820 et
542 2780 842 2822 mathematica
875 2784 922 2822 ut
953 2781 1124 2822 Astron.
1160 2784 1236 2823 etc.
1272 2784 1425 2834 quater
1455 2793 1589 2822 mane.
1650 2781 1922 2834 Experimen—

195 2854 290 2895 talis
323 2858 366 2895 et
398 2854 492 2895 hist.
518 2858 603 2895 nat.
639 2857 704 2896 ter
737 2868 760 2896 a
793 2855 986 2909 prandio,
1019 2855 1223 2897 Mat-hesis
1257 2856 1363 2897 subl.
1390 2855 1451 2897 bis
1482 2868 1616 2898 mane.
1672 2856 1752 2897 Per
1784 2859 1921 2897 totum

194 2941 363 2970 cursum
406 2930 719 2982 relinqueretur
751 2930 1087 2983 pomeridianum
1121 2930 1354 2972 Sabathum
1388 2930 1746 2972 hebdomadariae
1779 2930 1920 2983 dispu-

193 3003 354 3045 tationi.
391 3029 442 3033 —
478 3005 531 3045 In
564 3003 915 3046 Inferioribus
950 3006 1117 3047 videtur
1149 3006 1357 3057 Linguam
1391 3008 1433 3047 et
1465 3006 1735 3047 vernaculam
1768 3009 1810 3047 et
1842 3006 1920 3047 La-

193 3078 324 3119 tinam
373 3083 559 3130 quatuor
604 3079 781 3129 integris
825 3093 900 3132 per
947 3080 1253 3121 hebdomadam
1302 3080 1449 3121 diebus
1498 3081 1650 3121 debere
1698 3080 1919 3132 assignari,

192 3152 503 3206 Geographiam
528 3158 569 3195 et
602 3154 822 3195 historiam
853 3155 1026 3196 alternis
1060 3155 1173 3196 hisce
1195 3154 1341 3196 iisdem
1375 3155 1534 3196 diebus.
1591 3155 1797 3207 Linguam
1821 3168 1918 3196 vero
