2164 3535
714 242 922 285 Erkl‘arung
945 241 1010 276 der
1035 242 1207 276 Antoren.
1768 245 1819 285 75

391 610 519 664 Die
572 611 981 684 Erklarung
1035 611 1156 664 der
1212 609 1539 665 Antoren.

586 755 657 804 De
696 755 1053 821 explanatione
1089 756 1343 804 Authoris.

513 859 753 904 (Wagner,
787 858 1005 895 Instructio
1030 858 1186 903 privata
1211 869 1250 904 p.
1270 859 1414 903 6-9.)

243 975 364 1017 Circa
384 975 586 1017 Authoris
618 975 955 1029 explanationem
979 975 1302 1017 observandum.
1370 978 1405 1017 1.
1438 975 1558 1018 Hanc
1580 975 1825 1028 praelectio-

105 1062 198 1091 nem
229 1050 398 1091 maximi
430 1063 522 1092 esse
554 1050 767 1095 momenti.
801 1053 845 1091 et
872 1050 1059 1092 omnium
1081 1051 1215 1103 primo
1238 1050 1330 1092 loco
1353 1050 1602 1092 habendam.
1656 1053 1693 1092 2.
1729 1051 1826 1101 Qui-

104 1138 201 1167 nam
233 1125 446 1168 Authores
479 1125 564 1168 sint
593 1125 878 1178 praelegendi.
940 1126 977 1166 ‘3.
1011 1125 1314 1167 Praelectionis
1346 1124 1483 1166 forma
1514 1137 1562 1167 ac
1585 1125 1824 1167 Methodus.

103 1202 142 1242 4.
175 1200 300 1243 Ratio
334 1201 561 1254 discipulos
592 1201 703 1243 inter
736 1200 1028 1254 explicandum
1061 1203 1248 1242 attentos
1280 1200 1489 1242 servandi.

240 1287 272 1328 Ι.
322 1286 364 1329 si
398 1299 481 1340 qua
512 1287 553 1329 in
587 1300 631 1329 re
663 1287 903 1330 studiorum
935 1287 1089 1329 rationi
1121 1287 1315 1340 religiose
1344 1286 1724 1340 obtemperandum
1747 1290 1825 1341 est,

105 1366 219 1404 certe
256 1362 359 1404 haec
391 1362 515 1404 toties
547 1362 760 1404 inculcata
792 1362 1030 1404 Authorum
1060 1362 1333 1405 classicorum
1366 1362 1594 1415 praelectio
1627 1362 1687 1404 ita
1719 1366 1826 1404 trac-

104 1437 235 1479 tanda
265 1441 349 1492 est,
392 1442 440 1479 ut
471 1438 653 1491 primum
686 1438 823 1480 locum
856 1440 1018 1485 teneat,
1062 1437 1295 1479 secundum
1327 1437 1656 1490 Praeceptorum
1689 1436 1827 1490 expla-

103 1513 231 1556 natio.
285 1513 539 1556 Exterarum
571 1514 867 1568 quarumpiam
897 1512 1137 1555 scholarum
1159 1512 1475 1555 Professor-ibus
1498 1513 1605 1554 tanti
1628 1511 1828 1554 momenti

105 1589 195 1630 visa
236 1592 319 1642 est,
364 1592 411 1630 ut
442 1589 531 1631 sola
563 1589 765 1631 Authoris
798 1588 1074 1643 explicatione
1104 1590 1239 1629 totam
1273 1588 1464 1640 Linguae
1496 1588 1674 1630 Latinae
1708 1587 1829 1629 disci-

105 1663 262 1716 plinam
304 1663 507 1706 contineri
549 1664 808 1720 existiment,
850 1677 926 1706 nec
964 1664 1006 1705 in
1047 1662 1319 1717 explanandis
1362 1663 1518 1715 regulis
1564 1662 1712 1705 breves
1745 1662 1830 1704 sint

105 1738 335 1789 duntaxat„
376 1739 450 1781 sed
490 1752 542 1781 ne
574 1739 824 1781 Thematum
864 1738 1033 1793 quidem
1065 1738 1293 1791 scriptione
1326 1738 1511 1780 divexari
1544 1738 1674 1779 velint
1708 1737 1829 1780 disci-

105 1813 247 1868 pulos,
279 1826 330 1855 ea
361 1813 523 1855 ratione
556 1814 641 1855 usi:
687 1827 761 1855 seu
795 1814 923 1860 enim*
965 1814 1103 1867 ajunt,
1136 1814 1310 1867 quinum
1344 1818 1418 1855 aut
1449 1826 1595 1855 sonum
1629 1825 1828 1855 versuum

106 1890 172 1940 (ex
205 1887 402 1937 authore)
437 1888 578 1930 thema
605 1889 691 1942 jam
716 1891 1006 1931 constructum
1029 1888 1070 1929 in
1094 1889 1405 1930 Grammaticae
1428 1888 1595 1941 regulas
1619 1888 1829 1930 resolvere

106 1964 362 2024 doceantur3
409 1976 483 2006 seu
532 1964 678 2006 ordine
727 1976 927 2006 converso
977 1963 1231 2006 dissolutum
1281 1964 1554 2006 vernaculum
1595 1963 1828 2006 secundum

106 2039 275 2081 easdem
309 2039 476 2091 regulas
510 2042 757 2082 construere
784 2039 1057 2093 jubeantur..
1078 2039 1252 2081 dubium
1285 2052 1473 2087 manere
1520 2041 1662 2081 utrum
1695 2038 1828 2080 altero

106 2115 239 2167 magis
272 2114 542 2168 profuturum
575 2115 640 2157 sit.
706 2115 814 2165 Quin
848 2114 952 2156 hanc
987 2127 1060 2167 per
1091 2115 1280 2167 exempla
1312 2115 1435 2159 viam,
1469 2114 1522 2155 ad
1545 2128 1669 2156 verae
1691 2114 1829 2156 latini-

108 2190 208 2231 tatis
242 2190 537 2242 cognitionem,
571 2190 805 2231 breviorem
837 2189 943 2231 fore:
978 2189 1192 2239 Quantum
1225 2189 1335 2231 enim
1367 2190 1569 2243 temporis
1602 2193 1644 2231 et
1676 2202 1829 2242 operae

109 2264 349 2319 ponendum
388 2269 471 2310 est,
516 2264 616 2306 dum
655 2265 841 2306 dictatur
872 2264 1028 2306 Thema
1060 2265 1353 2306 vernaculum:
1397 2264 1509 2306 domi
1542 2264 1828 2318 componitur:

107 2352 132 2380 a
170 2339 421 2392 Paedagogo
472 2339 741 2393 emendatur;
789 2339 1064 2392 describitur3
1114 2339 1250 2381 denuo
1303 2340 1343 2380 in
1391 2339 1534 2381 schola
1581 2339 1826 2391 corrigitur:

107 2418 265 2468 quanto
308 2415 431 2456 citius
474 2415 584 2456 idern
622 2415 709 2467 jam
747 2418 1040 2456 constructum
1073 2414 1125 2455 ad
1158 2426 1256 2455 suas
1290 2415 1458 2467 regulas
1491 2414 1828 2467 expenderetur?

108 2489 201 2531 Non
232 2489 427 2542 equidem
458 2489 751 2542 negligendam
784 2493 1107 2542 praeceptorum
1140 2489 1502 2543 explanationem,
1534 2489 1608 2531 sed
1640 2502 1715 2531 nec
1746 2489 1829 2531 ista

109 2564 323 2618 explanari
368 2578 491 2618 posse
522 2565 695 2613 meliust
739 2577 865 2617 quam
898 2564 1037 2606 allatis
1069 2564 1262 2617 plurimis
1294 2564 1515 2618 exemplis;
1556 2567 1598 2606 et
1629 2564 1829 2618 exemplis

108 2640 149 2681 in
182 2639 359 2681 authore
393 2641 723 2687 occurrentibus,
757 2653 837 2681 non
870 2640 1006 2682 solum
1038 2639 1259 2689 illustrari,
1293 2642 1336 2680 et
1367 2639 1594 2681 memoriae
1620 2638 1744 2693 defigi
1766 2653 1828 2682 re-

109 2715 252 2767 gulas,
297 2727 442 2756 verum
480 2717 523 2756 et
562 2716 601 2756 in
634 2717 839 2769 perpetuo
872 2718 1071 2757 contextu
1102 2715 1255 2756 latinos
1287 2714 1551 2769 Idiotismos,
1593 2714 1830 2768 horumque

110 2802 135 2830 a
165 2790 389 2831 vernaculo
423 2790 750 2844 discrepantiam
783 2790 931 2831 melius
964 2790 1135 2844 percipi,
1166 2789 1208 2830 in
1241 2802 1324 2842 quo
1357 2789 1536 2831 maxime
1569 2789 1652 2831 sita
1682 2793 1747 2832 est
1771 2790 1829 2831 la—

110 2864 290 2906 tinitatis
323 2864 518 2917 cognitio.
584 2865 651 2907 Ita
682 2865 852 2918 quidem
884 2864 955 2906 illi.

248 2951 375 2993 Aliud
417 2965 515 2994 vero
558 2965 640 2994 non
683 2951 883 2994 Soeietati
923 2954 1089 2993 tantum
1130 2955 1323 2997 nostrae,
1366 2952 1440 2994 sed
1471 2950 1829 2993 Universitatibus

111 3025 265 3068 exteris
309 3026 523 3079 plerisque
573 3027 764 3081 videtur,
810 3026 917 3068 hanc
963 3039 1111 3080 nempe
1152 3027 1454 3080 componendi,
1503 3039 1550 3068 ac
1589 3025 1829 3078 scriptionis

111 3100 336 3151 rationem,
378 3113 473 3142 cum
505 3102 640 3144 altera
672 3102 927 3153 resolvendi,
960 3115 1034 3144 seu
1067 3102 1289 3144 authorem
1320 3101 1612 3156 praelegenOE,
1643 3101 1704 3142 ita
1735 3112 1830 3142 con-

106 3175 380 3228 Jungendam‚
413 3179 461 3217 ut
491 3177 627 3219 altera
649 3177 770 3219 alteri
793 3178 849 3218 sit
870 3177 1125 3231 adjumento.
1176 3177 1331 3228 Quanti
1354 3180 1495 3219 autem
1518 3175 1830 3232 sapientissima
