2164 3535
225 198 304 239 186
757 192 1035 235 Heranbildung
1060 192 1123 226 der
1147 192 1287 226 Lehrer
1317 195 1413 228 1619.

222 335 334 378 modi
376 338 476 377 sunt
515 333 727 376 Ciceronis
772 332 1005 387 quaedam,
1047 335 1095 374 ut
1134 332 1186 374 de
1224 332 1441 387 Amicitia,
1486 332 1736 383 Senectute,
1778 333 1951 386 Elegiae

222 410 467 465 Ovidianae,
500 409 666 463 Dialogi
698 408 893 461 Pontani,
926 407 1101 449 Luciani
1134 410 1211 449 etc.

359 486 426 527 33.
475 486 524 527 In
553 484 831 526 Humanitate
864 486 907 525 et
928 483 1157 525 Rhetorica
1188 485 1359 536 praeter
1381 483 1666 525 Sabbathinas
1699 486 1742 524 et
1773 482 1878 525 alias
1910 483 1952 524 in

221 562 385 604 ratione
425 559 664 602 studiorum
702 559 989 613 praescriptas
1023 558 1361 601 Declamationes
1403 559 1568 600 institui
1601 558 1764 600 utiliter
1796 557 1954 611 poterit

222 636 448 691 praelectio
492 635 669 676 alicuius
712 635 891 677 illustris
925 634 1192 688 Sententiae,
1233 633 1312 675 loci
1359 647 1395 675 v,
1429 633 1578 687 capitis
1612 647 1661 676 ex
1693 633 1879 675 Auctore
1911 633 1953 674 in

223 712 375 754 Schola
416 710 632 765 explicati,
673 710 865 752 recitatio
909 722 930 751 e
970 709 1174 751 memoria
1216 709 1310 751 libri
1350 708 1528 751 alicuius
1570 722 1604 750 v.
1646 709 1780 762 partis
1823 708 1951 761 illius,

222 786 469 829 nominatim
519 784 696 826 alicuius
743 784 839 826 libri
887 784 1094 826 Aeneidos
1141 784 1183 825 in
1230 795 1433 837 personas
1483 783 1728 839 distributi,
1776 783 1953 837 alicujus

222 862 404 914 eclogae.
468 860 515 901 In
550 859 777 901 Rhetorica
809 859 935 901 etiam
969 859 1154 900 exhiberi
1188 858 1345 911 poterit
1376 858 1547 911 aliquod
1572 858 1754 900 Senatus
1787 858 1952 900 consul—

229 940 334 989 tum,
361 936 583 990 judicium,
616 935 689 977 sed
722 935 883 988 absque
915 936 1124 988 apparatu
1157 934 1382 976 solenniori
1414 946 1693 987 personarum
1722 947 1758 975 v.
1783 933 1952 975 theatri.

360 1012 426 1052 34.
476 1012 727 1054 Comoediae
751 1011 1012 1064 Tragoediae
1045 1025 1081 1052 v.
1105 1011 1272 1063 Dialogi
1300 1014 1341 1052 et
1363 1011 1558 1053 universe
1580 1010 1738 1052 nullius
1761 1009 1951 1052 Actionis

222 1087 493 1139 scriptionem
535 1086 810 1139 aggrediatur
850 1086 1074 1139 quisquam
1117 1085 1344 1139 Superior-e
1390 1099 1471 1127 non
1515 1086 1632 1139 prius
1675 1085 1953 1140 praemonito,

223 1165 352 1215 atque
398 1162 487 1203 eius
538 1164 836 1214 argumentum
883 1164 926 1202 et
972 1161 1291 1214 dispositionem
1333 1162 1373 1202 in
1416 1173 1514 1203 suos
1558 1164 1678 1203 actus
1721 1164 1765 1202 et
1805 1173 1953 1202 scenas

223 1237 508 1292 approbante,
551 1240 594 1278 et
633 1237 683 1278 de
723 1236 964 1290 sumptibus
1007 1237 1078 1289 qui
1121 1237 1215 1290 plus
1249 1237 1388 1278 minus
1421 1236 1665 1289 exigentur,
1707 1239 1748 1277 et
1780 1235 1831 1277 de
1863 1238 1953 1277 toto

223 1316 434 1365 apparatu
467 1312 631 1353 scenico
665 1311 770 1353 cert-i
802 1311 1018 1364 quippiam
1052 1314 1289 1367 statuente,
1330 1315 1371 1353 et
1402 1324 1478 1365 pro
1511 1310 1811 1354 sodalitatibus
1850 1310 1953 1352 nihil

222 1387 386 1440 uspiam
419 1386 640 1428 Scenicum
673 1386 926 1428 instituatur
957 1386 1220 1428 Provinciale
1254 1386 1504 1428 inconsulto.

361 1463 426 1503 35.
477 1461 862 1503 Accommodentur
904 1461 1091 1502 actiones
1135 1474 1278 1503 omnes
1320 1461 1374 1502 ad
1417 1460 1565 1511 finem,
1607 1474 1731 1514 quem
1766 1460 1953 1503 Societas

221 1537 415 1585 intendit,
450 1536 502 1577 ad
535 1542 696 1577 motum
731 1536 967 1577 animorum
1000 1536 1040 1576 in
1065 1536 1389 1578 detestationem
1413 1536 1622 1577 malorum
1646 1549 1825 1587 morum,
1857 1548 1954 1588 pra-

222 1625 370 1663 varum
403 1611 770 1661 consuetudimim,
803 1610 946 1663 fugam
979 1611 1246 1653 occasionum
1268 1611 1484 1664 peccandi,
1518 1611 1571 1652 ad
1594 1611 1789 1652 studium
1816 1611 1952 1652 maius

223 1687 443 1741 virtutum,
478 1687 529 1729 ad
562 1687 841 1728 imitationem
867 1686 1133 1732 Sanctorum,
1168 1699 1347 1739 quorum
1382 1687 1492 1728 vitae
1525 1686 1559 1728 si
1592 1687 1632 1727 in
1666 1698 1834 1728 scenam
1859 1698 1953 1739 pro-

223 1762 448 1815 ducantur,
481 1775 562 1803 non
595 1763 890 1815 permittatur,
924 1765 971 1803 ut
1004 1761 1053 1803 de
1086 1762 1149 1813 iis,
1182 1774 1291 1814 quae
1324 1761 1428 1803 bene
1461 1766 1503 1802 et
1534 1764 1682 1803 sancta
1713 1764 1952 1815 gesserunt,

223 1850 419 1890 quaeque
451 1837 504 1878 ad
536 1837 774 1890 exemplum
808 1849 900 1878 esse
932 1841 1131 1889 possunt,
1165 1836 1302 1878 ieiune
1335 1840 1377 1877 et
1409 1836 1547 1877 obiter
1579 1840 1746 1878 tantum
1780 1839 1953 1889 agatur;

224 1912 426 1964 prolixius
460 1916 603 1953 autem
638 1912 687 1953 de
720 1912 930 1964 figmentis
964 1911 1152 1953 ridiculis
1186 1911 1238 1953 ad
1262 1924 1350 1952 rem
1373 1923 1453 1952 non
1478 1911 1803 1965 pertinentibus,
1836 1914 1878 1953 et
1901 1911 1953 1952 de

223 1987 478 2039 quibusdam
510 1988 755 2029 levitatibus
789 1987 1036 2040 puerilibus¹

363 2063 429 2103 36.
480 2062 729 2115 Corrigatur
757 2075 866 2103 vana
888 2062 960 2103 illa
981 2051 1216 2115 persuasio,
1251 2075 1335 2114 qua
1358 2062 1537 2104 virtutes
1561 2065 1603 2103 et
1625 2062 1727 2104 vitia
1748 2062 1953 2104 foeminea

224 2137 366 2189 potius
400 2150 526 2190 quam
560 2138 667 2179 virili
700 2138 838 2179 forma
870 2142 911 2179 et
951 2138 1163 2179 schemate
1204 2138 1565 2191 repraesentanda
1606 2141 1835 2191 putantur,
1878 2150 1953 2179 nec

224 2211 514 2267 permittatur,
552 2216 599 2254 ut
631 2213 843 2254 ordinarie
875 2216 996 2254 tanta
1028 2213 1211 2254 varietas
1245 2226 1386 2254 rerum
1418 2213 1460 2254 in
1494 2225 1620 2254 unam
1654 2213 1861 2255 actionem
1894 2212 1953 2253 in-

225 2286 436 2342 cludatur,
469 2291 629 2340 quanto
662 2301 737 2341 pro
771 2288 963 2341 pluribus
996 2287 1222 2343 sufficeret,
1255 2300 1331 2330 nec
1363 2291 1411 2330 ut
1442 2289 1531 2330 sine
1564 2288 1819 2330 necessitate
1852 2287 1952 2329 Per-

225 2373 352 2403 sonae
385 2363 729 2416 multiplicentur.

365 2439 430 2479 37.
481 2438 693 2481 Caveatur
724 2439 845 2490 item,
885 2451 955 2487 ne,
995 2438 1109 2491 quod
1135 2439 1298 2491 justam
1330 2438 1699 2493 reprehensionem
1731 2437 1878 2487 habet,
1911 2437 1952 2478 in

228 2513 338 2554 omni
372 2514 536 2555 actione
574 2514 868 2567 producantur
901 2514 1158 2565 Daemones,
1192 2514 1392 2567 Mendici,
1426 2514 1670 2565 Potatores,
1705 2511 1952 2566 blasphemi,

227 2588 345 2640 pueri
388 2588 573 2635 leviculi;
621 2589 797 2630 choreae
836 2588 1091 2636 mortuales,
1139 2588 1403 2641 explosiones
1441 2587 1706 2641 fistularum,
1754 2587 1952 2628 tractatio

228 2675 443 2704 armorum
482 2663 729 2706 bellicorum
770 2667 813 2705 et
853 2664 917 2705 his
961 2664 1113 2705 similia
1153 2676 1235 2705 non
1282 2664 1608 2716 permittantur,
1655 2663 1735 2704 nisi
1782 2662 1952 2715 quando

229 2741 524 2789 argumentum
558 2738 794 2780 necessario
827 2739 984 2791 exiget,
1027 2738 1221 2790 actioque
1253 2738 1293 2779 in
1326 2737 1495 2792 publico
1528 2743 1569 2780 et
1600 2737 1679 2779 sub
1712 2737 1779 2778 dio
1812 2749 1951 2778 coram

227 2812 328 2853 viris
360 2812 626 2867 Principibus
659 2813 892 2856 exhibenda
924 2814 1016 2855 erit.
