<?xml version="1.0" encoding="UTF-8"?>
<!DOCTYPE html PUBLIC "-//W3C//DTD XHTML 1.0 Transitional//EN"
    "http://www.w3.org/TR/xhtml1/DTD/xhtml1-transitional.dtd">
<html xmlns="http://www.w3.org/1999/xhtml" xml:lang="en" lang="en">
 <head>
  <title>
</title>
<meta http-equiv="Content-Type" content="text/html;charset=utf-8" />
  <meta name='ocr-system' content='tesseract 3.04.00' />
  <meta name='ocr-capabilities' content='ocr_page ocr_carea ocr_par ocr_line ocrx_word'/>
</head>
<body>
  <div class='ocr_page' id='page_1' title='image "./ratiostudiorumet16jesu_0458.png"; bbox 0 0 2164 3535; ppageno 0'>
   <div class='ocr_carea' id='block_1_1' title="bbox 238 217 1663 262">
    <p class='ocr_par' dir='ltr' id='par_1_1' title="bbox 238 217 1663 262">
     <span class='ocr_line' id='line_1_1' title="bbox 238 217 1663 262; baseline 0.004 -12"><span class='ocrx_word' id='word_1_1' title='bbox 238 217 321 259; x_wconf 84' lang='lat'>434</span> <span class='ocrx_word' id='word_1_2' title='bbox 543 217 645 252; x_wconf 90' lang='lat' dir='ltr'>Neue</span> <span class='ocrx_word' id='word_1_3' title='bbox 673 217 1036 262; x_wconf 72' lang='lat' dir='ltr'>Studienvorschlage</span> <span class='ocrx_word' id='word_1_4' title='bbox 1063 218 1127 253; x_wconf 89' lang='lat' dir='ltr'>der</span> <span class='ocrx_word' id='word_1_5' title='bbox 1154 218 1352 254; x_wconf 80' lang='lat' dir='ltr'>deutschen</span> <span class='ocrx_word' id='word_1_6' title='bbox 1380 220 1534 255; x_wconf 87' lang='lat' dir='ltr'>Provinz</span> <span class='ocrx_word' id='word_1_7' title='bbox 1561 223 1663 256; x_wconf 88' lang='lat'>1830.</span> 
     </span>
    </p>
   </div>
   <div class='ocr_carea' id='block_1_2' title="bbox 534 290 1047 295">
    <p class='ocr_par' dir='ltr' id='par_1_2' title="bbox 534 290 1047 295">
     <span class='ocr_line' id='line_1_2' title="bbox 534 290 1047 295; baseline 0 0"><span class='ocrx_word' id='word_1_8' title='bbox 534 290 1047 295; x_wconf 95' lang='lat' dir='ltr'> </span> 
     </span>
    </p>
   </div>
   <div class='ocr_carea' id='block_1_3' title="bbox 1217 294 1344 296">
    <p class='ocr_par' dir='ltr' id='par_1_3' title="bbox 1217 294 1344 296">
     <span class='ocr_line' id='line_1_3' title="bbox 1217 294 1344 296; baseline 0 0"><span class='ocrx_word' id='word_1_9' title='bbox 1217 294 1344 296; x_wconf 95' lang='lat' dir='ltr'> </span> 
     </span>
    </p>
   </div>
   <div class='ocr_carea' id='block_1_4' title="bbox 235 356 1969 3207">
    <p class='ocr_par' dir='ltr' id='par_1_4' title="bbox 236 356 1969 2000">
     <span class='ocr_line' id='line_1_4' title="bbox 238 356 1966 416; baseline 0.004 -18"><span class='ocrx_word' id='word_1_10' title='bbox 238 356 466 399; x_wconf 81' lang='lat' dir='ltr'>lexicorum</span> <span class='ocrx_word' id='word_1_11' title='bbox 498 362 541 400; x_wconf 92' lang='lat' dir='ltr'>et</span> <span class='ocrx_word' id='word_1_12' title='bbox 571 358 769 400; x_wconf 85' lang='lat' dir='ltr'>similium</span> <span class='ocrx_word' id='word_1_13' title='bbox 799 359 1006 401; x_wconf 90' lang='lat' dir='ltr'>librorum</span> <span class='ocrx_word' id='word_1_14' title='bbox 1038 359 1240 416; x_wconf 88' lang='lat' dir='ltr'>subsidia,</span> <span class='ocrx_word' id='word_1_15' title='bbox 1273 361 1409 403; x_wconf 89' lang='lat' dir='ltr'>instar</span> <span class='ocrx_word' id='word_1_16' title='bbox 1437 361 1642 404; x_wconf 89' lang='lat' dir='ltr'>librorum</span> <span class='ocrx_word' id='word_1_17' title='bbox 1665 362 1852 404; x_wconf 90' lang='lat' dir='ltr'>omnium</span> <span class='ocrx_word' id='word_1_18' title='bbox 1873 366 1966 405; x_wconf 90' lang='lat' dir='ltr'>erat</span> 
     </span>
     <span class='ocr_line' id='line_1_5' title="bbox 237 432 1967 491; baseline 0.004 -18"><span class='ocrx_word' id='word_1_19' title='bbox 237 432 440 485; x_wconf 89' lang='lat' dir='ltr'>magister</span> <span class='ocrx_word' id='word_1_20' title='bbox 481 432 697 486; x_wconf 83' lang='lat' dir='ltr'>discipulis</span> <span class='ocrx_word' id='word_1_21' title='bbox 736 434 847 489; x_wconf 90' lang='lat' dir='ltr'>suis,</span> <span class='ocrx_word' id='word_1_22' title='bbox 890 434 1002 478; x_wconf 87' lang='lat' dir='ltr'>unde</span> <span class='ocrx_word' id='word_1_23' title='bbox 1034 448 1205 478; x_wconf 88' lang='lat' dir='ltr'>necesse</span> <span class='ocrx_word' id='word_1_24' title='bbox 1237 440 1352 491; x_wconf 85' lang='lat' dir='ltr'>erat,</span> <span class='ocrx_word' id='word_1_25' title='bbox 1395 438 1443 478; x_wconf 92' lang='lat' dir='ltr'>ut</span> <span class='ocrx_word' id='word_1_26' title='bbox 1474 440 1641 490; x_wconf 89' lang='lat' dir='ltr'>tempus</span> <span class='ocrx_word' id='word_1_27' title='bbox 1672 437 1840 480; x_wconf 89' lang='lat' dir='ltr'>scholae</span> <span class='ocrx_word' id='word_1_28' title='bbox 1871 451 1967 491; x_wconf 89' lang='lat' dir='ltr'>pro-</span> 
     </span>
     <span class='ocr_line' id='line_1_6' title="bbox 239 507 1966 565; baseline 0.004 -18"><span class='ocrx_word' id='word_1_29' title='bbox 239 507 495 549; x_wconf 76' lang='lat' dir='ltr'><strong>traheretur.</strong></span> <span class='ocrx_word' id='word_1_30' title='bbox 564 508 687 550; x_wconf 88' lang='lat' dir='ltr'>Nunc</span> <span class='ocrx_word' id='word_1_31' title='bbox 728 512 871 551; x_wconf 91' lang='lat' dir='ltr'>autem</span> <span class='ocrx_word' id='word_1_32' title='bbox 913 523 1008 551; x_wconf 90' lang='lat' dir='ltr'>cum</span> <span class='ocrx_word' id='word_1_33' title='bbox 1050 510 1192 552; x_wconf 82' lang='lat' dir='ltr'>adsint</span> <span class='ocrx_word' id='word_1_34' title='bbox 1232 514 1298 552; x_wconf 91' lang='lat' dir='ltr'>tot</span> <span class='ocrx_word' id='word_1_35' title='bbox 1337 514 1542 565; x_wconf 88' lang='lat' dir='ltr'>tantaque</span> <span class='ocrx_word' id='word_1_36' title='bbox 1585 512 1855 554; x_wconf 79' lang='lat' dir='ltr'>scientiarum</span> <span class='ocrx_word' id='word_1_37' title='bbox 1895 513 1966 554; x_wconf 89' lang='lat' dir='ltr'>ad-</span> 
     </span>
     <span class='ocr_line' id='line_1_7' title="bbox 237 582 1968 642; baseline 0.004 -19"><span class='ocrx_word' id='word_1_38' title='bbox 237 582 450 638; x_wconf 86' lang='lat' dir='ltr'>minicula,</span> <span class='ocrx_word' id='word_1_39' title='bbox 483 583 592 625; x_wconf 90' lang='lat' dir='ltr'>duae</span> <span class='ocrx_word' id='word_1_40' title='bbox 623 583 753 626; x_wconf 91' lang='lat' dir='ltr'>horae</span> <span class='ocrx_word' id='word_1_41' title='bbox 776 597 851 638; x_wconf 92' lang='lat' dir='ltr'>pro</span> <span class='ocrx_word' id='word_1_42' title='bbox 880 584 1023 627; x_wconf 91' lang='lat' dir='ltr'>schola</span> <span class='ocrx_word' id='word_1_43' title='bbox 1049 589 1141 628; x_wconf 91' lang='lat' dir='ltr'>tum</span> <span class='ocrx_word' id='word_1_44' title='bbox 1164 587 1373 629; x_wconf 88' lang='lat' dir='ltr'>matutina</span> <span class='ocrx_word' id='word_1_45' title='bbox 1394 591 1485 629; x_wconf 88' lang='lat' dir='ltr'>tum</span> <span class='ocrx_word' id='word_1_46' title='bbox 1508 588 1750 642; x_wconf 88' lang='lat' dir='ltr'>vespertina</span> <span class='ocrx_word' id='word_1_47' title='bbox 1775 587 1968 631; x_wconf 89' lang='lat' dir='ltr'>sufficere</span> 
     </span>
     <span class='ocr_line' id='line_1_8' title="bbox 238 657 1965 716; baseline 0.004 -18"><span class='ocrx_word' id='word_1_48' title='bbox 238 657 446 709; x_wconf 82' lang='lat' dir='ltr'>videntur,</span> <span class='ocrx_word' id='word_1_49' title='bbox 479 659 659 700; x_wconf 82' lang='lat' dir='ltr'>maxime</span> <span class='ocrx_word' id='word_1_50' title='bbox 690 660 725 701; x_wconf 91' lang='lat' dir='ltr'>si</span> <span class='ocrx_word' id='word_1_51' title='bbox 757 660 952 712; x_wconf 77' lang='lat' dir='ltr'>magistri</span> <span class='ocrx_word' id='word_1_52' title='bbox 983 673 1066 702; x_wconf 92' lang='lat' dir='ltr'>non</span> <span class='ocrx_word' id='word_1_53' title='bbox 1099 662 1300 704; x_wconf 88' lang='lat' dir='ltr'>omittant</span> <span class='ocrx_word' id='word_1_54' title='bbox 1332 662 1433 704; x_wconf 90' lang='lat' dir='ltr'>dare</span> <span class='ocrx_word' id='word_1_55' title='bbox 1465 676 1596 716; x_wconf 88' lang='lat' dir='ltr'>pensa</span> <span class='ocrx_word' id='word_1_56' title='bbox 1628 663 1858 706; x_wconf 88' lang='lat' dir='ltr'>domestica</span> <span class='ocrx_word' id='word_1_57' title='bbox 1887 675 1965 716; x_wconf 89' lang='lat' dir='ltr'>pro</span> 
     </span>
     <span class='ocr_line' id='line_1_9' title="bbox 239 734 1969 791; baseline 0.003 -17"><span class='ocrx_word' id='word_1_58' title='bbox 239 736 421 786; x_wconf 88' lang='lat' dir='ltr'>utraque</span> <span class='ocrx_word' id='word_1_59' title='bbox 452 734 525 776; x_wconf 91' lang='lat' dir='ltr'>illa</span> <span class='ocrx_word' id='word_1_60' title='bbox 556 734 713 778; x_wconf 89' lang='lat' dir='ltr'>schola.</span> <span class='ocrx_word' id='word_1_61' title='bbox 777 735 933 778; x_wconf 84' lang='lat' dir='ltr'>Utilior</span> <span class='ocrx_word' id='word_1_62' title='bbox 963 736 1088 789; x_wconf 90' lang='lat' dir='ltr'>longe</span> <span class='ocrx_word' id='word_1_63' title='bbox 1120 737 1289 779; x_wconf 87' lang='lat' dir='ltr'>videtur</span> <span class='ocrx_word' id='word_1_64' title='bbox 1319 738 1392 780; x_wconf 92' lang='lat' dir='ltr'>illa</span> <span class='ocrx_word' id='word_1_65' title='bbox 1424 738 1646 781; x_wconf 84' lang='lat' dir='ltr'>methodus</span> <span class='ocrx_word' id='word_1_66' title='bbox 1676 738 1893 791; x_wconf 89' lang='lat' dir='ltr'>Magistris</span> <span class='ocrx_word' id='word_1_67' title='bbox 1926 742 1969 780; x_wconf 87' lang='lat' dir='ltr'>et</span> 
     </span>
     <span class='ocr_line' id='line_1_10' title="bbox 239 808 1967 870; baseline 0.003 -20"><span class='ocrx_word' id='word_1_68' title='bbox 239 808 475 862; x_wconf 84' lang='lat' dir='ltr'>discipulis:</span> <span class='ocrx_word' id='word_1_69' title='bbox 520 809 736 863; x_wconf 83' lang='lat' dir='ltr'>discipulis</span> <span class='ocrx_word' id='word_1_70' title='bbox 778 810 972 866; x_wconf 89' lang='lat' dir='ltr'>quidem,</span> <span class='ocrx_word' id='word_1_71' title='bbox 1017 812 1171 865; x_wconf 90' lang='lat' dir='ltr'>quibus</span> <span class='ocrx_word' id='word_1_72' title='bbox 1204 814 1376 867; x_wconf 89' lang='lat' dir='ltr'>proprio</span> <span class='ocrx_word' id='word_1_73' title='bbox 1408 816 1545 856; x_wconf 89' lang='lat' dir='ltr'>marte</span> <span class='ocrx_word' id='word_1_74' title='bbox 1577 813 1856 856; x_wconf 88' lang='lat' dir='ltr'>laborandum</span> <span class='ocrx_word' id='word_1_75' title='bbox 1889 817 1967 870; x_wconf 90' lang='lat' dir='ltr'>est,</span> 
     </span>
     <span class='ocr_line' id='line_1_11' title="bbox 237 884 1965 943; baseline 0.003 -17"><span class='ocrx_word' id='word_1_76' title='bbox 237 884 455 938; x_wconf 89' lang='lat' dir='ltr'>Magistris</span> <span class='ocrx_word' id='word_1_77' title='bbox 487 898 600 941; x_wconf 85' lang='lat' dir='ltr'>vero,</span> <span class='ocrx_word' id='word_1_78' title='bbox 633 886 705 939; x_wconf 93' lang='lat' dir='ltr'>qui</span> <span class='ocrx_word' id='word_1_79' title='bbox 737 889 905 940; x_wconf 89' lang='lat' dir='ltr'>tempus</span> <span class='ocrx_word' id='word_1_80' title='bbox 938 888 1071 941; x_wconf 89' lang='lat' dir='ltr'>magis</span> <span class='ocrx_word' id='word_1_81' title='bbox 1106 888 1356 930; x_wconf 89' lang='lat' dir='ltr'>diuturnum</span> <span class='ocrx_word' id='word_1_82' title='bbox 1379 890 1695 943; x_wconf 86' lang='lat' dir='ltr'>praeparationi</span> <span class='ocrx_word' id='word_1_83' title='bbox 1728 893 1769 931; x_wconf 92' lang='lat' dir='ltr'>et</span> <span class='ocrx_word' id='word_1_84' title='bbox 1797 889 1965 931; x_wconf 89' lang='lat' dir='ltr'>lectioni</span> 
     </span>
     <span class='ocr_line' id='line_1_12' title="bbox 237 960 1969 1018; baseline 0.003 -17"><span class='ocrx_word' id='word_1_85' title='bbox 237 960 481 1013; x_wconf 87' lang='lat' dir='ltr'>impendere</span> <span class='ocrx_word' id='word_1_86' title='bbox 512 966 706 1015; x_wconf 86' lang='lat' dir='ltr'>possunt.</span> <span class='ocrx_word' id='word_1_87' title='bbox 761 987 810 991; x_wconf 97' lang='lat'><strong>—</strong></span> <span class='ocrx_word' id='word_1_88' title='bbox 866 963 1024 1005; x_wconf 85' lang='lat' dir='ltr'>Contra</span> <span class='ocrx_word' id='word_1_89' title='bbox 1056 964 1127 1005; x_wconf 88' lang='lat' dir='ltr'>alii</span> <span class='ocrx_word' id='word_1_90' title='bbox 1159 968 1350 1015; x_wconf 83' lang='lat' dir='ltr'>censent,</span> <span class='ocrx_word' id='word_1_91' title='bbox 1394 968 1561 1018; x_wconf 89' lang='lat' dir='ltr'>tempus</span> <span class='ocrx_word' id='word_1_92' title='bbox 1593 965 1762 1007; x_wconf 90' lang='lat' dir='ltr'>scholae</span> <span class='ocrx_word' id='word_1_93' title='bbox 1803 968 1969 1007; x_wconf 88' lang='lat' dir='ltr'>contra-</span> 
     </span>
     <span class='ocr_line' id='line_1_13' title="bbox 237 1035 1967 1092; baseline 0.003 -16"><span class='ocrx_word' id='word_1_94' title='bbox 237 1035 422 1077; x_wconf 89' lang='lat' dir='ltr'>hendum</span> <span class='ocrx_word' id='word_1_95' title='bbox 454 1049 536 1078; x_wconf 92' lang='lat' dir='ltr'>non</span> <span class='ocrx_word' id='word_1_96' title='bbox 569 1049 662 1079; x_wconf 86' lang='lat' dir='ltr'>esse</span> <span class='ocrx_word' id='word_1_97' title='bbox 696 1040 746 1081; x_wconf 75' lang='lat'>19</span> <span class='ocrx_word' id='word_1_98' title='bbox 779 1040 955 1091; x_wconf 90' lang='lat' dir='ltr'>propter</span> <span class='ocrx_word' id='word_1_99' title='bbox 986 1039 1262 1092; x_wconf 82' lang='lat' dir='ltr'>multiplicem</span> <span class='ocrx_word' id='word_1_100' title='bbox 1295 1040 1523 1082; x_wconf 89' lang='lat' dir='ltr'>lectionum</span> <span class='ocrx_word' id='word_1_101' title='bbox 1556 1041 1790 1082; x_wconf 85' lang='lat' dir='ltr'>materiam.</span> <span class='ocrx_word' id='word_1_102' title='bbox 1850 1041 1967 1083; x_wconf 86' lang='lat' dir='ltr'>Licet</span> 
     </span>
     <span class='ocr_line' id='line_1_14' title="bbox 238 1111 1966 1171; baseline 0.003 -19"><span class='ocrx_word' id='word_1_103' title='bbox 238 1111 348 1152; x_wconf 91' lang='lat' dir='ltr'>enim</span> <span class='ocrx_word' id='word_1_104' title='bbox 389 1111 524 1154; x_wconf 89' lang='lat' dir='ltr'>solida</span> <span class='ocrx_word' id='word_1_105' title='bbox 563 1111 759 1154; x_wconf 90' lang='lat' dir='ltr'>videatur</span> <span class='ocrx_word' id='word_1_106' title='bbox 798 1113 907 1155; x_wconf 88' lang='lat' dir='ltr'>ratio</span> <span class='ocrx_word' id='word_1_107' title='bbox 950 1114 1317 1171; x_wconf 87' lang='lat' dir='ltr'>adversariorum,</span> <span class='ocrx_word' id='word_1_108' title='bbox 1369 1116 1403 1157; x_wconf 89' lang='lat' dir='ltr'>si</span> <span class='ocrx_word' id='word_1_109' title='bbox 1446 1115 1614 1157; x_wconf 90' lang='lat' dir='ltr'>scholae</span> <span class='ocrx_word' id='word_1_110' title='bbox 1657 1115 1794 1158; x_wconf 88' lang='lat' dir='ltr'>adhuc</span> <span class='ocrx_word' id='word_1_111' title='bbox 1835 1117 1876 1157; x_wconf 90' lang='lat' dir='ltr'>in</span> <span class='ocrx_word' id='word_1_112' title='bbox 1918 1129 1966 1158; x_wconf 92' lang='lat' dir='ltr'>eo</span> 
     </span>
     <span class='ocr_line' id='line_1_15' title="bbox 240 1187 1966 1247; baseline 0.003 -19"><span class='ocrx_word' id='word_1_113' title='bbox 240 1189 396 1243; x_wconf 89' lang='lat' dir='ltr'>essent,</span> <span class='ocrx_word' id='word_1_114' title='bbox 428 1191 477 1229; x_wconf 91' lang='lat' dir='ltr'>ut</span> <span class='ocrx_word' id='word_1_115' title='bbox 506 1187 788 1230; x_wconf 83' lang='lat' dir='ltr'>addiscendae</span> <span class='ocrx_word' id='word_1_116' title='bbox 810 1189 978 1242; x_wconf 79' lang='lat' dir='ltr'>linguae</span> <span class='ocrx_word' id='word_1_117' title='bbox 1001 1190 1162 1233; x_wconf 88' lang='lat' dir='ltr'>latinae</span> <span class='ocrx_word' id='word_1_118' title='bbox 1194 1194 1311 1232; x_wconf 88' lang='lat' dir='ltr'>totae</span> <span class='ocrx_word' id='word_1_119' title='bbox 1335 1194 1658 1247; x_wconf 72' lang='lat' dir='ltr'>occuparentur,</span> <span class='ocrx_word' id='word_1_120' title='bbox 1690 1204 1802 1233; x_wconf 93' lang='lat' dir='ltr'>nunc</span> <span class='ocrx_word' id='word_1_121' title='bbox 1825 1195 1966 1233; x_wconf 91' lang='lat' dir='ltr'>autem</span> 
     </span>
     <span class='ocr_line' id='line_1_16' title="bbox 239 1262 1967 1323; baseline 0.003 -21"><span class='ocrx_word' id='word_1_122' title='bbox 239 1265 410 1314; x_wconf 89' lang='lat' dir='ltr'>praeter</span> <span class='ocrx_word' id='word_1_123' title='bbox 441 1262 628 1316; x_wconf 85' lang='lat' dir='ltr'>linguam</span> <span class='ocrx_word' id='word_1_124' title='bbox 651 1265 826 1307; x_wconf 87' lang='lat' dir='ltr'>latinam</span> <span class='ocrx_word' id='word_1_125' title='bbox 850 1270 892 1307; x_wconf 89' lang='lat' dir='ltr'>et</span> <span class='ocrx_word' id='word_1_126' title='bbox 913 1279 1107 1318; x_wconf 81' lang='lat' dir='ltr'>graecam</span> <span class='ocrx_word' id='word_1_127' title='bbox 1131 1266 1277 1319; x_wconf 89' lang='lat' dir='ltr'>lingua</span> <span class='ocrx_word' id='word_1_128' title='bbox 1298 1279 1468 1320; x_wconf 91' lang='lat' dir='ltr'>quoque</span> <span class='ocrx_word' id='word_1_129' title='bbox 1490 1267 1730 1317; x_wconf 79' lang='lat' dir='ltr'>vernacula,</span> <span class='ocrx_word' id='word_1_130' title='bbox 1763 1267 1967 1323; x_wconf 82' lang='lat' dir='ltr'>Historia,</span> 
     </span>
     <span class='ocr_line' id='line_1_17' title="bbox 242 1336 1966 1397; baseline 0.003 -19"><span class='ocrx_word' id='word_1_131' title='bbox 242 1336 525 1395; x_wconf 84' lang='lat' dir='ltr'>Geographia,</span> <span class='ocrx_word' id='word_1_132' title='bbox 558 1340 835 1383; x_wconf 87' lang='lat' dir='ltr'>Arithmetica</span> <span class='ocrx_word' id='word_1_133' title='bbox 868 1341 1149 1384; x_wconf 85' lang='lat' dir='ltr'>addiscendae</span> <span class='ocrx_word' id='word_1_134' title='bbox 1181 1344 1296 1397; x_wconf 91' lang='lat' dir='ltr'>sunt,</span> <span class='ocrx_word' id='word_1_135' title='bbox 1329 1341 1441 1383; x_wconf 91' lang='lat' dir='ltr'>unde</span> <span class='ocrx_word' id='word_1_136' title='bbox 1472 1344 1638 1395; x_wconf 89' lang='lat' dir='ltr'>tempus</span> <span class='ocrx_word' id='word_1_137' title='bbox 1666 1342 1732 1383; x_wconf 86' lang='lat' dir='ltr'>vix</span> <span class='ocrx_word' id='word_1_138' title='bbox 1755 1341 1966 1385; x_wconf 87' lang='lat' dir='ltr'>sufficiens</span> 
     </span>
     <span class='ocr_line' id='line_1_18' title="bbox 238 1411 1965 1471; baseline 0.003 -18"><span class='ocrx_word' id='word_1_139' title='bbox 238 1411 479 1455; x_wconf 89' lang='lat' dir='ltr'>invenietur</span> <span class='ocrx_word' id='word_1_140' title='bbox 510 1418 574 1456; x_wconf 91' lang='lat' dir='ltr'>tot</span> <span class='ocrx_word' id='word_1_141' title='bbox 606 1415 837 1469; x_wconf 89' lang='lat' dir='ltr'>disciplinis</span> <span class='ocrx_word' id='word_1_142' title='bbox 870 1416 1122 1459; x_wconf 82' lang='lat' dir='ltr'>evolvendis.</span> <span class='ocrx_word' id='word_1_143' title='bbox 1186 1417 1337 1459; x_wconf 91' lang='lat' dir='ltr'>Posset</span> <span class='ocrx_word' id='word_1_144' title='bbox 1368 1419 1511 1459; x_wconf 90' lang='lat' dir='ltr'>tamen</span> <span class='ocrx_word' id='word_1_145' title='bbox 1535 1416 1775 1459; x_wconf 83' lang='lat' dir='ltr'>abbreviari</span> <span class='ocrx_word' id='word_1_146' title='bbox 1798 1421 1965 1471; x_wconf 88' lang='lat' dir='ltr'>tempus</span> 
     </span>
     <span class='ocr_line' id='line_1_19' title="bbox 240 1487 1966 1547; baseline 0.003 -18"><span class='ocrx_word' id='word_1_147' title='bbox 240 1487 408 1530; x_wconf 88' lang='lat' dir='ltr'>scholae</span> <span class='ocrx_word' id='word_1_148' title='bbox 440 1489 552 1532; x_wconf 90' lang='lat' dir='ltr'>circa</span> <span class='ocrx_word' id='word_1_149' title='bbox 583 1490 708 1533; x_wconf 90' lang='lat' dir='ltr'>finem</span> <span class='ocrx_word' id='word_1_150' title='bbox 741 1492 838 1533; x_wconf 89' lang='lat' dir='ltr'>anni</span> <span class='ocrx_word' id='word_1_151' title='bbox 870 1492 1130 1542; x_wconf 75' lang='lat' dir='ltr'>scholastici,</span> <span class='ocrx_word' id='word_1_152' title='bbox 1172 1506 1207 1533; x_wconf 89' lang='lat' dir='ltr'>v.</span> <span class='ocrx_word' id='word_1_153' title='bbox 1243 1505 1279 1545; x_wconf 87' lang='lat' dir='ltr'>g.</span> <span class='ocrx_word' id='word_1_154' title='bbox 1312 1504 1458 1533; x_wconf 89' lang='lat' dir='ltr'>mense</span> <span class='ocrx_word' id='word_1_155' title='bbox 1493 1491 1601 1545; x_wconf 87' lang='lat' dir='ltr'>julio</span> <span class='ocrx_word' id='word_1_156' title='bbox 1642 1492 1834 1547; x_wconf 91' lang='lat' dir='ltr'>ineunte,</span> <span class='ocrx_word' id='word_1_157' title='bbox 1875 1495 1966 1534; x_wconf 90' lang='lat' dir='ltr'>tum</span> 
     </span>
     <span class='ocr_line' id='line_1_20' title="bbox 236 1566 1967 1621; baseline 0.003 -17"><span class='ocrx_word' id='word_1_158' title='bbox 236 1566 411 1617; x_wconf 86' lang='lat' dir='ltr'>propter</span> <span class='ocrx_word' id='word_1_159' title='bbox 452 1566 632 1617; x_wconf 72' lang='lat' dir='ltr'>calores,</span> <span class='ocrx_word' id='word_1_160' title='bbox 684 1568 776 1608; x_wconf 89' lang='lat' dir='ltr'>tum</span> <span class='ocrx_word' id='word_1_161' title='bbox 818 1567 917 1620; x_wconf 92' lang='lat' dir='ltr'>quia</span> <span class='ocrx_word' id='word_1_162' title='bbox 951 1569 1039 1621; x_wconf 78' lang='lat' dir='ltr'>Jam</span> <span class='ocrx_word' id='word_1_163' title='bbox 1081 1568 1249 1621; x_wconf 90' lang='lat' dir='ltr'>aliquae</span> <span class='ocrx_word' id='word_1_164' title='bbox 1291 1567 1495 1609; x_wconf 88' lang='lat' dir='ltr'>materiae</span> <span class='ocrx_word' id='word_1_165' title='bbox 1543 1571 1732 1621; x_wconf 88' lang='lat' dir='ltr'>cessant,</span> <span class='ocrx_word' id='word_1_166' title='bbox 1781 1568 1967 1610; x_wconf 89' lang='lat' dir='ltr'>instante</span> 
     </span>
     <span class='ocr_line' id='line_1_21' title="bbox 237 1640 1964 1699; baseline 0.002 -18"><span class='ocrx_word' id='word_1_167' title='bbox 237 1640 396 1682; x_wconf 88' lang='lat' dir='ltr'>scilicet</span> <span class='ocrx_word' id='word_1_168' title='bbox 426 1641 628 1684; x_wconf 87' lang='lat' dir='ltr'>examine.</span> <span class='ocrx_word' id='word_1_169' title='bbox 691 1643 743 1683; x_wconf 73' lang='lat'>29</span> <span class='ocrx_word' id='word_1_170' title='bbox 777 1643 908 1685; x_wconf 90' lang='lat' dir='ltr'>Vivae</span> <span class='ocrx_word' id='word_1_171' title='bbox 930 1644 1042 1685; x_wconf 86' lang='lat' dir='ltr'>vocis</span> <span class='ocrx_word' id='word_1_172' title='bbox 1076 1644 1297 1696; x_wconf 87' lang='lat' dir='ltr'>explicatio</span> <span class='ocrx_word' id='word_1_173' title='bbox 1332 1644 1426 1697; x_wconf 90' lang='lat' dir='ltr'>plus</span> <span class='ocrx_word' id='word_1_174' title='bbox 1451 1643 1625 1696; x_wconf 90' lang='lat' dir='ltr'>prodest</span> <span class='ocrx_word' id='word_1_175' title='bbox 1646 1643 1803 1699; x_wconf 89' lang='lat' dir='ltr'>pueris,</span> <span class='ocrx_word' id='word_1_176' title='bbox 1837 1656 1964 1697; x_wconf 92' lang='lat' dir='ltr'>quam</span> 
     </span>
     <span class='ocr_line' id='line_1_22' title="bbox 236 1715 1965 1773; baseline 0.002 -17"><span class='ocrx_word' id='word_1_177' title='bbox 236 1715 360 1757; x_wconf 85' lang='lat' dir='ltr'>lectio</span> <span class='ocrx_word' id='word_1_178' title='bbox 402 1716 649 1758; x_wconf 87' lang='lat' dir='ltr'>continuata</span> <span class='ocrx_word' id='word_1_179' title='bbox 691 1722 766 1759; x_wconf 91' lang='lat' dir='ltr'>aut</span> <span class='ocrx_word' id='word_1_180' title='bbox 807 1719 1021 1771; x_wconf 89' lang='lat' dir='ltr'>privatum</span> <span class='ocrx_word' id='word_1_181' title='bbox 1062 1719 1277 1771; x_wconf 85' lang='lat' dir='ltr'>studium,</span> <span class='ocrx_word' id='word_1_182' title='bbox 1327 1719 1441 1773; x_wconf 87' lang='lat' dir='ltr'>quod</span> <span class='ocrx_word' id='word_1_183' title='bbox 1482 1721 1625 1761; x_wconf 92' lang='lat' dir='ltr'>tamen</span> <span class='ocrx_word' id='word_1_184' title='bbox 1668 1718 1965 1772; x_wconf 88' lang='lat' dir='ltr'>negligendum</span> 
     </span>
     <span class='ocr_line' id='line_1_23' title="bbox 236 1792 1965 1848; baseline 0.003 -17"><span class='ocrx_word' id='word_1_185' title='bbox 236 1803 317 1832; x_wconf 89' lang='lat' dir='ltr'>non</span> <span class='ocrx_word' id='word_1_186' title='bbox 359 1794 436 1833; x_wconf 91' lang='lat' dir='ltr'>est.</span> <span class='ocrx_word' id='word_1_187' title='bbox 510 1792 737 1835; x_wconf 86' lang='lat' dir='ltr'>Praeterea</span> <span class='ocrx_word' id='word_1_188' title='bbox 778 1794 819 1835; x_wconf 88' lang='lat' dir='ltr'>in</span> <span class='ocrx_word' id='word_1_189' title='bbox 862 1794 1104 1848; x_wconf 89' lang='lat' dir='ltr'>hujusmodi</span> <span class='ocrx_word' id='word_1_190' title='bbox 1143 1795 1297 1837; x_wconf 84' lang='lat' dir='ltr'>scholis</span> <span class='ocrx_word' id='word_1_191' title='bbox 1339 1796 1546 1837; x_wconf 85' lang='lat' dir='ltr'>tribuitur</span> <span class='ocrx_word' id='word_1_192' title='bbox 1585 1794 1761 1847; x_wconf 87' lang='lat' dir='ltr'>singulis</span> <span class='ocrx_word' id='word_1_193' title='bbox 1803 1794 1965 1846; x_wconf 77' lang='lat' dir='ltr'>diebus,</span> 
     </span>
     <span class='ocr_line' id='line_1_24' title="bbox 236 1866 1967 1925; baseline 0.004 -18"><span class='ocrx_word' id='word_1_194' title='bbox 236 1866 443 1908; x_wconf 88' lang='lat' dir='ltr'>sabbatho</span> <span class='ocrx_word' id='word_1_195' title='bbox 478 1871 673 1922; x_wconf 86' lang='lat' dir='ltr'>excepto,</span> <span class='ocrx_word' id='word_1_196' title='bbox 716 1869 821 1912; x_wconf 91' lang='lat' dir='ltr'>hora</span> <span class='ocrx_word' id='word_1_197' title='bbox 853 1884 938 1912; x_wconf 89' lang='lat' dir='ltr'>una</span> <span class='ocrx_word' id='word_1_198' title='bbox 970 1871 1187 1925; x_wconf 85' lang='lat' dir='ltr'>scriptioni</span> <span class='ocrx_word' id='word_1_199' title='bbox 1220 1871 1432 1925; x_wconf 88' lang='lat' dir='ltr'>privatae,</span> <span class='ocrx_word' id='word_1_200' title='bbox 1478 1871 1589 1913; x_wconf 90' lang='lat' dir='ltr'>unde</span> <span class='ocrx_word' id='word_1_201' title='bbox 1620 1874 1788 1924; x_wconf 91' lang='lat' dir='ltr'>tempus</span> <span class='ocrx_word' id='word_1_202' title='bbox 1826 1872 1967 1925; x_wconf 87' lang='lat' dir='ltr'>reipsa</span> 
     </span>
     <span class='ocr_line' id='line_1_25' title="bbox 237 1940 1516 2000; baseline 0.005 -19"><span class='ocrx_word' id='word_1_203' title='bbox 237 1940 291 1981; x_wconf 87' lang='lat' dir='ltr'>ad</span> <span class='ocrx_word' id='word_1_204' title='bbox 322 1944 509 1994; x_wconf 89' lang='lat' dir='ltr'>quatuor</span> <span class='ocrx_word' id='word_1_205' title='bbox 539 1943 665 1986; x_wconf 86' lang='lat' dir='ltr'>horas</span> <span class='ocrx_word' id='word_1_206' title='bbox 698 1945 977 1987; x_wconf 87' lang='lat' dir='ltr'>contrahitur.</span> <span class='ocrx_word' id='word_1_207' title='bbox 1042 1947 1090 1988; x_wconf 93' lang='lat' dir='ltr'>V.</span> <span class='ocrx_word' id='word_1_208' title='bbox 1124 1946 1219 1988; x_wconf 89' lang='lat' dir='ltr'>infr.</span> <span class='ocrx_word' id='word_1_209' title='bbox 1253 1947 1306 1988; x_wconf 91' lang='lat' dir='ltr'>ad</span> <span class='ocrx_word' id='word_1_210' title='bbox 1339 1960 1424 2000; x_wconf 88' lang='lat' dir='ltr'>reg.</span> <span class='ocrx_word' id='word_1_211' title='bbox 1450 1948 1516 1988; x_wconf 79' lang='lat'>27.</span> 
     </span>
    </p>

    <p class='ocr_par' dir='ltr' id='par_1_5' title="bbox 236 2017 1965 2828">
     <span class='ocr_line' id='line_1_26' title="bbox 374 2017 1965 2075; baseline 0.003 -16"><span class='ocrx_word' id='word_1_212' title='bbox 374 2017 446 2059; x_wconf 86' lang='lat' dir='ltr'>Ad</span> <span class='ocrx_word' id='word_1_213' title='bbox 480 2031 578 2071; x_wconf 89' lang='lat' dir='ltr'>reg.</span> <span class='ocrx_word' id='word_1_214' title='bbox 618 2020 680 2060; x_wconf 84' lang='lat'>18.</span> <span class='ocrx_word' id='word_1_215' title='bbox 744 2020 1019 2063; x_wconf 86' lang='lat' dir='ltr'>Necessarius</span> <span class='ocrx_word' id='word_1_216' title='bbox 1059 2022 1247 2074; x_wconf 88' lang='lat' dir='ltr'>profecto</span> <span class='ocrx_word' id='word_1_217' title='bbox 1291 2025 1356 2064; x_wconf 90' lang='lat' dir='ltr'>est</span> <span class='ocrx_word' id='word_1_218' title='bbox 1397 2034 1473 2075; x_wconf 89' lang='lat' dir='ltr'>pro</span> <span class='ocrx_word' id='word_1_219' title='bbox 1514 2022 1803 2075; x_wconf 89' lang='lat' dir='ltr'>superioribus</span> <span class='ocrx_word' id='word_1_220' title='bbox 1835 2021 1965 2063; x_wconf 88' lang='lat' dir='ltr'>facul-</span> 
     </span>
     <span class='ocr_line' id='line_1_27' title="bbox 237 2092 1963 2149; baseline 0.003 -16"><span class='ocrx_word' id='word_1_221' title='bbox 237 2092 398 2134; x_wconf 90' lang='lat' dir='ltr'>tatibus</span> <span class='ocrx_word' id='word_1_222' title='bbox 437 2093 606 2146; x_wconf 81' lang='lat' dir='ltr'>linguae</span> <span class='ocrx_word' id='word_1_223' title='bbox 647 2095 804 2137; x_wconf 87' lang='lat' dir='ltr'>latinae</span> <span class='ocrx_word' id='word_1_224' title='bbox 849 2109 976 2149; x_wconf 87' lang='lat' dir='ltr'>usus,</span> <span class='ocrx_word' id='word_1_225' title='bbox 1020 2097 1131 2138; x_wconf 89' lang='lat' dir='ltr'>unde</span> <span class='ocrx_word' id='word_1_226' title='bbox 1163 2100 1205 2139; x_wconf 91' lang='lat' dir='ltr'>et</span> <span class='ocrx_word' id='word_1_227' title='bbox 1234 2098 1276 2138; x_wconf 90' lang='grc'>111</span> <span class='ocrx_word' id='word_1_228' title='bbox 1308 2097 1577 2139; x_wconf 84' lang='lat' dir='ltr'>inferioribus</span> <span class='ocrx_word' id='word_1_229' title='bbox 1610 2096 1763 2139; x_wconf 89' lang='lat' dir='ltr'>scholis</span> <span class='ocrx_word' id='word_1_230' title='bbox 1796 2097 1963 2139; x_wconf 88' lang='lat' dir='ltr'>omnino</span> 
     </span>
     <span class='ocr_line' id='line_1_28' title="bbox 238 2169 1964 2225; baseline 0.003 -17"><span class='ocrx_word' id='word_1_231' title='bbox 238 2170 303 2208; x_wconf 90' lang='lat' dir='ltr'>est</span> <span class='ocrx_word' id='word_1_232' title='bbox 341 2169 711 2212; x_wconf 89' lang='lat' dir='ltr'>commendandus.</span> <span class='ocrx_word' id='word_1_233' title='bbox 773 2171 973 2213; x_wconf 83' lang='lat' dir='ltr'>Attamen</span> <span class='ocrx_word' id='word_1_234' title='bbox 1013 2172 1182 2214; x_wconf 88' lang='lat' dir='ltr'>minime</span> <span class='ocrx_word' id='word_1_235' title='bbox 1214 2172 1327 2214; x_wconf 89' lang='lat' dir='ltr'>hisce</span> <span class='ocrx_word' id='word_1_236' title='bbox 1360 2172 1621 2225; x_wconf 83' lang='lat' dir='ltr'>temporibus</span> <span class='ocrx_word' id='word_1_237' title='bbox 1653 2172 1808 2225; x_wconf 84' lang='lat' dir='ltr'>negligi</span> <span class='ocrx_word' id='word_1_238' title='bbox 1841 2171 1964 2214; x_wconf 90' lang='lat' dir='ltr'>debet</span> 
     </span>
     <span class='ocr_line' id='line_1_29' title="bbox 238 2245 1963 2302; baseline 0.003 -19"><span class='ocrx_word' id='word_1_239' title='bbox 238 2254 404 2285; x_wconf 84' lang='lat' dir='ltr'>summa</span> <span class='ocrx_word' id='word_1_240' title='bbox 435 2245 561 2297; x_wconf 91' lang='lat' dir='ltr'>patrii</span> <span class='ocrx_word' id='word_1_241' title='bbox 595 2247 800 2289; x_wconf 90' lang='lat' dir='ltr'>sermonis</span> <span class='ocrx_word' id='word_1_242' title='bbox 832 2247 1017 2302; x_wconf 88' lang='lat' dir='ltr'>puritas,</span> <span class='ocrx_word' id='word_1_243' title='bbox 1050 2247 1391 2300; x_wconf 87' lang='lat' dir='ltr'>curandumque,</span> <span class='ocrx_word' id='word_1_244' title='bbox 1426 2250 1472 2289; x_wconf 88' lang='lat' dir='ltr'>ut</span> <span class='ocrx_word' id='word_1_245' title='bbox 1503 2247 1696 2301; x_wconf 89' lang='lat' dir='ltr'>discipuli</span> <span class='ocrx_word' id='word_1_246' title='bbox 1728 2247 1880 2289; x_wconf 93' lang='lat' dir='ltr'>bonam</span> <span class='ocrx_word' id='word_1_247' title='bbox 1916 2259 1963 2289; x_wconf 87' lang='lat' dir='ltr'>ac</span> 
     </span>
     <span class='ocr_line' id='line_1_30' title="bbox 238 2318 1962 2376; baseline 0.003 -18"><span class='ocrx_word' id='word_1_248' title='bbox 238 2318 464 2369; x_wconf 86' lang='lat' dir='ltr'>genuinam</span> <span class='ocrx_word' id='word_1_249' title='bbox 507 2322 897 2373; x_wconf 85' lang='lat' dir='ltr'>pronuntiationem</span> <span class='ocrx_word' id='word_1_250' title='bbox 940 2326 982 2365; x_wconf 91' lang='lat' dir='ltr'>et</span> <span class='ocrx_word' id='word_1_251' title='bbox 1024 2335 1221 2375; x_wconf 88' lang='lat' dir='ltr'>magnam</span> <span class='ocrx_word' id='word_1_252' title='bbox 1265 2323 1304 2364; x_wconf 94' lang='lat' dir='ltr'>in</span> <span class='ocrx_word' id='word_1_253' title='bbox 1339 2323 1444 2364; x_wconf 88' lang='lat' dir='ltr'>bene</span> <span class='ocrx_word' id='word_1_254' title='bbox 1475 2322 1684 2376; x_wconf 91' lang='lat' dir='ltr'>loquendo</span> <span class='ocrx_word' id='word_1_255' title='bbox 1717 2321 1962 2364; x_wconf 87' lang='lat' dir='ltr'>facilitatem</span> 
     </span>
     <span class='ocr_line' id='line_1_31' title="bbox 237 2394 1963 2451; baseline 0.003 -18"><span class='ocrx_word' id='word_1_256' title='bbox 237 2394 470 2445; x_wconf 86' lang='lat' dir='ltr'>acquirant.</span> <span class='ocrx_word' id='word_1_257' title='bbox 537 2396 645 2437; x_wconf 89' lang='lat' dir='ltr'>Hinc</span> <span class='ocrx_word' id='word_1_258' title='bbox 687 2397 951 2439; x_wconf 83' lang='lat' dir='ltr'>efficiendum</span> <span class='ocrx_word' id='word_1_259' title='bbox 993 2398 1179 2447; x_wconf 82' lang='lat' dir='ltr'>videtur,</span> <span class='ocrx_word' id='word_1_260' title='bbox 1224 2402 1272 2439; x_wconf 88' lang='lat' dir='ltr'>ut</span> <span class='ocrx_word' id='word_1_261' title='bbox 1313 2398 1506 2451; x_wconf 86' lang='lat' dir='ltr'>discipuli</span> <span class='ocrx_word' id='word_1_262' title='bbox 1540 2411 1563 2439; x_wconf 89' lang='lat' dir='ltr'>a</span> <span class='ocrx_word' id='word_1_263' title='bbox 1595 2410 1794 2451; x_wconf 89' lang='lat' dir='ltr'>suprema</span> <span class='ocrx_word' id='word_1_264' title='bbox 1826 2410 1963 2450; x_wconf 89' lang='lat' dir='ltr'>gram-</span> 
     </span>
     <span class='ocr_line' id='line_1_32' title="bbox 236 2468 1963 2526; baseline 0.003 -18"><span class='ocrx_word' id='word_1_265' title='bbox 236 2468 392 2510; x_wconf 89' lang='lat' dir='ltr'>matica</span> <span class='ocrx_word' id='word_1_266' title='bbox 422 2469 483 2511; x_wconf 90' lang='lat' dir='ltr'>ita</span> <span class='ocrx_word' id='word_1_267' title='bbox 512 2470 642 2513; x_wconf 84' lang='lat' dir='ltr'>latine</span> <span class='ocrx_word' id='word_1_268' title='bbox 674 2471 789 2524; x_wconf 83' lang='lat' dir='ltr'>loqui</span> <span class='ocrx_word' id='word_1_269' title='bbox 822 2472 1047 2526; x_wconf 76' lang='lat' dir='ltr'>incipiant,</span> <span class='ocrx_word' id='word_1_270' title='bbox 1089 2476 1137 2514; x_wconf 91' lang='lat' dir='ltr'>ut</span> <span class='ocrx_word' id='word_1_271' title='bbox 1168 2486 1471 2525; x_wconf 86' lang='lat' dir='ltr'>nonnunquam</span> <span class='ocrx_word' id='word_1_272' title='bbox 1503 2473 1756 2515; x_wconf 88' lang='lat' dir='ltr'>vernaculae</span> <span class='ocrx_word' id='word_1_273' title='bbox 1794 2473 1963 2526; x_wconf 89' lang='lat' dir='ltr'>linguae</span> 
     </span>
     <span class='ocr_line' id='line_1_33' title="bbox 236 2544 1961 2603; baseline 0.003 -19"><span class='ocrx_word' id='word_1_274' title='bbox 236 2544 447 2595; x_wconf 88' lang='lat' dir='ltr'>specimen</span> <span class='ocrx_word' id='word_1_275' title='bbox 487 2546 719 2598; x_wconf 87' lang='lat' dir='ltr'>praebeant</span> <span class='ocrx_word' id='word_1_276' title='bbox 759 2551 981 2600; x_wconf 85' lang='lat' dir='ltr'>praesente</span> <span class='ocrx_word' id='word_1_277' title='bbox 1023 2548 1290 2603; x_wconf 85' lang='lat' dir='ltr'>Professore,</span> <span class='ocrx_word' id='word_1_278' title='bbox 1340 2548 1413 2601; x_wconf 90' lang='lat' dir='ltr'>qui</span> <span class='ocrx_word' id='word_1_279' title='bbox 1455 2561 1620 2590; x_wconf 88' lang='lat' dir='ltr'>errores</span> <span class='ocrx_word' id='word_1_280' title='bbox 1660 2549 1701 2590; x_wconf 90' lang='lat' dir='ltr'>in</span> <span class='ocrx_word' id='word_1_281' title='bbox 1752 2547 1961 2601; x_wconf 88' lang='lat' dir='ltr'>loquendo</span> 
     </span>
     <span class='ocr_line' id='line_1_34' title="bbox 237 2619 1963 2679; baseline 0.004 -21"><span class='ocrx_word' id='word_1_282' title='bbox 237 2619 433 2671; x_wconf 89' lang='lat' dir='ltr'>corrigat.</span> <span class='ocrx_word' id='word_1_283' title='bbox 492 2645 541 2650; x_wconf 87' lang='lat'>——</span> <span class='ocrx_word' id='word_1_284' title='bbox 596 2622 655 2663; x_wconf 92' lang='lat' dir='ltr'>Ut</span> <span class='ocrx_word' id='word_1_285' title='bbox 686 2622 814 2664; x_wconf 88' lang='lat' dir='ltr'>latine</span> <span class='ocrx_word' id='word_1_286' title='bbox 847 2623 1045 2676; x_wconf 87' lang='lat' dir='ltr'>loquendi</span> <span class='ocrx_word' id='word_1_287' title='bbox 1078 2637 1180 2666; x_wconf 89' lang='lat' dir='ltr'>usus</span> <span class='ocrx_word' id='word_1_288' title='bbox 1214 2624 1484 2677; x_wconf 88' lang='lat' dir='ltr'>aliquatenus</span> <span class='ocrx_word' id='word_1_289' title='bbox 1518 2625 1777 2679; x_wconf 87' lang='lat' dir='ltr'>retineatur,</span> <span class='ocrx_word' id='word_1_290' title='bbox 1817 2626 1963 2677; x_wconf 87' lang='lat' dir='ltr'>posset</span> 
     </span>
     <span class='ocr_line' id='line_1_35' title="bbox 240 2696 1961 2754; baseline 0.003 -19"><span class='ocrx_word' id='word_1_291' title='bbox 240 2696 288 2736; x_wconf 76' lang='grc'>19</span> <span class='ocrx_word' id='word_1_292' title='bbox 320 2696 491 2738; x_wconf 88' lang='lat' dir='ltr'>retineri</span> <span class='ocrx_word' id='word_1_293' title='bbox 527 2710 628 2739; x_wconf 90' lang='lat' dir='ltr'>usus</span> <span class='ocrx_word' id='word_1_294' title='bbox 666 2699 899 2751; x_wconf 88' lang='lat' dir='ltr'>explicandi</span> <span class='ocrx_word' id='word_1_295' title='bbox 937 2703 1164 2753; x_wconf 87' lang='lat' dir='ltr'>praecepta</span> <span class='ocrx_word' id='word_1_296' title='bbox 1206 2700 1335 2742; x_wconf 83' lang='lat' dir='ltr'>latino</span> <span class='ocrx_word' id='word_1_297' title='bbox 1375 2700 1594 2754; x_wconf 85' lang='lat' dir='ltr'>idiomate,</span> <span class='ocrx_word' id='word_1_298' title='bbox 1644 2702 1696 2741; x_wconf 77' lang='lat'>29</span> <span class='ocrx_word' id='word_1_299' title='bbox 1734 2703 1782 2741; x_wconf 91' lang='lat' dir='ltr'>ut</span> <span class='ocrx_word' id='word_1_300' title='bbox 1820 2699 1961 2753; x_wconf 91' lang='lat' dir='ltr'>dispu-</span> 
     </span>
     <span class='ocr_line' id='line_1_36' title="bbox 237 2768 1958 2828; baseline 0.005 -19"><span class='ocrx_word' id='word_1_301' title='bbox 237 2768 422 2811; x_wconf 85' lang='lat' dir='ltr'>tationes</span> <span class='ocrx_word' id='word_1_302' title='bbox 454 2770 495 2811; x_wconf 91' lang='lat' dir='ltr'>in</span> <span class='ocrx_word' id='word_1_303' title='bbox 528 2771 704 2825; x_wconf 89' lang='lat' dir='ltr'>singulis</span> <span class='ocrx_word' id='word_1_304' title='bbox 727 2773 881 2815; x_wconf 90' lang='lat' dir='ltr'>scholis</span> <span class='ocrx_word' id='word_1_305' title='bbox 904 2774 1171 2816; x_wconf 85' lang='lat' dir='ltr'>inferioribus</span> <span class='ocrx_word' id='word_1_306' title='bbox 1194 2775 1481 2828; x_wconf 83' lang='lat' dir='ltr'>praescriptae</span> <span class='ocrx_word' id='word_1_307' title='bbox 1510 2775 1656 2817; x_wconf 85' lang='lat' dir='ltr'>eadem</span> <span class='ocrx_word' id='word_1_308' title='bbox 1679 2775 1823 2827; x_wconf 90' lang='lat' dir='ltr'>lingua</span> <span class='ocrx_word' id='word_1_309' title='bbox 1843 2773 1958 2817; x_wconf 84' lang='lat' dir='ltr'>fiant.</span> 
     </span>
    </p>

    <p class='ocr_par' dir='ltr' id='par_1_6' title="bbox 235 2850 1961 3207">
     <span class='ocr_line' id='line_1_37' title="bbox 371 2850 1961 2908; baseline 0.003 -17"><span class='ocrx_word' id='word_1_310' title='bbox 371 2850 445 2891; x_wconf 87' lang='lat' dir='ltr'>Ad</span> <span class='ocrx_word' id='word_1_311' title='bbox 478 2865 574 2904; x_wconf 88' lang='lat' dir='ltr'>reg.</span> <span class='ocrx_word' id='word_1_312' title='bbox 610 2854 790 2895; x_wconf 74' lang='lat'>21—24.</span> <span class='ocrx_word' id='word_1_313' title='bbox 854 2855 889 2896; x_wconf 94' lang='lat' dir='ltr'><strong>A</strong></span> <span class='ocrx_word' id='word_1_314' title='bbox 931 2868 1014 2908; x_wconf 90' lang='lat' dir='ltr'>quo</span> <span class='ocrx_word' id='word_1_315' title='bbox 1056 2858 1247 2908; x_wconf 89' lang='lat' dir='ltr'>tempore</span> <span class='ocrx_word' id='word_1_316' title='bbox 1292 2856 1332 2896; x_wconf 90' lang='grc'>111</span> <span class='ocrx_word' id='word_1_317' title='bbox 1375 2855 1525 2897; x_wconf 91' lang='lat' dir='ltr'>scholis</span> <span class='ocrx_word' id='word_1_318' title='bbox 1557 2859 1727 2908; x_wconf 90' lang='lat' dir='ltr'>praeter</span> <span class='ocrx_word' id='word_1_319' title='bbox 1758 2859 1961 2897; x_wconf 89' lang='lat' dir='ltr'>consueta</span> 
     </span>
     <span class='ocr_line' id='line_1_38' title="bbox 237 2924 1960 2985; baseline 0.004 -21"><span class='ocrx_word' id='word_1_320' title='bbox 237 2924 365 2965; x_wconf 89' lang='lat' dir='ltr'>etiam</span> <span class='ocrx_word' id='word_1_321' title='bbox 398 2925 600 2982; x_wconf 86' lang='lat' dir='ltr'>Historia,</span> <span class='ocrx_word' id='word_1_322' title='bbox 634 2926 902 2981; x_wconf 87' lang='lat' dir='ltr'>Geographia</span> <span class='ocrx_word' id='word_1_323' title='bbox 934 2932 1011 2971; x_wconf 90' lang='lat' dir='ltr'>etc.</span> <span class='ocrx_word' id='word_1_324' title='bbox 1046 2929 1157 2971; x_wconf 89' lang='lat' dir='ltr'>tradi</span> <span class='ocrx_word' id='word_1_325' title='bbox 1191 2932 1433 2985; x_wconf 89' lang='lat' dir='ltr'>coeperunt,</span> <span class='ocrx_word' id='word_1_326' title='bbox 1466 2933 1710 2972; x_wconf 89' lang='lat' dir='ltr'>contractus</span> <span class='ocrx_word' id='word_1_327' title='bbox 1733 2930 1812 2971; x_wconf 89' lang='lat' dir='ltr'>fuit</span> <span class='ocrx_word' id='word_1_328' title='bbox 1834 2930 1960 2972; x_wconf 89' lang='lat' dir='ltr'>corri-</span> 
     </span>
     <span class='ocr_line' id='line_1_39' title="bbox 235 2998 1958 3057; baseline 0.004 -19"><span class='ocrx_word' id='word_1_329' title='bbox 235 2998 360 3050; x_wconf 87' lang='lat' dir='ltr'>gendi</span> <span class='ocrx_word' id='word_1_330' title='bbox 402 3000 551 3042; x_wconf 89' lang='lat' dir='ltr'>modus</span> <span class='ocrx_word' id='word_1_331' title='bbox 593 3001 680 3043; x_wconf 83' lang='lat' dir='ltr'>fere</span> <span class='ocrx_word' id='word_1_332' title='bbox 720 3003 840 3044; x_wconf 88' lang='lat' dir='ltr'>unice</span> <span class='ocrx_word' id='word_1_333' title='bbox 883 3003 937 3044; x_wconf 87' lang='lat' dir='ltr'>ad</span> <span class='ocrx_word' id='word_1_334' title='bbox 968 3017 1158 3045; x_wconf 88' lang='lat' dir='ltr'>normam</span> <span class='ocrx_word' id='word_1_335' title='bbox 1192 3016 1266 3057; x_wconf 88' lang='lat' dir='ltr'>reg</span> <span class='ocrx_word' id='word_1_336' title='bbox 1303 3006 1376 3054; x_wconf 91' lang='lat'>22,</span> <span class='ocrx_word' id='word_1_337' title='bbox 1418 3016 1500 3045; x_wconf 92' lang='lat' dir='ltr'>non</span> <span class='ocrx_word' id='word_1_338' title='bbox 1535 3005 1785 3047; x_wconf 86' lang='lat' dir='ltr'>observatur</span> <span class='ocrx_word' id='word_1_339' title='bbox 1817 3007 1958 3045; x_wconf 89' lang='lat' dir='ltr'>autem</span> 
     </span>
     <span class='ocr_line' id='line_1_40' title="bbox 235 3073 1955 3132; baseline 0.002 -18"><span class='ocrx_word' id='word_1_340' title='bbox 235 3073 348 3126; x_wconf 90' lang='lat' dir='ltr'>quod</span> <span class='ocrx_word' id='word_1_341' title='bbox 391 3077 456 3115; x_wconf 86' lang='lat' dir='ltr'>est</span> <span class='ocrx_word' id='word_1_342' title='bbox 497 3075 538 3116; x_wconf 87' lang='lat' dir='ltr'>in</span> <span class='ocrx_word' id='word_1_343' title='bbox 581 3076 728 3129; x_wconf 89' lang='lat' dir='ltr'>regula</span> <span class='ocrx_word' id='word_1_344' title='bbox 760 3078 835 3127; x_wconf 83' lang='lat'>21,</span> <span class='ocrx_word' id='word_1_345' title='bbox 878 3082 926 3119; x_wconf 89' lang='lat' dir='ltr'>ut</span> <span class='ocrx_word' id='word_1_346' title='bbox 966 3079 1163 3132; x_wconf 88' lang='lat' dir='ltr'>privatim</span> <span class='ocrx_word' id='word_1_347' title='bbox 1196 3091 1289 3120; x_wconf 90' lang='lat' dir='ltr'>cum</span> <span class='ocrx_word' id='word_1_348' title='bbox 1323 3091 1578 3132; x_wconf 89' lang='lat' dir='ltr'>unoquoque</span> <span class='ocrx_word' id='word_1_349' title='bbox 1610 3082 1710 3132; x_wconf 90' lang='lat' dir='ltr'>agat</span> <span class='ocrx_word' id='word_1_350' title='bbox 1742 3079 1955 3131; x_wconf 86' lang='lat' dir='ltr'>Magister.</span> 
     </span>
     <span class='ocr_line' id='line_1_41' title="bbox 237 3146 1957 3207; baseline 0.004 -20"><span class='ocrx_word' id='word_1_351' title='bbox 237 3146 353 3197; x_wconf 81' lang='lat' dir='ltr'>Quae</span> <span class='ocrx_word' id='word_1_352' title='bbox 391 3149 582 3191; x_wconf 85' lang='lat' dir='ltr'>conferre</span> <span class='ocrx_word' id='word_1_353' title='bbox 612 3154 792 3203; x_wconf 83' lang='lat' dir='ltr'>possunt</span> <span class='ocrx_word' id='word_1_354' title='bbox 824 3151 877 3193; x_wconf 88' lang='lat' dir='ltr'>ad</span> <span class='ocrx_word' id='word_1_355' title='bbox 909 3153 1114 3205; x_wconf 86' lang='lat' dir='ltr'>optimum</span> <span class='ocrx_word' id='word_1_356' title='bbox 1146 3153 1381 3206; x_wconf 84' lang='lat' dir='ltr'>explicandi</span> <span class='ocrx_word' id='word_1_357' title='bbox 1421 3153 1741 3206; x_wconf 87' lang='lat' dir='ltr'>corrigendique</span> <span class='ocrx_word' id='word_1_358' title='bbox 1772 3152 1957 3207; x_wconf 90' lang='lat' dir='ltr'>modum,</span> 
     </span>
    </p>
   </div>
  </div>
 </body>
</html>
