2164 3535
275 222 324 263 17
330 223 354 263 2
843 219 1051 265 Gymnasial
1061 240 1072 245 -
1081 218 1294 263 Padagogik
1323 221 1362 255 17
1364 223 1419 256 36.

272 360 393 402 facile
426 363 586 416 potest,
630 363 677 403 ut
708 361 915 414 pudendis
947 373 991 402 se
1023 361 1240 414 implicent
1270 361 1432 414 laqueis
1467 363 1595 414 atque
1626 361 1667 402 in
1706 362 1992 417 ignominiam,

272 448 400 490 quam
433 437 542 478 male
575 437 781 489 fugitant,
826 436 976 477 merito
1020 435 1218 478 incidant.
1283 436 1412 489 Atqui
1445 449 1527 478 non
1569 437 1828 490 suspendere
1869 439 1993 491 turpe

272 515 358 565 est,
401 512 473 554 sed
506 511 787 564 praecipitare
819 511 1084 552 sententiam.
1150 511 1361 565 Sapientis
1396 516 1538 553 autem
1581 515 1664 565 est,
1702 512 1994 554 necessitatem

274 587 440 629 subitae
473 586 756 640 responsionis
791 586 1014 639 declinare,
1048 587 1261 639 cogitandi
1294 599 1461 629 sumere
1493 591 1675 643 tempus,
1708 587 1919 629 interdum
1953 591 1996 630 et

273 661 485 703 inscitiam
519 660 718 702 confiteri.
781 661 959 703 Etiamsi
994 661 1194 714 (inquies)
1228 666 1450 703 succurrat
1481 662 1595 715 quod
1628 662 1822 712 dicerem,
1855 662 1994 704 malim

270 739 412 778 tamen
447 736 550 777 certi
574 736 728 783 simus;
762 736 942 778 revisam
975 737 1128 782 libros:
1161 737 1379 790 explorata
1402 738 1594 779 referam.
1651 738 1766 780 Haec
1789 738 1995 780 modestia

271 812 508 866 opinionem
544 812 761 854 doctrinae
793 825 875 853 non
908 812 1076 865 deterit,
1109 813 1361 866 prudentiae
1383 818 1525 869 auget,
1558 814 1779 867 magisque
1802 813 1997 855 conciliat

274 887 608 929 benevolentiam
641 888 960 942 interrogantis,
993 901 1119 941 quam
1153 888 1418 930 stomachum
1452 893 1699 932 commovet.
1750 890 1877 931 Plura
1900 901 1997 931 vero

275 963 326 1005 de
358 963 421 1005 his
456 964 650 1006 omnibus
691 965 774 1017 legi
812 967 991 1018 possunt
1034 966 1147 1019 apud
1190 965 1439 1007 Sacchinum
1483 965 1524 1006 in
1563 965 1739 1006 Paraen.
1784 976 1815 1006 c.
1841 965 1866 1005 4
1908 977 1946 1005 n.
1972 964 1996 1004 :2

275 1042 316 1080 et
348 1052 380 1081 c.
401 1040 466 1081 20.

411 1121 530 1171 Quod
564 1122 673 1175 siqui
707 1122 833 1164 etiam
866 1123 1028 1164 externi
1061 1122 1207 1164 eadem
1240 1123 1281 1163 in
1314 1123 1419 1164 urbe
1450 1122 1607 1164 fuerint
1638 1121 1836 1163 similium
1872 1120 1997 1163 Scho-

274 1197 410 1237 larum
443 1210 516 1238 seu
548 1197 665 1251 laici,
709 1210 782 1238 seu
823 1197 1009 1250 religiosi
1041 1198 1352 1252 moderatores,
1394 1197 1509 1239 haud
1547 1210 1647 1239 sane
1678 1197 1831 1238 minori
1863 1195 1997 1238 solici-

273 1272 419 1313 tudine
452 1273 668 1314 vitandam
700 1272 820 1314 nobis
854 1286 1010 1325 pravae
1040 1273 1266 1326 cujuslibet
1288 1273 1582 1315 aemulationis
1606 1273 1844 1326 opinionem
1873 1271 1998 1314 duca-

271 1360 378 1389 mus.
429 1347 470 1389 si
504 1348 608 1390 bene
641 1348 699 1389 illi
723 1361 811 1389 rem
835 1351 998 1401 gerant,
1031 1348 1065 1390 si
1089 1349 1253 1390 celebre
1276 1361 1427 1390 nomen
1452 1352 1494 1389 et
1516 1347 1775 1389 auditorium
1798 1347 1996 1400 frequens

273 1422 503 1477 obtineant,
538 1436 682 1465 eorum
714 1423 927 1466 industria
962 1428 1153 1467 nostram
1187 1424 1353 1473 excitet,
1387 1427 1428 1465 et
1450 1423 1563 1476 quod
1592 1423 1784 1476 publicae
1806 1422 1996 1475 utilitati,

272 1510 365 1539 cum
400 1499 564 1540 divinae
597 1499 755 1552 gloriae
787 1499 1067 1549 incremento,
1100 1500 1158 1541 sic
1191 1499 1369 1540 maxime
1403 1499 1641 1541 consultum
1675 1498 1750 1551 sit,
1785 1497 1941 1540 referat
1973 1511 1997 1540 a

271 1573 390 1615 nobis
435 1574 776 1627 gratulationem.
850 1575 997 1627 Neque
1039 1575 1175 1616 solum
1219 1579 1283 1615 est
1325 1575 1463 1616 animo
1508 1575 1668 1617 sincere
1711 1573 1995 1627 gaudendum,

272 1661 416 1690 verum
452 1650 601 1700 etiam,
641 1650 712 1691 ubi
745 1650 861 1692 locus
896 1653 982 1699 est,
1015 1650 1135 1691 vultu
1168 1650 1371 1701 benigno,
1404 1649 1567 1691 liberali
1600 1649 1810 1703 oratione,
1842 1652 1999 1702 tempe-

271 1725 389 1766 stivis
423 1725 568 1766 officiis
602 1725 820 1778 prodenda
852 1726 1014 1767 laetitia
1045 1726 1274 1779 palamque
1305 1724 1583 1767 testificanda.
1638 1724 1721 1767 Sed
1754 1728 1797 1766 et
1828 1725 1861 1766 si
1894 1724 1999 1766 acci-

271 1800 402 1847 deret„
436 1804 483 1841 ut
504 1800 834 1853 praeceptorum
867 1801 1073 1855 ejusmodi
1107 1802 1316 1855 quispiam
1338 1801 1527 1842 moribus
1549 1801 1749 1853 literisve,
1782 1800 1847 1842 vel
1870 1799 1996 1841 etiam

271 1875 464 1927 utrisque
496 1875 814 1920 destitueretur.
850 1877 973 1929 adde,
1008 1880 1051 1919 et
1082 1878 1343 1919 obtrectaret
1375 1877 1494 1918 nobis
1529 1880 1603 1918 aut
1635 1876 1790 1928 iniquis
1812 1888 1888 1917 nos
1911 1887 1997 1916 mo-

271 1950 488 1992 litionibus
522 1955 807 2004 oppugnaret:
840 1955 929 1994 tum
964 1965 1061 1994 vero
1085 1953 1217 1994 multo
1251 1957 1362 1994 esset
1384 1952 1623 1993 necessaria
1644 1952 1780 2005 maJ'or
1803 1950 1995 2002 attentio,

273 2030 321 2067 ut
352 2026 455 2067 nihil
487 2039 562 2079 per
594 2038 668 2068 nos
703 2039 968 2069 moveremus
1002 2028 1221 2081 privatim,
1254 2028 1327 2069 sed
1362 2027 1629 2080 Superiorem
1665 2026 1861 2081 candide,
1894 2026 1995 2079 quid

271 2102 312 2143 in
346 2114 391 2143 re
424 2103 554 2153 esset,
587 2101 860 2144 edoceremus
907 2104 1083 2156 ejusque
1121 2103 1241 2145 unice
1283 2103 1323 2144 in
1367 2102 1576 2144 sententia
1617 2102 1991 2155 acquiesceremus.

274 2178 433 2219 Deinde
457 2190 724 2231 nequaquam
759 2178 900 2220 faciles
926 2191 1050 2220 aures
1074 2179 1335 2221 delatoribus
1368 2178 1644 2231 praebendae.
1696 2178 1817 2219 Multi
1841 2178 1996 2231 quippe

271 2253 488 2295 insinuant
519 2267 563 2295 se
594 2266 670 2307 per
701 2253 834 2295 malas
867 2258 1003 2295 artes:
1037 2266 1231 2307 quaeque
1255 2254 1367 2296 dicta
1391 2255 1451 2295 vel
1476 2254 1590 2295 facta
1612 2252 1813 2306 referunt,
1846 2253 1993 2295 eadem

271 2332 472 2382 asperant
503 2341 629 2382 saepe
660 2329 723 2370 vel
764 2328 1035 2382 amplificant.
1100 2329 1280 2379 Quidam
1320 2330 1446 2371 etiam
1489 2329 1680 2371 tentandi
1712 2329 1851 2381 gratia
1884 2341 1997 2370 acce-

272 2403 397 2458 dunt,
431 2406 473 2445 et
504 2404 638 2444 multa
671 2416 718 2445 ex
757 2404 923 2457 ingenio
957 2405 1346 2446 comminiscuntur.
1408 2405 1560 2458 Itaque
1600 2404 1650 2445 de
1682 2404 1794 2446 vitiis
1826 2403 1994 2445 illorum

271 2479 517 2525 tacendum:
551 2479 674 2529 bona,
709 2479 855 2532 siquae
878 2481 1132 2525 noverimus,
1164 2481 1204 2521 in
1239 2484 1429 2533 tempore
1452 2483 1494 2521 et
1527 2480 1616 2521 loco
1640 2492 1722 2521 non
1745 2478 1993 2533 premenda3

273 2566 550 2607 quaecunque
581 2555 743 2609 licebit,
777 2555 1037 2602 excusanda;
1078 2555 1129 2596 de
1161 2555 1358 2603 caeteris,
1399 2557 1544 2608 aperte
1576 2554 1880 2610 profitendum,
1913 2567 1994 2597 non

274 2641 366 2670 esse
408 2633 599 2671 nostrum
640 2630 941 2683 pronunciare;
985 2643 1062 2671 suo
1105 2642 1174 2672 eos
1208 2631 1385 2671 Domino
1428 2634 1542 2672 stare
1582 2630 1644 2672 vel
1679 2630 1846 2676 cadere:
1891 2630 1994 2671 satis

272 2704 427 2745 habere
459 2717 535 2745 nos
569 2704 679 2746 domi
711 2708 883 2747 nostrae
915 2705 1027 2758 quod
1066 2718 1255 2758 agamus.
1312 2705 1534 2760 Siquando
1575 2710 1717 2746 autem
1757 2705 1807 2747 de
1848 2705 1993 2747 alienis

271 2778 636 2821 lucubrationibus
678 2784 823 2822 nostra
865 2781 1113 2834 exquiratur
1153 2780 1385 2831 sententia,
1432 2793 1558 2833 quam
1598 2781 1765 2822 laudem
1808 2793 1852 2821 re
1895 2792 1993 2822 vera

271 2854 446 2895 meritae
490 2854 768 2907 videbuntur,
811 2868 902 2897 cam
950 2856 1127 2908 benigne
1172 2855 1432 2898 tribuamus:
1482 2856 1792 2910 vituperatione
1833 2858 1993 2906 contra,

271 2928 348 2970 etsi
383 2928 603 2971 manifeste
635 2932 854 2983 peccatum
887 2934 1013 2983 esset,
1047 2931 1237 2973 consulto
1271 2931 1571 2973 abstineamus.
1622 2932 1856 2979 Postremo,
1892 2942 1993 2983 quo-

272 3015 436 3055 cunque
470 3016 513 3045 se
544 3003 731 3045 habeant
762 3005 885 3046 modo
925 3006 1084 3047 externi
1118 3007 1439 3059 Praeceptores,
1482 3005 1785 3047 attendendum
1828 3017 1993 3058 semper

273 3090 559 3131 summopere,
603 3083 651 3120 ut
688 3092 739 3121 ne
771 3080 857 3121 ulla
890 3081 1052 3122 ratione
1093 3081 1354 3134 disciplinam
1386 3085 1575 3123 nostram
1609 3081 1797 3123 remittat
1828 3080 1891 3122 vel
1924 3080 1992 3121 he-

272 3154 385 3196 betet
425 3158 562 3196 metus
609 3155 696 3197 ille:
747 3169 796 3197 ne
838 3156 1030 3210 discipuli
1072 3156 1215 3199 offensi
1257 3156 1308 3198 ad
1352 3156 1456 3197 alios
1501 3170 1545 3198 se
1592 3157 1819 3198 conferant.
1883 3154 1991 3206 Quid
