2164 3535
212 209 265 249 27
272 209 296 249 6
567 203 802 247 Verwaltung
827 204 926 238 eines
952 202 1084 247 papstl.
1111 202 1314 236 Alumnats.
1365 202 1470 237 Nach
1499 205 1596 238 1650.

1036 423 1134 477 ξε).

213 517 360 560 Circa
397 517 642 559 Rationes
682 515 915 569 privatas
947 515 1279 557 Alumnorum
1316 514 1611 556 trimestres
1650 515 1700 556 et
1738 525 1944 555 annuas.

354 637 389 674 1.
439 632 545 674 Cum
576 631 695 673 iuxta
726 631 922 684 superius
955 630 1068 672 dicta
1100 630 1280 684 quilibet
1312 630 1519 671 Alumnus
1563 643 1612 671 ex
1643 629 1866 684 moderno,
1906 634 1949 669 et

212 711 335 751 aucto
369 707 506 761 pretio
539 705 750 760 Stipendii
772 705 980 748 Pontificii
1013 706 1242 759 quotannis
1278 706 1458 759 accipiat
1490 707 1545 747 99
1568 704 1606 745 fi.
1643 706 1696 746 :32
1721 717 1794 757 cr„
1827 703 1948 746 facile

213 797 262 825 ex
293 783 375 825 illis
408 783 659 825 satisfacere
691 782 850 835 poterit
881 782 1145 835 sumptibus,
1187 785 1229 823 et
1260 781 1460 834 impensis
1493 781 1548 822 90
1580 779 1618 821 fl.
1663 779 1817 833 quibus
1861 783 1949 822 stat

212 871 348 900 annus
382 857 671 900 Scholasticus
704 858 746 898 in
779 857 988 913 Collegio,
1028 857 1206 899 totidem
1248 857 1358 898 enim
1390 856 1670 910 requiruntur
1702 855 1755 896 ad
1787 855 1949 897 solven-

213 933 313 975 dum
345 933 524 989 victum,
557 936 728 988 potum,
768 932 1095 986 habitationem,
1136 932 1316 987 lectum,
1356 932 1577 981 lotionem,
1618 930 1751 985 ligna,
1789 930 1950 971 lumina

212 1009 453 1050 communia
487 1011 603 1062 (nam
637 1008 806 1061 privata
837 1008 1063 1050 luminaria
1084 1020 1167 1049 non
1192 1006 1612 1060 comprehenduntur
1643 1005 1685 1047 in
1710 1005 1950 1059 ordinariis,

212 1084 287 1126 sed
319 1083 558 1138 specialiter
590 1083 695 1124 solvi
729 1082 923 1137 debent),
957 1083 1190 1137 Medicum,
1224 1084 1532 1132 atramentum,
1565 1081 1842 1123 tractationes
1876 1080 1949 1122 tri-

213 1159 330 1213 ginta
362 1158 740 1213 extraordinarias,
774 1158 1013 1200 auctarium
1043 1158 1227 1211 denique
1260 1169 1337 1211 pro
1362 1156 1510 1198 diebus
1543 1156 1811 1211 esurialibus,
1845 1155 1950 1197 adeo

214 1233 404 1287 quidem,
455 1235 501 1274 ut
540 1233 576 1275 si
614 1232 706 1274 aliis
746 1232 987 1286 sumptibus
1029 1245 1204 1285 parcere
1250 1232 1373 1287 velit,
1421 1231 1578 1274 residui
1618 1238 1819 1273 maneant
1858 1231 1881 1271 9
1923 1230 1950 1271 fl

214 1310 267 1351 32
291 1321 348 1350 cr.
381 1311 424 1350 et
454 1308 582 1364 ultra,
615 1307 768 1361 quibus
801 1307 865 1348 uti
894 1310 1038 1360 potest
1070 1306 1123 1349 ad
1146 1307 1348 1349 vestitum
1371 1312 1413 1348 et
1435 1306 1519 1348 alia
1539 1306 1792 1359 necessaria,
1824 1318 1947 1359 quae.

214 1383 399 1438 aliunde,
432 1386 474 1425 et
505 1396 554 1425 ex
585 1382 768 1436 propriis
801 1381 950 1425 mediis
984 1382 1222 1435 comparari
1258 1381 1476 1424 deberent.

353 1460 390 1499 2.
435 1458 494 1500 Ut
526 1470 625 1500 vero
657 1457 778 1500 facile
811 1457 1168 1513 deprehendatur,
1203 1457 1305 1511 quid
1337 1457 1513 1510 singulis
1537 1456 1700 1512 diebus,
1733 1456 1835 1510 quid
1867 1456 1950 1499 sin-

216 1532 326 1585 gulis
358 1532 629 1588 septimanis,
671 1536 714 1575 et
746 1532 914 1574 demum
948 1532 1049 1586 quid
1090 1532 1267 1585 singulis
1313 1532 1600 1575 trimestribus
1643 1532 1774 1574 cuivis
1807 1532 1951 1573 Alum-

216 1621 368 1650 norum
401 1612 637 1664 competat,
680 1612 767 1650 tam
800 1620 895 1649 cum
937 1608 1072 1661 pretio
1117 1608 1356 1661 ordinario,
1400 1620 1529 1661 quam
1569 1612 1714 1662 aucto,
1758 1608 1950 1661 subjecta

216 1684 365 1726 tabula
396 1684 670 1726 manifestum
701 1683 840 1725 faciet.
878 1707 927 1712 ——
964 1708 1014 1712 —

355 1759 413 1801 Es
445 1759 585 1812 folgen
618 1771 703 1799 nun
738 1758 815 1799 auf
842 1757 944 1799 zwei
974 1756 1116 1800 Seiten
1150 1757 1406 1799 detaillierte
1428 1757 1729 1813 Rechnungen,
1763 1758 1837 1800 wie
1869 1758 1949 1800 viel

217 1833 294 1875 auf
323 1833 403 1875 den
438 1833 555 1888 Kopf
582 1845 677 1875 voni
709 1832 974 1886 papstlichen
1007 1832 1335 1886 Pensionsgelde
1372 1833 1448 1874 mit
1478 1833 1564 1874 und
1598 1833 1704 1874 ohne
1736 1833 1841 1886 Agio
1872 1846 1949 1887 per

218 1908 307 1961 Tag
338 1908 425 1950 und
460 1908 619 1951 Woche
651 1908 768 1950 trifft.

1036 2173 1132 2227 se.

395 2268 541 2311 Circa
577 2268 821 2311 Rationes
860 2268 1109 2309 Romanas
1152 2271 1443 2310 menstruas
1482 2272 1532 2310 et
1568 2281 1774 2311 annuas.

364 2388 399 2426 1.
442 2385 516 2427 Uti
548 2384 755 2426 monitum
788 2386 853 2425 est
884 2395 1015 2436 supra
1047 2383 1118 2436 §4
1151 2383 1192 2424 in
1224 2382 1288 2425 his
1322 2395 1405 2425 non
1440 2384 1677 2426 attenditur
1709 2383 1763 2425 ad
1787 2383 1951 2425 moder-

222 2472 323 2501 num
354 2459 627 2509 Auctarium,
670 2458 745 2501 sed
784 2457 1029 2511 proceditur
1067 2457 1136 2499 via
1177 2458 1371 2514 antiqua,
1415 2462 1457 2500 et
1495 2458 1673 2501 Scutum
1714 2460 1951 2502 Romanum

223 2537 498 2587 computatur
530 2533 764 2577 secundum
796 2533 981 2575 valorem
1015 2532 1290 2589 ordinarium,
1324 2546 1475 2587 nempe
1510 2538 1529 2576 1
1554 2534 1593 2575 fl.
1628 2536 1681 2576 45
1706 2546 1761 2576 cr.

363 2610 399 2650 2.
453 2608 600 2659 Quoad
640 2608 826 2650 rationes
866 2610 1106 2650 menstruas
1139 2609 1422 2651 Alumnorum
1465 2610 1688 2663 diligenter
1729 2610 1951 2652 adverten-

225 2683 325 2725 dum
357 2688 441 2738 est,
484 2687 589 2736 quot
629 2684 786 2726 mensis
826 2683 913 2725 dies
945 2683 1120 2738 habeat,
1164 2687 1206 2726 et
1247 2696 1299 2725 an
1343 2697 1543 2726 numerus
1586 2685 1638 2727 23
1671 2685 1950 2727 Alumnorum

225 2758 280 2800 sit
312 2758 558 2812 completus.
626 2758 669 2800 Si
702 2758 812 2800 enim
844 2758 909 2800 vel
940 2772 1049 2801 unus
1081 2760 1199 2801 locus
1234 2761 1372 2815 vacet,
1417 2762 1518 2802 tunc
1558 2759 1600 2801 id
1642 2759 1877 2802 notandum
1908 2759 1949 2801 in

225 2832 484 2887 rationibus,
518 2836 561 2875 et
592 2833 728 2874 minor
760 2846 961 2875 numerus
993 2834 1214 2887 ponendus
1247 2846 1323 2887 per
1353 2837 1418 2875 tot
1450 2834 1558 2885 dies,
1589 2837 1632 2876 et
1663 2846 1842 2889 menses,
1875 2846 1951 2887 per

225 2911 329 2960 quot
362 2908 491 2949 durat
524 2911 747 2954 vacatura:
782 2908 987 2961 contingit
1009 2911 1151 2950 autem
1175 2911 1391 2959 vacatura,
1425 2908 1595 2961 quando
1619 2909 1712 2961 quis
1736 2922 1785 2950 ex
1806 2909 1951 2950 Alum-

225 2983 288 3023 nis
321 2983 384 3024 vel
419 2982 562 3024 studia
604 2995 682 3024 sua
714 2982 918 3038 absolvit,
963 2982 1026 3024 vel
1070 2982 1122 3024 ob
1163 2995 1332 3034 gravem
1377 2996 1548 3025 causam
1591 2983 1842 3035 dimittitur,
1885 2982 1950 3024 vel

225 3056 312 3109 ipse
346 3056 523 3098 discedit
556 3056 694 3098 animo
727 3069 809 3098 non
843 3057 1064 3099 redeundi:
1113 3057 1241 3098 durat
1281 3060 1422 3100 autem
1465 3058 1567 3100 haec
1608 3059 1699 3112 ipsa
1730 3061 1947 3109 vacatura,

226 3132 429 3185 quamdiu
464 3144 544 3173 non
579 3132 855 3174 substituitur
886 3133 1013 3184 alius,
1047 3132 1118 3185 qui
1150 3132 1203 3172 ab
1236 3144 1283 3173 eo
1315 3132 1405 3185 ipso
1440 3132 1527 3187 die,
1559 3144 1641 3185 quo
1674 3133 1948 3174 Alumnatum
