2164 3535
200 186 282 227 ‘216
732 180 1007 224 Heranbildung
1031 180 1095 214 der
1119 180 1257 215 Lehrer
1286 183 1383 215 1622.

337 325 388 365 49
422 322 538 373 Quae
569 320 804 363 orationem
837 321 1003 361 acutam
1038 317 1211 374 faciunt,
1244 322 1293 360 ut
1323 322 1424 361 sunt
1455 318 1594 360 omnia
1625 319 1748 373 salse,
1787 318 1922 361 facete

199 402 242 441 et
278 397 494 451 ingeniose
533 397 663 449 dicta,
707 396 758 437 de
790 394 944 448 quibus
976 394 1169 448 pluribus
1203 394 1395 448 disputat
1426 394 1611 436 secundo
1644 393 1696 435 de
1728 394 1918 435 Oratore.

339 478 610 521 Formulae
651 476 856 519 materiae
898 477 1014 530 (nam
1057 478 1279 518 contextus
1322 475 1432 518 obvii
1480 477 1596 527 sunt)
1639 478 1740 517 sunt
1777 475 1819 516 in
1857 474 1922 516 his

201 555 319 598 libris
351 554 558 598 formulae
589 552 790 594 narrandi
823 564 933 603 rem,
975 551 1026 593 de
1058 564 1142 605 qua
1175 551 1442 604 disputatur,
1474 551 1515 592 in
1548 551 1725 592 alteram
1757 552 1923 603 partem

200 629 407 685 probandi
440 641 487 670 ac
519 627 669 669 deinde
701 626 934 682 refutandi,
975 626 1256 682 digrediendi,
1288 625 1507 677 hortandi,
1539 638 1648 679 quae
1681 624 1821 666 omnia
1853 623 1924 666 ob-

200 705 409 749 servanda
440 707 540 746 sunt
572 703 795 745 collatione
826 704 940 745 facta
972 715 1066 744 cum
1099 715 1147 744 eo
1179 702 1303 744 modo
1331 701 1543 744 tractandi
1564 700 1642 742 has
1664 699 1833 742 easdem
1857 712 1923 741 res

200 781 295 823 rudi
327 793 375 822 ac
406 780 612 831 barbam,
653 791 736 832 quo
767 778 892 821 hodie
931 779 971 820 in
1010 777 1163 820 scholis
1205 777 1503 831 philosophicis
1542 776 1724 827 utimur,
1766 778 1814 816 ut
1851 774 1923 827 sie,

200 869 295 899 cum
327 855 429 898 haec
461 855 608 897 eadem
641 856 789 896 ornate
818 857 860 896 et
882 853 1049 906 copiose
1072 852 1297 895 tractanda
1318 852 1416 906 sint,
1449 852 1656 893 rationem
1679 863 1704 892 a
1725 849 1925 892 Cicerone

200 931 426 973 discamus.
486 930 635 983 Neque
668 942 769 971 sane
800 930 921 971 facile
952 928 1164 971 inveneris
1195 931 1342 971 nostro
1374 927 1578 969 Instituto
1610 926 1761 968 horum
1801 925 1926 967 libro-

207 1019 301 1048 rum
333 1005 511 1048 lectione
543 1004 928 1055 accommodatius3
961 1016 1088 1057 saepe
1121 1003 1230 1045 enim
1263 1005 1363 1045 sunt
1393 1002 1513 1044 nobis
1545 1000 1749 1044 historiae
1781 1012 1927 1042 sacrae

201 1080 455 1135 narrandae,
487 1092 613 1134 saepe
646 1079 696 1121 de
728 1078 957 1121 virtutibus
990 1081 1032 1120 et
1063 1077 1207 1119 officiis
1238 1077 1418 1119 hominis
1449 1076 1666 1119 christiani
1689 1074 1926 1127 dicendum,

200 1170 326 1210 saepe
358 1156 410 1198 de
442 1155 568 1198 rebus
601 1155 745 1197 arduis
779 1154 1071 1197 disserendum
1105 1155 1147 1195 et
1178 1152 1425 1195 confutandi
1457 1150 1711 1194 adversarii:
1744 1162 1926 1204 quarum

202 1231 387 1275 omnium
431 1244 574 1273 rerum
607 1230 798 1284 exempla
829 1242 1040 1282 nusquam
1072 1228 1306 1282 elegantius
1338 1241 1467 1282 quam
1498 1228 1538 1269 in
1571 1226 1634 1268 his
1667 1225 1785 1268 libris
1818 1227 1927 1266 trac-

201 1310 293 1350 tata
323 1306 521 1349 invenies.

344 1381 508 1423 Verba
539 1381 580 1423 in
612 1380 676 1422 his
708 1379 827 1422 libris
860 1382 960 1422 sunt
991 1379 1125 1432 primo
1157 1378 1327 1420 minime
1359 1377 1535 1419 humilia
1568 1380 1610 1419 et
1637 1375 1822 1431 sordida,
1855 1375 1929 1417 sed

203 1456 349 1511 gravia
379 1460 422 1499 et
453 1455 630 1498 eruditis
663 1455 836 1497 auribus
870 1454 1009 1507 digna.
1072 1454 1224 1507 Itaque
1255 1453 1296 1494 in
1330 1452 1392 1495 his
1424 1452 1542 1494 libris
1574 1465 1656 1493 non
1689 1451 1813 1493 modo
1847 1462 1929 1492 non

206 1532 412 1575 matulam
454 1534 496 1573 et
537 1530 780 1584 scaphium,
825 1529 898 1571 sed
940 1542 991 1571 ne
1023 1529 1245 1583 pellionem
1278 1528 1447 1582 quidem
1480 1531 1522 1569 et
1554 1527 1777 1570 cerdonem
1809 1526 1931 1568 facile

205 1608 331 1660 leges
394 1605 557 1648 Deinde
589 1605 738 1647 suavia
769 1608 811 1647 et
841 1604 1011 1646 minime
1043 1604 1229 1657 agrestia
1260 1606 1335 1645 aut
1363 1603 1578 1646 rusticano
1611 1614 1726 1644 sono.
1789 1601 1930 1643 Tertio

206 1680 526 1725 accommodata
566 1681 790 1723 materiae:
830 1680 865 1721 si
905 1679 978 1721 illa
1018 1679 1073 1721 sit
1114 1678 1309 1734 grandis,
1350 1678 1548 1731 grandia3
1588 1678 1623 1719 si
1665 1677 1719 1719 ad
1751 1676 1932 1719 delecta-

206 1757 363 1799 tionem
386 1756 634 1810 composita,
668 1755 828 1810 suavia,
862 1754 1006 1808 qualia
1037 1757 1138 1796 sunt
1168 1754 1253 1810 illa,
1285 1753 1440 1807 quibus
1465 1752 1608 1795 Cicero
1641 1752 1778 1794 utitur
1809 1752 1846 1793 3.
1881 1751 1938 1814 de

207 1833 342 1886 Orat,
375 1843 469 1873 cum
502 1830 702 1884 ostendit,
734 1842 844 1883 quae
875 1829 1012 1885 utilia,
1044 1828 1190 1871 eadem
1220 1828 1307 1871 fere
1330 1829 1455 1871 etiam
1479 1841 1571 1870 esse
1588 1826 1797 1881 jucunda;
1831 1826 1932 1868 item

210 1909 251 1950 in
284 1907 566 1960 descriptione
599 1905 775 1948 convivii
807 1905 1019 1947 Damoclis
1053 1906 1090 1946 3.
1124 1904 1291 1947 Tuscul.
1327 1908 1369 1946 et
1399 1904 1441 1945 in
1474 1902 1789 1956 comparatione
1821 1902 1933 1944 vitae

208 1982 555 2038 philosophorum
590 1994 683 2024 cum
716 1982 804 2023 vita
834 1984 1113 2035 tyrannorum
1143 1979 1243 2022 ibid.
1302 1979 1442 2033 Atque
1472 1979 1514 2021 in
1546 1978 1773 2032 phrasibus
1806 1977 1933 2020 etiam

209 2057 474 2101 observanda
505 2059 605 2099 sunt
634 2056 737 2099 haec
769 2055 930 2098 eadem.

348 2133 412 2175 De
443 2131 809 2185 compositione
840 2130 882 2171 in
914 2130 977 2172 his
1010 2129 1148 2181 libris,
1187 2142 1281 2171 cum
1314 2130 1368 2172 ad
1401 2129 1721 2172 delectationem
1755 2128 1935 2171 maxime

214 2209 299 2251 sint
330 2207 564 2262 compositi,
597 2209 766 2260 oportet
795 2206 994 2248 lectorem
1027 2205 1068 2247 in
1090 2206 1235 2259 primis
1259 2218 1350 2248 esse
1373 2205 1610 2247 sollicitum.
1661 2203 1801 2246 Labor
1823 2203 1934 2245 vide-

214 2284 329 2326 bitur
357 2282 570 2325 nonnullis
600 2282 781 2324 fortasse
814 2281 986 2335 puerilis
1019 2293 1066 2323 ac
1098 2281 1316 2333 molestus,
1347 2279 1422 2323 sed
1454 2283 1595 2322 tamen
1627 2283 1692 2322 est
1714 2278 1935 2333 ejusmodi,

216 2363 284 2414 ut,
324 2358 403 2400 nisi
436 2358 564 2400 semel
597 2357 844 2408 devoretur,
885 2356 1049 2410 reliqua
1080 2357 1219 2398 omnia
1251 2356 1413 2398 frustra
1443 2368 1468 2397 a
1499 2356 1617 2397 nobis
1651 2357 1849 2407 suscepta
1879 2354 1936 2395 vi-

216 2434 409 2476 deantur.
472 2433 532 2475 Ac
573 2444 739 2486 possem
779 2444 854 2484 ego
896 2443 1225 2473 commemorare
1265 2431 1376 2473 viros
1416 2430 1604 2472 eruditos
1637 2432 1766 2482 atque
1798 2429 1839 2470 in
1872 2428 1936 2470 his

218 2509 369 2551 studiis
401 2508 472 2550 diu
505 2507 772 2560 multumque
804 2509 1014 2560 versatos,
1046 2506 1138 2559 qui,
1181 2518 1275 2548 cum
1308 2506 1414 2547 hanc
1447 2505 1526 2547 sibi
1557 2505 1811 2547 industriam
1843 2517 1937 2546 con-

217 2583 487 2626 temnendam
519 2583 751 2637 duxissent,
783 2583 824 2624 in
858 2581 1021 2624 dicendi
1054 2594 1185 2634 genus
1217 2581 1469 2636 inciderunt,
1501 2581 1679 2622 latinum
1711 2580 1815 2622 illud
1847 2579 1937 2633 qui-

218 2659 332 2714 dem,
374 2659 447 2700 sed
479 2671 580 2700 sono
613 2657 832 2699 horridum
864 2660 993 2710 atque
1024 2669 1245 2712 asperum,
1284 2656 1398 2710 quod
1431 2656 1691 2710 auditorem,
1735 2655 1813 2698 etsi
1846 2667 1937 2696 sen-

221 2733 362 2776 tentiis
386 2733 541 2786 alioqui
564 2732 732 2786 optimis
756 2731 957 2787 abundet,
980 2731 1032 2773 ab
1055 2744 1201 2773 eorum
1223 2731 1339 2773 libris
1363 2734 1404 2772 et
1426 2730 1689 2773 sermonibus
1713 2729 1935 2772 absterret.

220 2810 428 2851 Versatur
459 2819 559 2860 ergo
592 2807 693 2849 haec
725 2807 935 2849 industria
962 2806 1003 2848 in
1027 2806 1180 2848 tribus:
1214 2806 1255 2847 in
1279 2805 1541 2847 observanda
1562 2805 1696 2859 primo
1720 2817 1938 2857 coagmen-

219 2883 380 2925 tatione
412 2886 455 2924 et
484 2883 683 2936 junctura
711 2882 949 2930 verborum,
982 2881 1166 2924 secundo
1189 2881 1230 2922 in
1254 2880 1534 2922 concinnitate
1555 2880 1740 2933 partium
1762 2878 1937 2932 periodi,

220 2957 346 2999 tertio
378 2957 417 2998 in
452 2969 639 2998 numero.
693 2956 841 3006 Quoad
873 2956 1054 3009 primum
1086 2954 1272 2997 notanda
1293 2958 1359 2997 est
1374 2956 1578 3008 junctura
1601 2954 1825 2996 verborum
1848 2957 1938 2995 tum

221 3032 260 3072 in
304 3031 518 3073 vocalibus
562 3034 650 3072 tum
692 3030 731 3071 in
774 3031 1119 3075 consonantibus:
1169 3030 1370 3071 vocales
1413 3029 1525 3082 apud
1568 3029 1810 3072 Ciceronem
1856 3040 1938 3069 non

222 3109 380 3147 temere
429 3106 752 3147 committuntur
801 3105 900 3146 hae:
961 3118 1035 3146 »a«
1094 3118 1188 3146 cum
1243 3118 1315 3146 »e«
1377 3107 1599 3157 sequente,
1656 3108 1704 3145 ut
1761 3115 1939 3155 »magna
