2164 3535
233 211 318 254 340
816 210 892 244 Das
918 210 1180 244 Theresianum
1205 210 1242 245 in
1269 210 1390 245 Wien.

720 466 789 507 De
827 466 1099 519 saporibus
1139 469 1187 509 et
1219 466 1479 508 odoribus.

926 547 1279 598 Quaestiones.

373 652 421 693 In
454 664 536 704 quo
570 651 764 693 consistit
796 663 924 705 sapor
955 656 998 692 et
1029 651 1135 693 odor
1166 655 1295 705 prout
1327 655 1392 694 est
1422 651 1462 693 in
1492 652 1594 704 ipsis
1629 653 1921 706 Corporibus?

378 726 486 776 Quid
519 739 568 767 ex
603 730 726 779 parte
760 726 908 779 organi
941 726 1205 779 requiritur?

373 801 458 844 Cur
489 815 598 855 quae
630 803 799 855 placent
832 814 990 855 organo
1024 802 1110 857 uni,
1143 802 1374 855 displicent
1406 802 1529 844 alteri
1542 802 1561 843 ἱ)

779 1045 847 1086 De
886 1045 1192 1098 corporibus
1229 1044 1422 1087 fluidis.

925 1125 1276 1167 Theoremata.

376 1230 655 1284 Quotcunque
686 1230 777 1272 tubi
809 1230 849 1271 in
883 1230 1013 1272 fundo
1047 1230 1382 1279 communicant„
1427 1231 1593 1284 aequali
1626 1243 1718 1273 sese
1751 1234 1963 1273 momento

235 1310 446 1359 premunt.

376 1381 528 1422 Fluida
560 1382 600 1422 in
634 1393 799 1422 onmem
832 1384 996 1434 partein
1030 1384 1230 1433 premunt
1264 1381 1512 1433 aequaliter.

374 1456 467 1497 Non
501 1456 699 1498 obstante
731 1456 809 1498 hac
840 1459 991 1497 mutua
1024 1456 1242 1508 pressione
1276 1456 1488 1508 gravitate
1526 1469 1605 1498 sua
1643 1456 1841 1499 deorsum
1873 1469 1966 1510 pre-

238 1536 370 1573 munt.

375 1607 544 1649 Pressio
578 1606 804 1648 fluidorum
836 1606 876 1646 in
909 1605 1063 1648 fundos
1108 1606 1374 1648 aestimanda
1416 1609 1482 1647 est
1522 1619 1571 1647 ex
1603 1619 1745 1649 massa
1783 1610 1826 1648 et
1866 1607 1970 1648 cele-

238 1682 376 1725 ritate.
441 1683 550 1724 Hinc

376 1758 543 1800 Pressio
574 1758 616 1799 in
649 1758 826 1799 fundum
860 1761 925 1799 est
956 1757 1116 1799 factum
1149 1770 1197 1799 ex
1229 1756 1360 1798 fundo
1391 1757 1433 1798 in
1466 1757 1747 1799 altitudinem.

376 1833 582 1886 Liquores
629 1833 877 1886 homogenei
924 1838 1024 1875 tunc
1070 1833 1112 1874 in
1159 1833 1273 1874 tubis
1328 1833 1737 1875 communicantibus
1791 1833 1969 1886 quibus-

239 1921 404 1962 cunque
442 1909 688 1962 pervenient
726 1908 779 1949 ad
812 1908 1135 1963 aequilibrium,
1178 1920 1270 1949 cuin
1305 1908 1482 1949 eandem
1514 1908 1555 1949 in
1589 1908 1669 1949 illis
1703 1908 1970 1950 altitudinem

240 1984 509 2027 obtinuerint.

377 2059 584 2112 Liquores
607 2059 876 2111 heterogenei
898 2060 999 2100 tunc
1022 2058 1374 2111 aequilibrantur,
1407 2071 1501 2100 cum
1525 2058 1693 2099 illorum
1719 2058 1967 2100 altitudines

238 2134 397 2176 fuerint
429 2135 641 2187 reciproce
672 2137 721 2175 nt
753 2133 970 2186 specificae
1002 2133 1190 2185 ipsorum
1224 2133 1469 2186 gravitates.
1535 2133 1642 2174 Hinc

380 2210 629 2262 Explicatur
671 2221 799 2250 causa
838 2209 1019 2250 fontium
1060 2208 1324 2262 salientium,
1368 2220 1576 2261 aquarum
1621 2221 1665 2249 se
1699 2208 1751 2249 ad
1784 2208 1968 2250 libellam

243 2286 598 2338 componentium,
630 2284 818 2338 siphonis
851 2283 1088 2326 anatomici.

584 2528 653 2568 De
690 2526 1012 2569 immersione
1050 2525 1332 2567 solidorum
1370 2524 1417 2565 in
1456 2524 1633 2566 fluida.

383 2619 574 2661 Solidum
605 2619 734 2660 fluido
767 2619 1011 2661 immersum
1044 2621 1212 2660 tantum
1245 2618 1310 2659 sui
1332 2618 1528 2671 ponderis
1553 2616 1724 2670 amittit,
1757 2620 1965 2669 quantum

243 2695 452 2749 ponderat
491 2694 595 2736 illud
636 2694 752 2735 fluidi
792 2694 986 2736 volumen
1029 2693 1142 2746 quod
1183 2694 1224 2734 in
1266 2694 1359 2746 ipsa
1401 2692 1668 2734 immersione
1710 2704 1732 2733 e
1763 2691 1854 2732 1000
1887 2703 1964 2733 suo

245 2770 440 2812 excludit.

383 2844 547 2897 Corpus
585 2843 775 2897 specifice
812 2844 981 2897 gravius
1020 2844 1062 2885 in
1093 2843 1223 2885 fluido
1256 2842 1473 2885 descendit
1504 2842 1592 2883 solo
1625 2853 1798 2883 excessu
1832 2841 1969 2894 gravi-

244 2920 346 2962 tatis
377 2932 508 2973 supra
538 2918 714 2960 fluidum
747 2919 937 2971 aequalis
971 2919 1205 2961 voluminis.

384 2993 583 3048 Specifice
615 2993 749 3035 levius
781 3006 863 3034 non
897 2996 1034 3035 totum
1066 2994 1285 3046 mergitur.

383 3069 547 3122 Corpus
590 3080 686 3109 vero
729 3068 918 3120 ejusdem
957 3069 1179 3121 gravitatis
1220 3068 1437 3121 specificae
1480 3081 1574 3109 cum
1617 3066 1745 3108 fluido
1791 3066 1969 3119 quiescit

246 3157 498 3196 quocunque
530 3144 620 3185 loco
652 3143 941 3194 immergatur.
1004 3143 1112 3184 Hinc
