2164 3535
204 227 287 268 366
514 225 664 260 Bericht
689 225 753 259 der
779 225 979 259 deutschen
1007 224 1158 258 Provinz
1184 224 1274 259 iiber
1300 224 1357 259 die
1383 224 1425 259 R.
1453 230 1495 259 st.
1538 228 1635 261 1821.

206 366 417 408 scribendi
449 367 559 409 mole
592 367 714 408 liberi
746 366 998 417 evaderent,
1031 366 1131 419 quin
1163 368 1306 407 tamen
1339 365 1509 407 erudita
1541 365 1796 419 Theologiae
1828 366 1941 419 posi-

204 442 317 484 tivae
350 443 587 495 cognitione
621 442 992 484 defraudarentur.

345 518 392 558 In
417 517 725 570 Philosophicis
760 530 839 558 non
874 517 1043 559 videtur
1065 517 1179 558 aliud
1212 516 1302 558 fieri
1324 529 1448 570 posse
1483 516 1811 573 quam-dictare,
1842 529 1941 557 nam

205 596 248 633 et
269 592 347 634 hac
378 593 419 633 in
452 596 575 646 parte
607 593 748 635 nullus
782 593 1014 646 hucusque,
1050 592 1163 645 quod
1196 592 1341 647 sciam,
1376 595 1526 634 auctor
1555 592 1716 636 existit:
1749 591 1942 644 quamvis

207 671 250 709 et
281 668 346 709 hic
386 670 523 709 totum
562 668 746 721 pendeat
785 681 808 710 a
841 668 1097 710 Professoris
1131 668 1350 720 diligentia
1382 671 1424 709 et
1466 668 1712 723 capicitate,
1756 669 1805 708 ut
1837 667 1942 708 bene

206 743 270 784 vel
303 744 410 784 male
441 743 516 785 fiat
549 742 756 793 redacti03
797 756 924 797 saepe
956 743 1087 798 enim,
1119 743 1234 796 quod
1267 746 1309 785 et
1340 743 1382 784 in
1417 743 1592 796 antiqua
1625 742 1838 784 Societate
1871 741 1942 783 ob-

207 820 423 860 servatum
462 819 562 869 fuit,
606 824 681 860 aut
724 821 1008 872 praecessoris
1041 821 1106 862 sui
1138 820 1298 873 scripta
1331 825 1570 873 sequuntur
1602 820 1832 874 serviliter,
1866 822 1941 861 aut

208 896 440 948 compendii
486 908 615 938 causa
653 896 836 950 primum
879 900 1146 938 occurentem
1191 899 1407 939 auctorem
1448 896 1534 938 sive
1577 896 1682 937 bene
1716 896 1802 937 sive
1835 895 1944 936 male

208 971 297 1012 sine
320 971 486 1013 delectu
520 973 595 1013 aut
617 971 879 1014 discussione
912 971 1158 1014 describunt
1188 971 1380 1014 fideliter.
1434 971 1555 1021 Quod
1587 971 1715 1012 etiam
1746 971 1788 1012 in
1811 969 1944 1012 Theo-

207 1046 345 1099 logiae
376 1046 707 1103 Professoribus,
740 1047 868 1089 etiam
901 1046 1138 1098 Societatis,
1174 1047 1447 1089 observatum
1479 1059 1606 1100 saepe
1637 1050 1713 1088 est.

348 1122 497 1172 Quoad
529 1123 882 1177 ProfessoreS,
925 1122 1141 1164 vitandam
1174 1126 1276 1176 puto
1318 1122 1659 1177 multitudinem,
1702 1125 1791 1163 tum
1832 1121 1945 1174 quod

208 1198 340 1239 bonos
374 1198 559 1252 reperire
592 1211 760 1252 semper
782 1198 837 1240 sit
870 1197 1050 1253 difficile,
1083 1201 1175 1239 tum
1205 1197 1319 1251 quod
1352 1197 1416 1239 his
1450 1197 1629 1239 maxime
1663 1198 1792 1239 initiis
1815 1197 1945 1239 socie-

208 1278 274 1316 tas
307 1274 362 1317 sit
394 1274 494 1316 viris
527 1274 684 1316 talibus
717 1274 938 1329 destituta,
972 1276 1062 1315 tum
1096 1273 1225 1317 etiam
1258 1273 1371 1326 quod
1404 1273 1564 1326 passim
1597 1272 1815 1326 discipulis
1848 1285 1944 1314 0011-

209 1350 418 1392 fusionem
460 1350 642 1404 pariant.
706 1350 814 1391 Hinc
851 1350 891 1391 in
925 1349 1204 1391 Inferioribus
1246 1349 1417 1391 videtur
1459 1349 1572 1402 quod
1605 1349 1646 1390 in
1687 1360 1943 1402 unaquaque

211 1426 345 1468 classe
377 1438 521 1468 omnes
554 1438 653 1468 suas
685 1429 830 1479 partes
862 1425 974 1467 idem
1008 1425 1176 1479 explere
1209 1424 1362 1467 debeat
1395 1424 1610 1478 Magister.
1675 1424 1722 1466 In
1754 1423 1946 1466 Philoso-

209 1501 343 1556 phicis
375 1507 561 1555 quatuor
591 1500 853 1553 sufficerent,
887 1501 947 1543 ita
979 1504 1135 1551 tamen,
1168 1502 1216 1542 ut
1247 1513 1465 1553 nunquam
1500 1500 1642 1554 plures
1676 1512 1804 1553 quam
1838 1499 1944 1541 duos

212 1577 263 1619 de
296 1577 362 1619 die
394 1577 571 1619 audiant
602 1577 775 1632 alumni,
810 1581 856 1618 ut
887 1580 1056 1629 tempus
1089 1576 1299 1629 reliquum
1333 1576 1389 1618 sit
1422 1576 1598 1630 privatis
1633 1575 1947 1617 exercitationi-

212 1653 289 1695 bus
322 1656 365 1695 et
397 1653 772 1707 disputationibus.
835 1653 883 1694 In
916 1652 1178 1705 Theologicis
1213 1652 1295 1693 duo
1316 1652 1520 1704 >rigorose
1552 1650 1824 1705 sufficerent,
1855 1650 1947 1704 plu-

212 1742 279 1771 res
322 1733 463 1771 tamen
506 1729 846 1782 requirerentur,
894 1728 929 1770 si
970 1728 1011 1769 in
1060 1727 1366 1783 dogmaticam,
1413 1727 1636 1780 moralem,
1687 1726 1945 1777 canonicam,

212 1804 580 1858 scripturisticam,
611 1804 845 1846 Historiam
877 1803 1237 1845 distribuerentur
1268 1802 1347 1844 hae
1380 1802 1593 1845 scientiae.

353 1886 443 1936 Quo
484 1898 582 1927 vero
623 1885 711 1938 apti
753 1888 903 1937 totque
944 1884 1070 1926 rebus
1113 1884 1347 1926 tractandis
1391 1896 1515 1937 pares
1566 1883 1805 1925 formentur
1846 1881 1948 1923 Pro-

213 1962 417 2017 fessores,
450 1960 683 2015 sufficeret,
722 1960 955 2002 crederem:
997 1960 1031 2001 si
1070 1962 1119 2001 l‘?
1154 1963 1241 2000 tam
1276 1959 1526 2013 Superiores
1558 1959 1681 2000 Prov.
1718 1961 1760 1999 et
1795 1958 1947 1998 Domo-

214 2050 328 2091 rum,
368 2050 496 2090 quam
535 2035 739 2090 praefecti
781 2048 829 2077 ac
870 2036 1130 2088 professores
1175 2035 1362 2087 graviter
1400 2034 1713 2076 admoneantur
1745 2033 1796 2075 de
1829 2045 1949 2074 accu-

215 2118 309 2155 rata
343 2111 637 2155 observatione
668 2123 829 2159 eorum,
862 2123 972 2163 quae
1000 2110 1040 2150 in
1066 2110 1158 2151 Rat.
1185 2114 1236 2151 st.
1263 2109 1315 2151 de
1338 2109 1597 2162 quotidianis
1623 2108 1947 2162 repetitionibus

216 2200 264 2229 ac
296 2187 655 2241 disputationibus
688 2190 785 2240 post
817 2185 995 2240 scholas,
1030 2185 1081 2226 de
1113 2185 1455 2227 hebdomadariis
1486 2185 1586 2227 item
1620 2197 1667 2226 ac
1702 2184 1946 2239 menstruis,

216 2276 376 2305 necnon
424 2263 475 2304 de
521 2261 843 2304 solemnioribus
891 2260 1277 2302 concertationibus
1324 2260 1528 2302 habendis
1578 2259 1948 2314 praescribuntur:

217 2340 269 2382 :29
302 2338 359 2395 si,
403 2338 471 2380 ubi
503 2337 645 2380 studia
677 2339 922 2379 nostrorum
954 2335 1190 2390 habentur,
1234 2336 1523 2377 formarentur
1555 2335 1812 2377 domesticae
1844 2334 1950 2376 Aca-

217 2415 381 2457 demiae
419 2414 708 2465 alumnorum,
749 2415 878 2465 prout
910 2424 959 2453 ea
990 2411 1032 2452 in
1066 2411 1214 2453 eadem
1246 2412 1340 2453 Rat.
1376 2414 1427 2452 st.
1464 2410 1774 2453 describuntur.
1840 2409 1950 2451 Sane

218 2491 381 2532 nullum
414 2490 598 2532 medium
632 2488 912 2543 opportunius
945 2487 999 2528 ad
1030 2479 1292 2540 professores
1325 2486 1592 2536 formandos,
1625 2497 1753 2538 quam
1786 2485 1820 2526 si
1852 2497 1951 2538 pro-

219 2566 425 2608 vectiores
458 2565 635 2606 caeteris
665 2563 817 2605 scholis
851 2564 1043 2615 repetere
1077 2561 1271 2603 debeant.
1326 2562 1379 2603 39
1416 2562 1475 2603 Ut
1506 2561 1546 2602 in
1579 2561 1706 2602 rebus
1731 2559 1948 2601 litterariis

219 2642 469 2695 formentur,
502 2651 646 2681 omnes
679 2651 753 2691 per
785 2638 949 2690 aliquot
980 2637 1131 2679 saltem
1155 2649 1300 2691 annos,
1333 2636 1552 2678 inferiores
1576 2636 1731 2678 classes
1755 2635 1947 2688 doceant,

218 2716 491 2758 Rhetoricam
523 2717 733 2769 repetant,
768 2713 1034 2765 duranteque
1067 2725 1195 2753 cursu
1230 2714 1316 2753 tam
1338 2711 1632 2764 Philosophico
1665 2722 1793 2763 quam
1816 2709 1948 2750 Theo-

219 2791 356 2844 logico
388 2790 617 2832 identidem
651 2788 810 2841 aliquid
844 2788 1104 2840 litterarum,
1147 2790 1234 2828 tam
1268 2798 1417 2838 graece
1448 2798 1496 2826 ac
1527 2785 1657 2826 latine
1689 2797 1816 2836 quam
1862 2796 1950 2824 ver-

222 2865 371 2908 nacule
404 2867 668 2918 component.
732 2864 786 2904 49
821 2861 1116 2914 Philosophiae
1149 2873 1298 2902 cursus
1331 2860 1531 2907 triennio,
1565 2859 1816 2911 Theologiae
1848 2871 1949 2911 qua-

223 2941 411 2983 driennio
446 2939 831 2990 circumscribatur,
865 2949 911 2978 ac
944 2936 1037 2977 dein
1073 2935 1307 2989 aptioribus
1343 2935 1556 2975 biennium
1588 2947 1664 2987 pro
1698 2934 1947 2986 repetitione

223 3015 548 3057 concedendum.
599 3015 650 3055 59
684 3013 777 3053 Non
801 3011 970 3051 videtur
992 3010 1054 3052 his
1079 3010 1342 3063 temporibus
1367 3009 1602 3060 convenire,
1638 3012 1683 3049 ut
1706 3011 1947 3049 nostrorum

223 3091 396 3143 quidam
438 3090 538 3131 solis
580 3087 800 3130 audiendis
845 3087 1012 3127 casibus
1054 3085 1337 3138 applicentur,
1380 3086 1549 3124 caetera
1589 3083 1756 3136 penitus
1797 3083 1944 3124 relicta

224 3164 469 3215 Theologia3
503 3168 676 3216 propter
709 3165 772 3202 tot
804 3161 959 3213 ubique
983 3160 1168 3212 pericula
1200 3163 1241 3199 ct
1263 3171 1428 3199 errores
1453 3159 1619 3199 videtur
1643 3158 1782 3203 etiam,
1814 3157 1941 3209 quod,
