2164 3535
237 226 321 267 444
548 222 650 258 Neue
677 221 1043 266 Studienvorschlage
1069 222 1133 257 der
1158 222 1356 258 deutschen
1382 222 1534 258 Provinz
1562 226 1659 260 1830.

515 512 772 561 Institutio
811 530 999 575 eorum,
1038 512 1125 578 qui
1163 530 1253 578 per
1288 512 1549 562 biennium
1589 523 1679 562 etc.

376 651 447 693 Ad
479 651 715 693 Titulum.
779 651 958 694 Omnino
991 651 1276 693 necessarium
1308 651 1489 708 videtur,
1522 655 1570 694 ut
1598 652 1639 694 in
1662 653 1837 707 singulis
1862 654 1963 696 Pro-

240 727 386 770 vinciis
419 728 502 769 sint
533 727 606 783 qui
637 727 908 781 Theologiam
941 730 1159 782 repetant,
1200 727 1285 769 sint
1325 740 1494 783 quoque
1531 728 1604 783 qui
1636 728 1960 785 philosophicas,

239 803 446 858 physicas,
478 803 800 845 mathematicas
832 810 874 844 et
899 803 1105 856 juridicas
1139 802 1379 856 disciplinas
1412 803 1651 845 accuratius
1684 804 1961 858 perpendant.

239 877 438 933 Alioquin
471 877 537 919 vix
569 891 756 933 unquam
789 877 887 920 boni
917 878 1184 921 Professores
1217 879 1362 922 haberi
1404 882 1620 933 poterunt.
1686 879 1824 922 Cursu
1855 880 1965 922 enim

240 953 493 1006 Theologiae
525 953 722 995 absoluto
745 953 810 995 vel
841 953 1049 1007 incipiunt
1071 954 1221 996 docere
1245 955 1490 1008 superiores
1514 954 1750 1010 facultates,
1784 954 1836 996 ad
1859 967 1965 1010 quas

243 1029 394 1071 saltem
432 1041 508 1082 per
547 1041 704 1070 annum
746 1041 877 1070 unum
920 1029 1154 1072 alterumve
1194 1030 1392 1083 imparati
1433 1029 1640 1072 accedunt
1679 1043 1773 1072 cum
1813 1042 1965 1083 magno

241 1104 486 1146 auditorum
517 1107 560 1146 et
592 1104 914 1146 existimationis
947 1106 1147 1158 propriae
1189 1105 1467 1157 detrimento,
1509 1105 1574 1147 vel
1616 1106 1657 1147 in
1697 1106 1966 1149 inferioribus

243 1179 395 1222 scholis
428 1182 504 1221 aut
534 1179 625 1222 aliis
669 1178 815 1222 officiis
856 1179 1101 1222 detinentur
1142 1193 1218 1234 per
1260 1181 1423 1236 aliquot
1461 1193 1612 1237 annos,
1655 1193 1737 1236 quo
1778 1183 1968 1235 tempore

241 1258 318 1297 aut
358 1255 490 1297 otium
532 1257 606 1297 aut
646 1256 810 1297 animus
852 1255 991 1305 deest,
1033 1259 1082 1297 ut
1123 1256 1247 1298 alicui
1290 1256 1491 1298 scientiae
1535 1258 1695 1298 vacent.
1769 1256 1859 1298 Imo
1901 1269 1968 1299 ex-

243 1331 450 1384 perientia
481 1333 668 1385 constat,
710 1331 827 1384 illos,
862 1332 934 1385 qui
966 1331 1094 1374 finitis
1127 1331 1278 1374 studiis
1311 1332 1365 1374 ad
1397 1331 1643 1374 cathedram
1676 1331 1859 1385 aliquam
1893 1331 1968 1373 ad-

243 1406 365 1448 hibiti
402 1419 485 1448 non
528 1405 721 1459 fuerunt,
764 1419 889 1460 aegre
920 1410 1070 1460 postea
1102 1407 1155 1449 ad
1188 1407 1422 1450 docendum
1455 1408 1668 1462 applicari.
1736 1432 1781 1437 —
1846 1407 1967 1458 Quod

242 1484 413 1535 praeter
444 1481 713 1535 Theologiam
746 1482 852 1525 aliae
885 1495 1054 1536 quoque
1085 1483 1330 1537 disciplinae
1364 1483 1618 1537 repetendae
1652 1483 1750 1538 sint,
1785 1482 1892 1525 ratio
1925 1482 1968 1524 in

243 1569 292 1599 eo
338 1557 478 1611 posita
529 1561 617 1614 est,
672 1558 785 1612 quod
836 1558 1079 1613 hujusmodi
1125 1559 1326 1602 scientiae
1374 1562 1495 1601 tanta
1541 1559 1665 1601 hodie
1710 1559 1971 1600 incrementa

243 1633 453 1686 ceperint,
500 1636 550 1674 ut
594 1636 691 1687 post
731 1646 903 1676 cursum
944 1634 1206 1677 ordinarium
1250 1647 1344 1677 cum
1388 1634 1593 1688 dignitate
1643 1637 1686 1676 et
1733 1633 1970 1676 eruditione

243 1709 421 1750 tractari
452 1721 534 1750 non
566 1709 741 1762 possint.

381 1783 454 1826 Ad
485 1797 583 1838 reg.
608 1786 644 1826 5.
699 1784 816 1836 Quae
847 1785 914 1827 hic
946 1784 998 1828 de
1019 1784 1059 1828 S.
1084 1785 1269 1828 Thomae
1299 1785 1525 1842 habentur,
1556 1785 1768 1828 moderari
1804 1785 1972 1839 oportet

245 1859 299 1902 ad
330 1873 522 1903 normam
555 1873 640 1914 reg.
665 1862 689 1903 9
722 1862 745 1915 ξ
771 1862 795 1903 2
827 1861 950 1903 Prov.

381 1935 454 1977 Ad
485 1947 583 1988 reg.
609 1937 674 1978 10.
727 1936 806 1978 Hic
837 1936 964 1979 etiam
986 1936 1168 1979 recurrit
1190 1936 1382 1980 doctrina
1406 1935 1455 1980 S}
1484 1936 1668 1979 Thomae
1691 1936 1966 1980 defendenda.

384 2011 455 2053 Ad
487 2023 584 2065 reg.
611 2012 675 2053 13.
729 2011 835 2054 Cum
873 2012 916 2053 in
949 2010 1177 2054 Germania
1210 2013 1281 2065 jus
1325 2011 1571 2054 canonicum
1603 2011 1847 2054 universum
1878 2023 1971 2064 per—

248 2088 459 2128 tractetur
489 2099 537 2128 ac
568 2099 694 2140 porro
727 2086 1078 2140 pertractandum
1101 2086 1296 2129 videatur
1328 2088 1538 2141 accurate,
1571 2088 1720 2140 utpote
1743 2086 1857 2140 quod
1878 2085 1971 2128 fons

248 2164 313 2204 est
343 2161 582 2204 uberrimus
614 2161 846 2204 multarum
878 2162 1130 2214 novitatum,
1163 2174 1273 2215 quae
1305 2162 1538 2204 Ecclesiam
1568 2162 1610 2203 in
1642 2161 1706 2204 his
1729 2161 1970 2215 regionibus

248 2236 521 2293 subvertunt,
553 2237 732 2292 petitur,
765 2240 813 2279 ut
843 2237 945 2279 haec
977 2237 1125 2291 regula
1156 2240 1232 2279 aut
1264 2237 1506 2293 omittatur,
1539 2239 1615 2279 aut
1644 2237 1705 2279 ita
1735 2239 1969 2288 statuatur,

248 2316 297 2355 ut
327 2313 624 2355 necessitatem
655 2313 815 2355 nullam
846 2312 1012 2355 inferat.

534 2626 758 2693 Regulae
796 2626 1038 2692 adjutoris
1079 2625 1309 2691 Magistri
1348 2625 1455 2673 sive
1498 2623 1693 2672 Bidelli.

389 2755 445 2797 In
477 2767 670 2807 genere.
726 2754 843 2805 Quae
875 2754 927 2795 ad
961 2753 1208 2795 munditiem
1238 2754 1280 2794 et
1301 2755 1597 2794 ornamentum
1620 2751 1859 2793 scholarum
1881 2762 1973 2802 per-

252 2830 410 2886 tinent,
453 2833 659 2872 curantur
697 2842 721 2871 a
752 2829 841 2871 viro
884 2829 1025 2882 aliquo
1064 2828 1190 2879 laico;
1234 2828 1396 2881 reliqua
1428 2839 1525 2869 vero
1567 2825 1772 2874 committi
1804 2823 1973 2877 quidem

254 2909 428 2959 possent
459 2905 583 2947 alicui
616 2905 834 2959 discipulo,
867 2904 940 2947 sed
973 2904 1126 2946 omisso
1160 2906 1235 2945 aut
1265 2905 1429 2944 mutato
1462 2901 1627 2943 nomine
1649 2899 1815 2955 Bidelli,
1846 2901 1974 2953 prout

257 2983 506 3023 annotatum
539 2984 603 3023 est
635 2980 688 3022 ad
720 2993 805 3034 reg.
841 2980 998 3023 Comm.
1031 2979 1143 3021 Prof.
1177 2992 1268 3032 sup.
1297 2978 1439 3020 facult.
