2164 3535
225 210 309 251 210
761 205 1038 249 Heranbildung
1065 206 1128 240 der
1153 204 1292 239 Lehrer
1320 207 1418 240 1622.

227 347 436 400 principes
470 350 512 390 et
543 348 654 390 viros
687 347 877 389 eruditos
909 349 1058 388 ornate
1092 349 1136 388 et
1167 346 1354 387 suaviter
1385 345 1568 401 scriptis,
1600 345 1718 387 libris
1750 346 1802 388 de
1823 346 1955 399 philo—

226 421 395 475 sophia,
439 422 490 464 de
522 423 724 477 amicitia,
766 422 817 464 de
849 424 1091 472 senectute;
1131 424 1174 462 et
1205 421 1247 462 in
1280 421 1558 476 carminibus,
1598 432 1708 474 quae
1739 425 1872 473 agunt
1904 421 1955 464 (16

226 497 429 553 moribus,
449 497 500 539 de
518 496 870 539 reconditioribus
889 496 1067 551 artibus,
1087 495 1138 537 de
1156 495 1355 537 laudibus
1374 508 1536 549 regum,
1556 495 1794 548 principum
1812 498 1889 537 cet.
1904 521 1953 526 —

227 572 410 614 Materia
452 572 687 615 sublimis
721 574 806 627 est,
849 584 958 624 quae
991 571 1319 613 concitationem
1351 570 1565 623 quandam
1598 571 1836 613 animorum
1868 584 1958 614 ver-

227 648 464 701 borumque
497 647 730 703 desiderat,
774 647 911 700 qualis
944 649 1010 688 est
1039 646 1081 687 in
1120 645 1405 697 orationibuS,
1446 645 1656 698 epistolis,
1700 646 1956 688 carminibus

227 722 466 776 invectivis,
498 722 829 777 lamentatoriiS,
863 721 1184 776 criminatoriis,
1226 720 1592 763 exhortationibus
1624 709 1956 764 vehementibus.

228 797 420 850 Denique
451 797 532 839 huc
563 797 749 851 pertinet
779 796 981 850 quicquid
1013 797 1173 849 tragice
1205 808 1335 850 prosa
1366 808 1442 838 seu
1465 809 1590 838 versu
1614 796 1819 849 scriptum
1842 809 1959 850 repe-

229 873 349 915 ritur.
387 898 435 903 —
471 873 561 915 Hoc
594 872 741 914 eodem
774 872 920 914 ordine
952 874 1098 912 nostra
1130 871 1253 913 lectio
1285 871 1492 924 procedat
1523 874 1711 926 oportet,
1744 874 1793 913 ut
1822 871 1957 925 primo

229 949 372 1003 primi,
417 948 601 991 secundo
634 948 829 1001 secundi,
871 947 997 989 tertio
1031 947 1143 989 tertii
1176 946 1342 999 generis
1376 946 1603 1000 scriptores
1636 946 1678 988 in
1709 958 1859 988 manus
1891 959 1960 989 su-

230 1037 408 1066 mamus.
445 1049 493 1053 -—
527 1026 578 1066 29
613 1023 678 1064 Ad
710 1023 932 1064 materiam
965 1023 1149 1076 pertinet
1182 1034 1314 1075 genus
1347 1021 1488 1074 ipsum
1520 1021 1722 1063 orationis
1756 1021 1959 1075 composi-

230 1102 322 1140 tum
355 1099 419 1141 vel
451 1099 503 1140 ad
535 1098 810 1152 narrandum,
844 1098 908 1139 vel
941 1097 995 1139 ad
1027 1096 1317 1151 suadendum,
1351 1096 1416 1137 vel
1449 1095 1502 1136 ad
1535 1095 1863 1151 deprecandum,
1894 1096 1959 1138 vel

230 1176 283 1217 ad
306 1174 580 1229 laudandum,
612 1173 677 1215 vel
699 1173 751 1215 ad
774 1172 1118 1227 vituperandum,
1151 1171 1215 1212 vel
1238 1170 1415 1212 mixtum
1438 1183 1460 1212 6
1481 1170 1687 1224 pluribus.
1711 1195 1761 1201 —
1782 1171 1834 1213 39
1858 1170 1959 1213 Sen-

230 1250 388 1292 tentiae
420 1252 462 1291 et
490 1251 743 1302 argumenta
765 1248 918 1303 omnia,
952 1260 1061 1300 quae
1084 1246 1138 1288 ad
1160 1246 1264 1288 haec
1287 1245 1538 1302 afferuntur,
1570 1250 1619 1288 ut
1639 1246 1805 1302 similia,
1840 1246 1959 1289 dissi-

231 1325 358 1377 milia,
388 1325 565 1379 maJ'ora,
598 1324 736 1377 paria3
770 1323 936 1365 diversa
969 1323 1080 1365 enim
1114 1321 1353 1363 orationum
1387 1323 1516 1374 atque
1537 1324 1781 1374 poematum
1805 1334 1960 1374 genera

231 1413 307 1453 pro
351 1400 557 1442 varietate
598 1399 802 1441 materiae
844 1399 927 1441 alia
958 1402 1088 1451 atque
1120 1397 1204 1439 alia
1235 1397 1322 1438 fere
1354 1399 1506 1438 curant
1538 1400 1885 1449 argumentorum
1917 1399 1960 1438 et

231 1475 540 1517 sententiarum
572 1486 739 1527 genera.

370 1562 586 1603 formulae
624 1563 725 1602 sunt
763 1559 973 1612 duplices:
1017 1559 1124 1601 aliae
1156 1558 1319 1600 faciunt
1350 1557 1403 1600 ad
1436 1558 1639 1600 orationis
1672 1562 1816 1612 partes
1848 1559 1959 1601 inter

232 1650 276 1679 se
308 1635 631 1687 connectendas,
664 1638 713 1676 ut
743 1634 927 1676 formula
957 1633 1238 1688 proponendi,
1270 1633 1503 1686 partiendi,
1538 1633 1817 1685 digrediendi3
1851 1634 1958 1676 aliae

233 1711 286 1753 ad
319 1724 406 1753 rem
439 1711 588 1764 ipsam,
622 1710 673 1752 de
706 1722 790 1762 qua
822 1710 977 1764 agitur,
1008 1712 1122 1751 recte
1154 1707 1517 1763 pertractandam,
1554 1711 1602 1750 ut
1632 1709 1840 1751 formulae
1873 1709 1961 1750 lau-

233 1787 372 1838 dandi,
407 1785 751 1840 reprehendendi,
785 1785 984 1827 hortandi
1017 1788 1094 1827 cet.

373 1874 509 1915 Dictio
541 1873 624 1914 tria
656 1873 968 1927 complectitur:
1006 1875 1054 1915 19
1086 1885 1208 1915 voces
1232 1873 1436 1929 singulas,
1469 1873 1598 1915 verba
1621 1884 1692 1925 sc,
1726 1873 1896 1914 nomina
1918 1876 1960 1914 et

234 1948 481 2004 particulas,
504 1961 613 2001 quae
635 1952 736 1990 sunt
759 1948 879 2001 quasi
903 1950 1022 1989 artus
1046 1952 1089 1990 et
1112 1949 1416 1990 commissurae
1438 1948 1660 1999 orationis3
1690 1949 1741 1990 29
1764 1948 1960 2000 phrases3

235 2025 285 2065 39
319 2024 636 2065 collocationem
669 2027 711 2066 et
736 2025 984 2077 juncturam
1016 2023 1254 2066 verborum,

373 2111 623 2152 ornamenta
656 2114 757 2152 sunt
788 2110 1105 2161 similitudines,
1144 2111 1275 2164 tropi,
1309 2111 1519 2164 exempla,
1558 2110 1806 2163 allusiones,
1838 2112 1962 2151 acute

236 2185 360 2237 dicta,
393 2186 630 2242 proverbia,
664 2186 898 2228 sententiae
931 2188 1008 2227 cet.

982 2519 1140 2576 Caput
1172 2521 1219 2563 ll.

888 2636 969 2685 De
1020 2636 1311 2702 epistolis.

376 2762 665 2816 Incipiendum
704 2774 795 2804 esse
835 2766 1002 2805 constat
1044 2763 1096 2805 ab
1129 2763 1178 2805 iis
1212 2762 1482 2815 auctoribus,
1525 2762 1596 2814 qui
1629 2758 1814 2802 facillimi
1849 2762 1961 2809 sunt,

238 2840 262 2880 i.
296 2852 330 2880 6.
365 2839 437 2891 qui
468 2838 689 2892 perspicue
720 2842 762 2879 et
793 2852 898 2892 pure
929 2839 1175 2892 loquuntur.
1235 2838 1343 2879 Nam
1377 2840 1526 2879 ornate
1558 2839 1601 2878 et
1631 2835 1798 2888 copiose
1821 2833 1962 2875 dicere

238 2913 409 2967 maioris
442 2914 507 2955 est
537 2913 687 2966 operis.
748 2914 869 2955 Tales
903 2917 1016 2968 sunt,
1048 2914 1120 2966 qui
1152 2925 1344 2955 sermone
1378 2914 1560 2953 utuntur
1590 2911 1735 2963 latino,
1767 2909 1963 2951 familiari

239 2992 281 3029 et
318 2988 438 3040 quasi
476 2987 660 3040 vulgari,
704 2991 752 3028 ut
790 2988 934 3029 comici
968 2992 1011 3029 et
1042 2989 1114 3041 qui
1146 2988 1347 3041 epistolas
1381 2987 1586 3029 scribunt.
1648 2984 1778 3038 Atqui
1811 2995 1906 3025 cum
1939 2996 1963 3024 a

239 3062 404 3103 comicis
437 3075 512 3103 nos
541 3075 686 3105 eorum
710 3063 932 3116 impuritas
957 3067 1113 3113 arceat,
1148 3064 1188 3105 in
1215 3063 1291 3104 hac
1314 3063 1435 3116 quasi
1459 3062 1596 3115 prima
1617 3062 1786 3113 linguae
1809 3058 1963 3101 latinae

238 3140 385 3177 nostra
426 3138 609 3190 pueritia
650 3137 765 3179 solae
807 3151 937 3192 prope
980 3139 1194 3181 Ciceronis
1234 3138 1436 3191 epistolae
1476 3136 1595 3178 nobis
1638 3136 1809 3177 relictae
1847 3135 1958 3175 sunt.
