2164 3535
392 207 623 249 Einfiihrung
649 207 712 242 der
736 217 852 242 neuen
874 207 915 241 R.
944 212 985 241 st.
1013 207 1048 241 in
1076 207 1139 241 der
1164 205 1448 241 oberdeutschen
1466 204 1568 238 Prov.
1599 207 1695 240 1834.
1819 208 1900 248 519

323 350 360 388 2.
412 348 599 390 Examen
641 359 737 389 vero
782 347 834 389 ad
877 359 1096 389 ascensum
1128 346 1203 389 fiat
1236 348 1362 401 Juxta
1392 346 1584 400 regulas,
1626 358 1673 387 eo
1713 348 1900 398 excepto,

185 422 298 475 quod
330 435 404 475 pro
438 435 616 465 ascensu
649 435 730 464 non
764 422 814 464 de
837 434 942 463 novo
976 421 1199 473 scribatur,
1233 425 1281 463 ut
1312 422 1411 473 Reg.
1441 422 1491 461 14
1513 419 1648 462 Praef.
1687 419 1901 472 1111111110-

186 498 299 551 cipit,
331 510 424 540 011111
458 497 508 539 de
541 498 773 550 capacitate
805 498 845 538 in
878 497 1098 539 scribendo
1131 498 1219 550 J'am
1252 497 1355 539 satis
1388 498 1553 538 constet
1584 507 1632 537 ex
1665 494 1900 547 scriptioni-

186 573 265 615 bus
298 585 372 626 per
403 585 559 614 annum
592 585 668 626 pro
700 584 927 625 progressu
960 585 1110 614 annuo.

322 648 359 689 3.
409 647 581 689 Statuta
612 648 755 699 itaque
789 646 854 687 die
887 646 1078 699 discipuli
1112 646 1152 687 in
1186 647 1275 688 loco
1311 646 1529 698 designato
1563 644 1826 695 conveniant,
1859 647 1902 685 et

187 722 295 764 terni
327 721 451 764 simul
484 735 623 764 coram
658 724 681 762 :3
715 721 1073 763 examinatoribus
1105 722 1145 763 111
1179 734 1225 763 00
1258 722 1348 763 1000
1388 719 1701 762 considentibus
1734 731 1899 772 compa-

187 800 307 838 reant
339 800 381 838 et
411 797 726 849 interrogentur
757 809 884 849 super
908 796 1094 837 materiis
1128 797 1258 837 totius
1292 796 1402 850 anni,
1435 795 1617 848 exceptis
1641 794 1899 848 accessoriis,

185 871 236 913 de
267 871 420 924 quibus
454 872 569 913 brevi
602 874 791 924 tempore
824 874 920 912 ante
953 884 1028 924 pro
1061 871 1258 923 praemiis
1291 870 1515 911 examinati
1539 874 1639 911 sunt
1670 869 1788 922 (Reg.
1813 870 1897 920 21).

184 946 230 987 111
265 946 341 988 hoc
374 947 563 988 examine
598 946 725 987 datur
763 958 904 987 coram
937 946 1129 987 omnibus
1169 946 1261 987 laus
1294 945 1356 987 vel
1389 944 1678 999 reprehensio,
1718 956 1826 996 quae
1858 943 1899 984 111

185 1021 322 1063 10011111
353 1021 541 1063 succedit
573 1021 729 1073 ultimi,
763 1024 811 1062 ut
844 1033 969 1063 vocar
1001 1021 1127 1068 solet,
1170 1021 1390 1072 examinis,
1435 1019 1547 1072 quod
1569 1023 1666 1071 post
1697 1018 1900 1072 praemio-

184 1108 278 1137 rum
311 1095 651 1138 distributionem
692 1096 781 1138 fieri
825 1097 998 1138 solebat.
1063 1097 1109 1138 111
1153 1096 1293 1149 parvis
1334 1095 1529 1148 Collegiis
1570 1093 1686 1135 istud
1724 1106 1897 1135 examen

184 1185 325 1214 coram
358 1171 550 1213 omnibus
584 1171 799 1225 Gymnasii
832 1172 1011 1213 alumnis
1044 1171 1132 1213 fieri
1164 1173 1316 1224 potest.

322 1249 358 1288 4.
403 1248 505 1289 Post
527 1248 731 1300 cujusque
754 1247 927 1288 ternarii
950 1259 1123 1288 examen
1155 1247 1291 1288 fertur
1318 1245 1537 1299 judicium,
1570 1244 1715 1286 habita
1737 1244 1898 1286 ratione

182 1326 307 1364 notae
340 1335 363 1364 a
395 1322 597 1375 magistro
631 1322 755 1363 datae
788 1334 1038 1376 progressus
1071 1322 1198 1362 annui
1231 1324 1273 1361 et
1315 1319 1658 1373 interrogationis
1692 1320 1810 1372 (Reg.
1845 1320 1897 1360 22

182 1397 349 1451 ejusd).
417 1422 464 1426 —
530 1397 706 1439 Schema
739 1400 880 1439 autem
913 1400 1038 1438 notae
1071 1409 1095 1438 a
1126 1396 1330 1449 magistro
1364 1394 1645 1437 conficiendae
1677 1407 1724 1436 ac
1751 1393 1899 1447 judicii

184 1472 346 1514 ferendi
379 1473 433 1514 sit
465 1473 690 1525 uniforme,
724 1477 765 1514 et
796 1474 910 1525 typo,
943 1471 1040 1512 dum
1075 1471 1309 1521 videbitur,
1349 1470 1612 1523 impressum.
1676 1468 1900 1512 Schemata

182 1547 284 1589 haec
311 1547 567 1601 Judiciorum
591 1549 907 1600 conserventur,
941 1549 988 1587 ut
1019 1546 1173 1588 suturis
1208 1545 1468 1599 temporibus
1493 1544 1696 1586 inservire
1719 1543 1896 1598 possint.

321 1624 357 1663 5.
400 1621 618 1664 Sententia
641 1622 807 1664 silentio
832 1623 1061 1674 prematur,
1075 1621 1227 1665 „donec
1250 1620 1478 1673 Catalogus
1502 1618 1898 1672 promovendorum,

181 1700 277 1750 post
309 1698 617 1740 anniversarias
652 1698 793 1744 ferias,
826 1695 1158 1750 promulgandas
1190 1700 1264 1737 est.

990 1947 1083 1999 §4-

557 2040 843 2093 Specimina
886 2039 1081 2092 publica
1125 2040 1171 2078 et
1212 2036 1516 2077 academiae.

321 2157 355 2196 1.
399 2155 577 2197 Ineunte
607 2154 693 2196 fere
726 2167 821 2196 vere
852 2153 955 2195 fiant
986 2153 1026 2194 in
1060 2152 1208 2205 quovis
1242 2150 1426 2203 Collegio
1459 2149 1696 2204 Specimina
1727 2149 1895 2203 publica

181 2230 365 2271 omnium
397 2229 641 2271 inferiorum
674 2229 882 2271 classium.

321 2307 358 2345 2.
407 2305 471 2346 Ad
510 2305 613 2346 haec
654 2304 881 2357 specimina
923 2303 1134 2354 eligantur
1176 2301 1367 2343 meliores
1415 2313 1462 2341 ex
1505 2298 1652 2353 quavis
1696 2299 1829 2341 classe
1874 2312 1896 2340 a

180 2380 444 2429 Professore,
484 2379 701 2421 Praefecto
743 2378 933 2420 consulto
974 2377 1090 2429 (Reg.
1128 2378 1181 2418 34
1223 2375 1358 2417 Praef.
1399 2374 1512 2429 int),
1561 2387 1608 2416 ac
1650 2374 1703 2416 ab
1749 2373 1896 2416 eodem

182 2468 327 2497 eorum
360 2456 570 2509 capacitas
603 2454 855 2507 exploretur.

319 2532 356 2572 3.
407 2531 666 2583 Conspectus
707 2528 1000 2582 speciminum,
1047 2526 1099 2568 ad
1142 2538 1253 2578 quae
1291 2525 1451 2566 externi
1495 2524 1646 2577 etiam,
1690 2526 1895 2577 quantum

182 2606 273 2649 fieri
309 2610 471 2659 potest,
505 2605 756 2657 invitentur,
788 2615 863 2657 pro
897 2601 1071 2644 arbitrio
1110 2600 1339 2654 superioris
1380 2599 1491 2653 typis
1524 2598 1715 2641 mandari
1756 2602 1897 2652 potest

179 2681 296 2734 (ibid.
329 2683 352 2736 ξ
375 2683 430 2733 2).

320 2758 358 2798 4.
408 2755 645 2809 Specimina
675 2754 766 2807 ipsa
799 2753 938 2806 aliquo
982 2752 1147 2805 dialogo
1180 2750 1245 2793 vel
1287 2750 1378 2792 aliis
1421 2748 1661 2803 hujusmodi
1698 2749 1897 2791 exercita-

180 2832 365 2874 tionibus
398 2830 771 2873 intermisceantur
803 2828 951 2880 (111111).

320 2908 357 2947 5.
401 2905 652 2948 Academiae
680 2905 803 2958 juxta
825 2903 1008 2956 Regulas
1039 2902 1153 2944 fiant.
1207 2902 1353 2943 Potest
1385 2904 1527 2942 autem
1559 2912 1643 2941 una
1675 2911 1767 2941 esse
1789 2899 1896 2942 Rhe-

182 2981 340 3023 toricae
373 2984 415 3023 et
445 2980 748 3033 Humanitatis,
781 2982 822 3021 et
854 2992 937 3021 una
969 2978 1097 3019 trium
1130 2976 1528 3029 Grammaticarum,
1561 2974 1639 3016 nisi
1672 2973 1895 3027 discipulo-

183 3069 277 3098 rum
309 3068 525 3111 numerus,
557 3056 621 3097 vel
654 3055 868 3096 doctrinae
906 3052 1186 3106 inaequalitas
1224 3064 1350 3093 unam
1395 3050 1435 3091 in
1477 3049 1652 3102 singulis
1692 3048 1895 3092 classibus

182 3131 272 3173 fieri
304 3130 561 3173 academiam
594 3130 792 3184 postulet.
857 3130 974 3181 (Reg.
1001 3129 1054 3170 34
1087 3128 1156 3181 §3
1189 3126 1323 3168 Praef.
1358 3124 1428 3167 inf.
1462 3128 1504 3167 et
1534 3125 1634 3179 Reg.
1660 3125 1683 3165 5
1718 3123 1853 3176 acad.)
