2164 3535
314 259 369 300 84
928 257 1138 301 Erklarung
1163 258 1228 292 der
1255 259 1430 293 Antoren.

314 398 547 451 mollitiem,
580 411 663 452 quo
693 399 871 441 Nomine
903 399 1004 440 haec
1037 399 1260 441 Provincia
1292 399 1404 441 male
1437 400 1662 451 audiebat,
1695 402 1769 444 sed
1800 402 1841 443 in
1874 403 2046 445 militari

313 473 459 515 labore
491 474 531 515 in
565 475 716 516 castris
748 478 977 528 peragrata
1009 478 1094 527 est,
1134 487 1215 516 non
1250 478 1298 516 ut
1336 487 1419 516 uno
1459 476 1658 528 quopiam
1695 477 1736 518 111
1775 477 1865 520 1060
1903 478 2045 520 sedem

313 548 472 603 figeret.
537 549 617 600 Qui
649 550 682 592 si
714 551 977 603 Imperatore
1009 554 1131 603 patre
1163 562 1262 604 SUO,
1305 550 1378 602 qui
1409 550 1535 592 Asiae
1574 555 1794 607 praeerat,
1835 553 2047 606 stipendia

313 637 394 666 11011
428 625 616 677 fecisset,
658 625 732 667 sed
765 625 875 666 domi
917 625 1164 679 mansisset,
1206 625 1415 678 suspicari
1459 638 1602 668 omnes
1641 629 1860 683 poterant,
1900 628 1942 670 id
1982 629 2046 671 vel

314 701 465 742 timore
496 700 697 755 hostium,
730 701 795 742 vel
828 701 941 754 quod
975 701 1163 743 cominus
1197 714 1221 742 a
1253 701 1381 743 Patre
1416 701 1632 743 observari
1664 702 1809 758 nollet,
1841 715 1933 745 esse
1963 704 2047 746 fac-

313 780 423 827 tum,
463 776 527 817 vel
570 775 685 829 quod
728 776 896 818 omnino
939 776 1162 818 abdicatus
1195 781 1318 818 esset.
1382 778 1445 818 An
1492 790 1586 819 cum
1629 777 1786 820 sedere.
1850 778 1970 829 Quod
2012 779 2045 820 si

313 851 667 904 triumphantium
698 851 875 893 Patrum
907 851 980 893 filii
1011 852 1218 905 Iuniores,
1251 853 1430 894 necdum
1464 852 1571 894 bello
1606 854 1708 909 apti,
1739 854 1780 894 in
1812 854 2046 907 triumpha-

312 926 421 967 libus
454 927 572 979 equis
606 927 819 980 conspicui
852 939 936 968 una
967 929 1104 970 solent
1135 929 1288 983 invehi,
1322 941 1446 970 eccur
1469 929 1675 970 Muraena
1695 928 1806 972 filius
1828 929 2045 983 Militaria,

313 1013 422 1054 quae
453 1002 624 1044 virtutis
659 1015 757 1055 ergo
791 1006 1042 1044 consecutus
1076 1008 1168 1045 erat
1190 1003 1314 1055 dona,
1348 1004 1389 1044 111
1418 1003 1633 1057 triumpho
1657 1005 1796 1047 Patris
1819 1018 1901 1047 non
1924 1018 2046 1059 prae·

310 1078 455 1129 ferret,
488 1090 536 1119 ac
567 1090 711 1133 prope,
744 1081 792 1118 ut
822 1082 1048 1131 pugnarat,
1080 1078 1139 1119 ita
1172 1091 1257 1120 una
1289 1079 1584 1133 triumpharet.

451 1152 507 1194 Et
537 1153 572 1194 si
603 1152 732 1194 habet
762 1152 863 1194 Asia
895 1156 937 1194 et
968 1153 1186 1206 ingeneret
1223 1155 1526 1211 suspicionem,
1559 1156 1681 1209 quasi
1721 1157 1810 1198 sine
1846 1157 2040 1199 luxuriae

312 1232 412 1271 nota
443 1230 541 1272 inde
584 1243 666 1272 non
705 1231 852 1273 liceret
894 1231 1054 1282 redire,
1096 1234 1210 1273 certe
1252 1232 1368 1273 laudi
1408 1233 1551 1286 potius
1593 1232 1843 1274 vertendum
1884 1236 1949 1275 est
1986 1233 2043 1274 ibi

312 1305 576 1348 continenter
606 1307 772 1356 vixisse,
806 1311 854 1348 ut
884 1307 990 1347 vixit
1020 1306 1240 1349 Muraena.

450 1381 728 1435 Quamquam.
783 1382 839 1423 Et
861 1395 955 1424 cum
979 1381 1281 1424 Muraenarum
1304 1382 1463 1424 familia
1485 1383 1590 1425 nihil
1612 1383 1767 1425 habeat
1788 1383 1866 1425 hoc
1883 1383 2040 1425 Asiano

312 1457 363 1499 de
393 1457 641 1499 Mithridate.
671 1458 887 1511 triumpho
919 1458 1148 1501 illustrius:
1183 1470 1362 1511 cumque
1394 1458 1497 1499 nihil
1529 1458 1625 1500 iude
1660 1458 1748 1500 vitii
1781 1458 2040 1500 contraxerit

312 1532 577 1583 retuleritve,
622 1536 734 1575 certe
767 1533 868 1575 haec
902 1533 1176 1575 commoratio
1210 1533 1244 1574 ei
1279 1533 1515 1586 objicienda
1545 1546 1628 1575 11011
1661 1537 1744 1583 est,
1778 1546 1887 1586 quae
1919 1534 2043 1586 plena

311 1607 483 1663 laboris,
514 1609 685 1661 pietatis
718 1609 759 1649 in
792 1612 972 1662 patrem,
1006 1620 1054 1649 ac
1085 1608 1300 1649 felicitatis
1335 1608 1464 1650 etiam
1496 1609 1587 1650 fuit.

451 1688 707 1730 Saltatorem
730 1689 916 1742 appellat
939 1688 1050 1742 quod
1074 1688 1188 1742 apud
1211 1689 1423 1730 Romanos
1447 1689 1757 1745 turpissimum,
1791 1689 2041 1742 praesertim

311 1766 346 1807 si
378 1765 544 1807 mollior
576 1769 618 1806 et
648 1765 894 1806 histrionica
927 1768 1039 1806 esset
1060 1765 1246 1815 saltatio,
1279 1765 1404 1817 quale
1438 1765 1641 1818 probrum
1665 1766 1855 1807 Romano
1879 1765 2041 1807 consuli

312 1841 513 1896 objicere,
555 1841 619 1883 vel
652 1841 944 1883 conviciatoris
989 1843 1053 1881 est
1094 1840 1352 1893 impudentis
1393 1852 1440 1881 ac
1471 1840 1706 1892 -insigniter
1747 1840 1958 1891 maledici,
2001 1845 2043 1882 et

311 1916 546 1967 mendacis,
581 1917 645 1958 vel
678 1917 711 1958 si
746 1917 798 1958 ab
837 1920 1083 1958 accusatore
1124 1921 1208 1970 est,
1252 1916 1451 1968 gravibus
1492 1916 1656 1957 indiciis
1698 1928 1745 1957 ac
1787 1916 2040 1957 testimoniis

312 1990 657 2033 confirmandum.
736 1992 875 2042 Quare
919 1991 973 2032 M.
1019 1991 1123 2033 Cato
1174 1996 1291 2033 tuam
1340 1991 1573 2044 sapientiae
1619 1992 1797 2045 famam,
1843 1995 2040 2042 aetatem,

312 2067 615 2109 authoritatem
658 2067 827 2109 minime
870 2067 990 2109 decet
1030 2068 1104 2109 tali
1148 2067 1327 2109 convitio
1372 2067 1619 2109 Muraenam
1661 2068 1884 2121 impetere,
1926 2067 2041 2120 quali

310 2143 499 2184 homines
532 2155 704 2184 scurrae
734 2144 775 2184 in
809 2143 947 2195 trivio,
979 2156 1061 2185 non
1093 2144 1195 2185 item
1227 2143 1303 2184 viri
1338 2155 1487 2195 graves
1524 2143 1584 2184 uti
1619 2143 1767 2187 solent.
1832 2142 1914 2184 Sed
1946 2155 2040 2184 con-

310 2219 481 2272 spicere.
537 2218 900 2260 Considerandum
922 2218 998 2260 tib1
1021 2222 1127 2269 erat,
1156 2218 1365 2260 neminem
1387 2218 1545 2259 saltare
1567 2217 1769 2270 sobrium,
1792 2221 1866 2258 aut
1887 2218 2039 2272 solum,

310 2295 456 2335 autin
488 2294 707 2336 moderato
740 2294 941 2336 convivio.
1005 2294 1089 2336 Nec
1131 2294 1240 2336 enim
1282 2294 1403 2335 facile
1443 2293 1645 2345 saltatur,
1687 2292 1767 2334 nisi
1807 2296 1850 2334 et
1891 2293 2039 2346 epulae

310 2369 578 2422 tempestive,
621 2369 699 2411 hoc
738 2372 802 2411 est
841 2372 937 2411 aute
976 2370 1188 2411 solennem
1233 2381 1385 2410 caenae
1425 2368 1573 2410 horam
1616 2371 1833 2421 occeptae,
1876 2370 1917 2410 et
1957 2368 2037 2410 loci

309 2445 555 2496 amoenitas,
589 2448 631 2486 et
662 2445 820 2495 vinum,
853 2449 895 2486 et
927 2457 1090 2486 amores
1122 2444 1312 2486 invitent.
1376 2443 1538 2485 Horum
1571 2455 1669 2485 vero
1694 2442 1798 2485 Cato
1831 2443 1932 2485 nihil
1966 2443 2037 2485 ob—

302 2520 464 2572 jectare
486 2523 639 2573 potest,
664 2532 746 2561 non
768 2520 1098 2573 perpotationes,
1125 2532 1206 2560 non
1228 2519 1474 2560 libidinosas
1505 2531 1656 2560 coenas
1682 2523 1725 2560 et
1748 2522 2034 2572 sumptuosas,

307 2608 390 2637 non
422 2596 651 2647 luxuriam3
684 2609 759 2637 nec
781 2596 912 2648 igitur
933 2597 1214 2650 saltationem,
1239 2608 1347 2649 quae
1370 2594 1422 2636 ad
1452 2593 1754 2646 praecedentes
1778 2594 2033 2648 voluptates,

308 2673 356 2711 ut
387 2671 537 2713 umbra
569 2683 721 2724 corpus
754 2672 958 2725 sequitur.

445 2745 521 2787 ΠΙ.
569 2746 807 2788 Rhetorica.
871 2745 1067 2798 intelligo
1101 2745 1278 2787 Iudices.
1342 2744 1421 2786 Est
1458 2744 1560 2786 haec
1598 2744 1724 2797 plana
1763 2744 1957 2798 simplex,
1991 2748 2034 2786 et

307 2820 476 2874 elegans
509 2822 694 2874 partitio.
758 2821 895 2863 Multa
935 2821 988 2863 ab
1027 2821 1282 2863 adversariis
1322 2820 1501 2873 sparsim
1541 2823 1661 2861 erant
1695 2820 1879 2873 obJecta,
1915 2823 1950 2862 1.
1984 2820 2033 2861 In

306 2897 406 2938 Asia
447 2896 595 2947 fuisse,
650 2899 687 2938 2.
727 2898 881 2939 ibidem
922 2898 1121 2948 saltasse,
1165 2898 1201 2938 3.
1246 2896 1477 2949 digniorem
1523 2895 1746 2937 consulatu
1788 2894 2030 2949 Sulpitium,

308 2973 344 3014 4.
382 2972 534 3014 multos
567 2973 617 3014 de
639 2973 859 3014 Provincia
883 2973 1124 3025 revertenti,
1157 2976 1199 3013 et
1221 2971 1486 3013 consulatum
1508 2971 1670 3024 petenti
1693 2970 1859 3012 obviam
1882 2969 2030 3024 factos,

307 3049 343 3088 5.
378 3047 532 3089 multos
566 3047 847 3089 Candidatum
881 3050 1128 3099 assectatos,
1162 3049 1198 3088 6.
1233 3047 1391 3088 Locum
1414 3046 1640 3088 tribulibus
1670 3046 1723 3087 ad
1745 3044 2028 3098 gladiatorum

305 3123 545 3175 spectacula
578 3123 738 3173 datum,
771 3127 813 3164 et
845 3125 880 3164 7.
915 3123 1099 3164 Prandia
1131 3126 1207 3166 cet.
1271 3122 1386 3163 Haec
1417 3122 1556 3163 onmia
1587 3121 1640 3162 ad
1669 3121 1752 3162 tria
1774 3120 1913 3173 capita
1935 3131 2029 3161 con-

305 3197 546 3249 trahuntur,
580 3199 789 3251 certisque
819 3198 1024 3239 limitibus
1057 3198 1289 3240 orationem
1321 3201 1455 3238 totam
1487 3196 1723 3238 includunt.
