2164 3535
235 207 316 248 196
768 203 1044 247 Heranbildung
1068 203 1132 238 der
1159 203 1298 238 Lehrer
1328 206 1426 239 1622.

282 518 333 565 D.
406 516 676 565 Instructio
715 534 806 582 pro
844 516 1216 582 professoribus
1254 517 1611 565 humaniorum
1652 517 1925 564 literarum.

1020 611 1184 661 (1622)

760 739 802 789 a)
849 737 921 778 De
964 736 1118 778 modo
1162 737 1444 779 studendi.

375 852 598 905 Magister,
633 852 704 905 qui
738 864 782 893 se
815 852 867 894 ad
899 852 975 895 has
1008 853 1154 895 literas
1188 853 1398 895 docendas
1432 853 1726 906 applicaturus
1758 857 1842 905 est,
1875 856 1968 894 tan-

237 933 327 970 tum
351 929 390 970 in
415 927 665 980 repetitione
687 928 926 969 studiorum
950 928 1014 969 vel
1037 928 1207 970 aliunde
1231 928 1356 970 debet
1378 929 1618 982 profecisse,
1639 932 1687 969 ut
1709 941 1791 970 non
1814 928 1969 970 medio-

238 1004 366 1045 criter
396 1003 618 1057 intelligat,
650 1003 690 1044 in
725 1015 809 1056 quo
843 1016 967 1045 verus
998 1004 1226 1056 profectus,
1260 1009 1348 1045 tam
1372 1016 1476 1045 suus
1500 1016 1627 1057 quam
1652 1003 1970 1056 discipulorum,

239 1079 458 1130 consistat,
491 1080 533 1120 et
555 1079 791 1131 cujusmodi
815 1079 871 1120 sit
900 1079 972 1120 illa
1005 1079 1247 1132 eloquentia
1279 1083 1322 1120 et
1354 1079 1551 1135 eruditio,
1584 1079 1637 1120 ad
1670 1091 1798 1132 quam
1830 1091 1973 1120 conse-

239 1155 449 1208 quendam
492 1153 659 1195 labores
703 1158 745 1195 et
782 1154 925 1195 studia
956 1167 1035 1196 sua
1067 1155 1257 1196 conferre
1290 1155 1471 1207 cogitat,
1515 1167 1567 1196 ne
1599 1154 1794 1196 videlicet
1825 1154 1970 1195 statim

240 1231 292 1272 ab
331 1230 450 1271 initio
488 1230 606 1271 illum
648 1243 672 1271 a
712 1243 810 1272 vero
852 1243 978 1283 scopo
1020 1230 1221 1272 aberrare
1254 1234 1296 1272 et
1327 1230 1543 1284 propriam
1575 1230 1654 1272 sibi
1686 1229 1972 1283 eloquentiam

239 1318 486 1358 comparare
528 1305 759 1357 contingat.
823 1305 981 1355 Quodsi
1023 1306 1117 1358 quis
1157 1307 1266 1347 forte
1309 1319 1401 1348 eam
1447 1306 1727 1358 cognitionem
1769 1304 1822 1346 ad
1864 1304 1972 1346 hanc

240 1380 498 1434 provinciam
533 1380 705 1434 [Rheni]
738 1393 820 1422 non
855 1380 1044 1435 afferret,
1090 1386 1188 1423 ante
1221 1382 1361 1423 onmia
1393 1395 1417 1423 a
1450 1382 1537 1423 viro
1570 1381 1769 1434 quopiam
1801 1381 1973 1422 literato

241 1455 508 1509 adjuvandus
554 1459 685 1505 esset,
728 1456 800 1509 qui
832 1457 911 1509 ipsi
945 1457 1246 1499 instructiones
1279 1458 1436 1499 nostris
1471 1456 1761 1511 repetentibus
1794 1456 1972 1509 proponi

242 1532 389 1573 solitas
430 1544 524 1572 cum
566 1532 829 1584 expositione
872 1533 1017 1586 aliqua
1048 1536 1089 1574 et
1121 1533 1239 1586 praxi
1273 1533 1483 1588 traderet,
1527 1537 1655 1586 atque
1687 1545 1789 1586 prae
1823 1529 1973 1573 Ceteris

243 1606 437 1648 omnibus
470 1607 716 1657 inculcaret,
749 1620 858 1660 quae
890 1608 932 1648 Ρ.
962 1608 1152 1651 Andreas
1186 1608 1387 1650 Schottus
1422 1609 1472 1650 de
1505 1609 1581 1650 hac
1615 1621 1659 1649 re
1690 1607 1731 1648 in
1765 1605 1968 1648 Tullianis

243 1681 563 1735 quaestionibus
607 1682 699 1724 fuse
742 1682 996 1736 disputavit,
1040 1687 1082 1725 et
1114 1684 1322 1725 Antonius
1357 1683 1543 1726 Schorus
1575 1683 1708 1736 Belga
1750 1683 1789 1723 in
1829 1681 1970 1723 libello

243 1770 320 1799 suo
353 1757 404 1799 de
437 1757 651 1799 docendae
684 1758 852 1810 linguae
885 1759 1043 1800 latinae
1075 1763 1118 1800 et
1140 1771 1317 1811 graecae
1340 1759 1503 1801 ratione
1527 1759 1672 1800 addita
1694 1758 1814 1811 praxi
1838 1758 1974 1800 decla-

245 1833 364 1874 ravit.
416 1833 663 1886 Eodemque
696 1834 880 1886 pertinet
902 1834 1127 1876 instructio
1150 1848 1302 1878 novem
1326 1835 1509 1887 capitum
1535 1834 1585 1876 de
1607 1833 1795 1886 legendis
1819 1832 1977 1874 autori-

245 1907 337 1958 bus,
370 1920 479 1961 quae
512 1909 677 1950 nomine
709 1908 763 1949 M.
799 1909 988 1950 Mathiae
1020 1910 1201 1961 Putzii1)
1235 1909 1541 1951 circumfertur.

386 1986 420 2024 1.
470 1983 752 2025 Statuendum
797 1984 947 2026 deinde
986 1998 1062 2038 pro
1106 1984 1381 2026 fundamento
1423 1986 1503 2026 erit
1541 1987 1587 2025 τὸ
1628 1983 1752 2039 ἔργον
1786 1997 1860 2025 seu
1894 1983 1976 2036 pri-

246 2058 425 2099 marium
470 2058 660 2100 studium
703 2059 953 2111 professoris
996 2060 1146 2101 harum
1187 2060 1406 2102 literarum
1440 2074 1532 2102 esse
1565 2060 1740 2113 debere,
1779 2062 1828 2100 ut
1854 2059 1977 2112 juxta

248 2133 415 2185 regulas
448 2134 641 2186 proprias
674 2134 863 2185 scholae,
908 2135 972 2176 cui
1006 2135 1243 2188 praesidet,
1282 2137 1551 2187 juventutem
1583 2135 1791 2181 instruat:
1833 2138 1976 2187 atque,

247 2212 296 2249 ut
337 2221 479 2250 omnes
522 2209 845 2251 exercitationes
879 2211 1093 2252 literariae
1126 2211 1165 2251 in
1201 2224 1277 2252 suo
1312 2211 1454 2263 vigore
1486 2213 1787 2264 permaneant,
1830 2209 1976 2251 sedulo

249 2284 449 2325 elaboret.
514 2282 737 2340 Πιίρεργον
780 2298 811 2327 s.
846 2287 1128 2327 accessorium
1172 2286 1283 2327 illius
1328 2286 1515 2328 studium
1559 2286 1639 2327 erit
1680 2298 1755 2338 pro
1795 2298 1840 2327 se
1871 2286 1977 2339 ipso,

250 2363 297 2400 ut
329 2360 462 2411 ajunt,
495 2359 682 2412 studere,
716 2373 845 2413 seque
877 2361 1015 2413 ipsum
1048 2361 1087 2402 in
1122 2361 1200 2403 hoc
1228 2362 1359 2403 studii
1381 2374 1535 2414 genere
1558 2360 1770 2414 perficere.
1820 2361 1977 2402 Verum

251 2435 351 2487 quia
384 2437 551 2475 constat
574 2433 776 2476 Societati
808 2442 980 2478 nostrae
1012 2449 1094 2478 non
1127 2438 1264 2478 minus
1298 2436 1534 2489 profectum
1559 2448 1734 2478 suorum
1755 2435 1978 2488 magistro-

252 2523 360 2560 rum,
394 2522 520 2562 quam
554 2514 824 2552 externorum
858 2511 1162 2565 discipulorum
1196 2512 1311 2553 cordi
1344 2524 1449 2560 esse,
1483 2511 1534 2552 ad
1559 2509 1741 2552 officium
1766 2510 1862 2551 boni
1884 2523 1979 2563 pro-

253 2585 424 2626 fessoris
457 2585 698 2638 pertinebit,
732 2586 938 2627 rationem
972 2587 1211 2628 studiorum
1245 2600 1417 2628 suorum
1451 2587 1509 2627 sic
1542 2586 1765 2628 instituere
1797 2589 1839 2627 et
1870 2585 1980 2626 ordi-

252 2672 368 2713 nare,
403 2663 449 2700 ut
480 2660 605 2701 iidem
637 2660 696 2701 illi
728 2660 894 2702 labores
928 2664 969 2703 et
994 2646 1325 2715 lucubrationes,
1358 2674 1465 2714 quas
1499 2661 1713 2714 discipulis
1736 2660 1979 2702 erudiendis

254 2734 472 2789 impendit,
505 2735 632 2775 etiam
666 2735 718 2776 ad
751 2736 971 2789 proprium
1004 2737 1239 2789 profectum
1274 2735 1525 2777 referantur.
1576 2735 1632 2776 Et
1653 2748 1754 2776 sane
1776 2735 1855 2776 nisi
1877 2734 1980 2776 haec

254 2809 547 2850 subordinatio
581 2809 804 2861 diligenter
835 2811 1098 2861 observetur,
1132 2811 1196 2852 vel
1223 2809 1358 2851 officio
1382 2824 1458 2852 suo
1480 2811 1521 2851 in
1545 2810 1698 2852 scholis
1722 2810 1785 2852 vel
1808 2810 1978 2862 proprio

255 2896 331 2924 suo
365 2884 572 2936 profectui
606 2884 738 2926 deerit
771 2886 987 2939 magister,
1020 2889 1148 2938 prout
1179 2885 1427 2938 quotidiana
1459 2886 1580 2927 docet
1612 2885 1882 2938 experientia.

394 2960 430 2999 2.
482 2958 788 3007 Statuendum,
835 2961 944 3001 sicut
988 2960 1097 3001 ratio
1137 2960 1375 3001 studiorum
1418 2960 1641 3002 Societatis
1688 2973 1762 3001 seu
1808 2960 1978 3012 regulae

256 3031 533 3074 scholasticae
566 3037 724 3075 rectam
758 3039 799 3075 et
830 3035 999 3087 planam
1034 3035 1228 3076 muniunt
1261 3038 1302 3076 ct
1335 3035 1563 3076 ostendunt
1595 3035 1718 3084 viam,
1752 3048 1827 3087 per
1851 3047 1979 3087 quam

399 3149 422 3190 ¹)
452 3147 627 3181 Matthias
654 3148 744 3182 Putz
773 3150 806 3182 S.
825 3148 859 3184 J.
887 3160 950 3183 aus
979 3149 1112 3193 Duren7
1139 3149 1289 3192 eingetr.
1321 3152 1406 3184 1556
1432 3151 1454 3193 †
1484 3152 1580 3183 1595.
