2164 3535
248 217 303 258 40
795 209 1096 246 Oberrheinischo
1122 207 1425 243 Klassenbucher.

249 355 384 410 possit
414 355 515 408 quin
547 355 635 396 sine
666 353 745 396 hac
775 355 863 396 tam
894 351 1133 394 necessaria
1164 349 1424 403 supellectile
1447 361 1596 391 cursus
1620 348 1787 391 scholae
1808 349 1974 402 pertur-

250 432 375 474 betur
412 443 647 484 parumque
685 431 930 472 fructuosus
969 428 1034 469 sit.
1098 427 1251 479 Itaque
1291 438 1411 468 nemo
1452 428 1829 479 quantumcunque
1870 435 1974 477 pau-

251 520 326 562 per
367 507 447 549 erit
489 505 775 548 admittendus
818 504 917 558 quin
959 502 1256 545 scholasticum
1296 501 1407 543 hunc
1450 501 1605 543 librum
1639 512 1780 542 secum
1813 499 1974 554 afferat,

252 595 402 636 nempe
434 585 476 624 et
506 582 608 624 levis
640 581 763 635 pretii
796 583 838 621 et
876 579 917 621 in
959 578 1065 620 duos
1098 590 1230 620 annos
1270 577 1526 620 serviturum
1567 579 1609 618 et
1646 577 1687 618 in
1720 589 1803 630 quo
1835 575 1976 617 omnia

251 658 420 701 habet«.

330 879 382 923 Α.
442 879 651 923 Mainzer
684 874 1154 931 (Oberrheinisches)
1191 872 1473 919 Schulbuch
1504 875 1586 917 fiir
1618 875 1697 918 die
1727 875 1901 917 Infima

850 951 1192 996 Grammatica.
1257 951 1377 991 1717.

392 1046 459 1089 *1.
526 1045 786 1098 Principia
814 1047 818 1096 Ι
847 1057 934 1087 seu
963 1046 967 1096 Ι
994 1042 1300 1085 Rudimenta
1328 1044 1333 1094 Ι
1361 1042 1669 1085 Grammaticos
1697 1045 1703 1094 Ι
1731 1042 1794 1083 Ex
1821 1043 1827 1094 Ι
1855 1041 1976 1083 Insti-

255 1123 491 1165 tutionibus
532 1122 668 1163 Emm.
698 1124 703 1173 Ι
733 1120 875 1162 Alvari
917 1132 939 1161 e
977 1118 1017 1160 S.
1052 1118 1090 1160 J.
1121 1117 1125 1173 Ι
1153 1118 1219 1159 Ad
1247 1120 1251 1169 Ι
1280 1117 1556 1159 Commodum
1599 1117 1838 1159 Iuventutis
1866 1120 1870 1169 Ι
1900 1117 1980 1158 Ex-

256 1201 414 1252 cerpta,
442 1200 448 1250 Ι
476 1197 582 1240 Cum
619 1196 855 1251 praeceptis
888 1195 1051 1248 aliquot
1078 1197 1082 1246 Ι
1111 1194 1173 1236 De
1207 1193 1532 1236 Constructione
1560 1196 1564 1245 1
1592 1193 1704 1235 IHS
1734 1196 1738 1246 Ι
1767 1192 1871 1236 Cum
1905 1192 1977 1235 Gr.

256 1277 298 1316 et
319 1273 429 1316 Priv.
464 1272 503 1315 S.
525 1272 568 1314 C.
593 1272 648 1314 M.
682 1271 927 1324 Moguntiae
950 1270 1050 1324 Typ.
1076 1272 1118 1311 et
1146 1272 1299 1322 sumpt.
1335 1268 1360 1310 J
1365 1281 1399 1310 o.
1425 1268 1586 1323 Mayeri
1609 1269 1789 1323 Typogr.
1814 1268 1980 1310 Aulico-

255 1349 383 1392 Acad.
418 1349 464 1391 A.
504 1350 634 1399 1716,
678 1348 742 1403 8⁰,
784 1360 851 1400 pp.
887 1347 952 1387 95.
1022 1344 1164 1387 Blosse
1205 1344 1503 1386 Formenlehre
1546 1344 1631 1386 und
1672 1344 1738 1386 die
1784 1346 1835 1386 14
1868 1345 1981 1386 Kon-

256 1423 651 1468 struktionslehren.

394 1500 621 1542 2.Em1n.
643 1497 647 1553 Ι
668 1497 811 1540 Alvari
832 1497 834 1552 Ι
855 1510 876 1538 e
909 1495 948 1538 S.
974 1496 1012 1538 J.
1034 1495 1038 1551 Ι
1063 1495 1126 1537 De
1158 1494 1431 1537 Institutione
1450 1494 1453 1549 Ι
1475 1494 1764 1537 Grammatica
1783 1494 1786 1550 Ι
1808 1494 1896 1536 Lib.
1921 1494 1952 1536 I.
1974 1493 1977 1549 Ι

258 1577 364 1620 Cum
395 1575 653 1618 facilioribus
687 1574 921 1628 Syntaxeos
954 1572 1195 1625 Praeceptis
1224 1574 1228 1623 Ι
1258 1570 1435 1613 Scholiis
1459 1571 1656 1613 Auctoris
1689 1574 1732 1612 et
1754 1570 1983 1613 Rudimen-

258 1653 312 1695 tis
353 1650 676 1706 praetermissis.
706 1652 712 1702 Ι
739 1649 819 1690 Pro
859 1647 1009 1691 Infima
1041 1646 1362 1689 Grammaticos.
1412 1645 1537 1688 IHS.
1593 1646 1698 1688 Cum
1732 1645 1803 1688 Gr.
1840 1649 1882 1687 et
1913 1645 1979 1687 Pr.

259 1728 300 1770 S.
325 1728 368 1770 C.
394 1727 447 1769 M.
482 1726 592 1779 Mog.
628 1725 740 1778 apud
772 1724 894 1766 eund.
930 1724 976 1765 A.
1014 1723 1136 1777 1704,
1169 1723 1231 1773 8⁰,
1264 1735 1331 1775 pp.
1356 1722 1423 1764 48.

396 1804 434 1844 3
482 1802 537 1844 M.
563 1801 686 1843 Tullii
715 1803 719 1853 Ι
749 1799 960 1842 Ciceronis
988 1802 993 1850 Ι
1022 1797 1313 1851 Epistolarum
1341 1799 1346 1849 Ι
1372 1796 1409 1838 Α
1432 1797 1578 1839 Doctis
1598 1797 1710 1838 Viris
1739 1799 1743 1848 Ι
1770 1796 1835 1837 Ad
1861 1809 1983 1838 usum

262 1879 487 1921 Studiosae
509 1876 748 1919 Iuventutis
771 1875 1025 1918 selectarum
1041 1873 1044 1929 Ι
1060 1873 1177 1915 Libri
1199 1873 1240 1914 II
1256 1872 1258 1926 Ι
1274 1873 1356 1914 Pro
1380 1872 1528 1914 Infima
1550 1871 1735 1914 Gramm.
1770 1870 1880 1913 IHS
1904 1874 1981 1913 etc.

263 1954 367 1997 Ibid.
405 1954 529 2009 1716,
561 1953 623 2008 8⁰,
657 1965 723 2006 pp.
750 1953 815 1993 24.

399 2031 437 2071 4.
490 2029 539 2071 R.
572 2028 617 2069 P.
647 2031 652 2080 Ι
681 2027 830 2069 Jacobi
858 2031 862 2076 Ι
890 2024 1071 2068 Pontani
1100 2027 1105 2076 Ι
1134 2037 1155 2066 e
1188 2024 1227 2066 S.
1261 2024 1300 2065 J.
1330 2028 1335 2075 Ι
1364 2024 1792 2078 Progymnasmatum
1825 2022 1984 2065 Latini-

264 2105 365 2147 tatis
394 2107 398 2156 Ι
427 2104 513 2147 sive
544 2103 820 2156 Dialogorum
852 2101 1109 2143 selectorum
1138 2102 1142 2151 Ι
1172 2099 1287 2141 Libri
1310 2099 1405 2141 Duo
1434 2102 1439 2151 Ι
1466 2098 1532 2140 Ad
1564 2112 1689 2141 usum
1722 2098 1842 2140 Stud.
1866 2097 1981 2153 Iuv.l

268 2180 498 2236 separatim
531 2179 631 2222 editi
664 2211 672 2219 .
708 2210 715 2218 .
751 2212 758 2219 .
795 2179 919 2231 1716,
951 2177 1014 2226 8⁰,
1046 2189 1113 2229 pp.
1139 2176 1204 2216 40.

401 2257 438 2297 5.
490 2255 745 2298 Rudimenta
772 2257 776 2306 Ι
806 2253 995 2305 Linguae
1023 2255 1028 2304 Ι
1057 2251 1244 2293 Graecae
1273 2290 1275 2295 ,
1306 2250 1367 2291 Ex
1410 2250 1550 2292 Primo
1593 2250 1721 2292 Libro
1750 2253 1755 2302 Ι
1812 2249 1985 2291 Institu-

261 2332 424 2373 tionum
458 2331 462 2385 Ι
497 2330 586 2373 Jac.
622 2329 811 2372 Gretseri
850 2327 889 2369 S.
924 2327 962 2369 J.
993 2330 998 2379 Ι
1027 2326 1104 2368 Ed.
1146 2328 1361 2379 postrema
1393 2357 1401 2365 .
1437 2358 1444 2365 .
1482 2357 1489 2365 .
1525 2326 1655 2381 1713,
1703 2326 1766 2380 8⁰,
1814 2337 1881 2378 pp.
1916 2325 1982 2365 64.

266 2408 391 2460 (Vom
422 2405 600 2461 Alphab.
635 2406 698 2447 bis
732 2404 859 2446 verba
892 2406 1023 2446 contr.
1058 2400 1412 2453 einschliel'slich.)

402 2484 439 2523 6.
489 2480 706 2523 Vocabula
732 2482 738 2532 Ι
766 2479 1078 2521 Grammaticae
1106 2481 1110 2530 Ι
1139 2478 1274 2519 Emm.
1298 2476 1442 2518 Alvari
1470 2479 1476 2528 Ι
1504 2489 1525 2517 e
1555 2476 1596 2517 S.
1619 2476 1658 2517 J.
1688 2479 1692 2527 Ι
1721 2477 1769 2517 In
1793 2476 1985 2519 Gratiam

266 2558 500 2599 Puerorum
528 2560 534 2609 Ι
561 2556 790 2610 separatim
831 2555 967 2606 edita,
995 2558 999 2607 Ι
1028 2554 1185 2596 Addita
1216 2552 1572 2606 Interpretatione
1604 2551 1856 2594 Germanica
1888 2584 1897 2593 .
1932 2585 1940 2593 .
1975 2585 1982 2592 .

269 2635 391 2687 1717,
424 2634 483 2675 80.
549 2632 619 2674 Bis
643 2631 682 2673 S.
705 2633 757 2672 52
781 2631 1011 2685 Vocabula,
1045 2630 1107 2671 bis
1131 2629 1170 2670 S.
1196 2630 1248 2669 96
1273 2628 1504 2681 Syntaxeos
1528 2627 1716 2669 faciliora
1747 2630 1984 2681 praecepta.

406 2710 442 2749 7.
506 2707 836 2749 Nomenclatura
869 2709 874 2757 Ι
908 2705 1238 2758 Praecipuorum
1280 2703 1618 2757 Vocabulorum,
1653 2706 1658 2755 Ι
1695 2703 1771 2745 Cui
1821 2702 1986 2756 adJecta

268 2786 369 2826 sunt
395 2786 401 2836 Ι
428 2783 623 2825 Nomima
664 2782 944 2835 Animalium,
990 2779 1256 2833 Officiorum,
1297 2778 1531 2830 Regionum
1573 2812 1580 2819 .
1618 2812 1625 2819 .
1662 2811 1669 2817 .
1712 2778 1817 2819 Ibid.
1864 2778 1985 2829 1705,

268 2860 344 2914 8‘3,
376 2872 444 2912 pp.
471 2859 537 2900 63.

407 2934 445 2975 8.
499 2933 543 2974 P.
578 2932 733 2975 Canisii
767 2930 1057 2973 Catechismus
1092 2966 1100 2973 .
1135 2963 1142 2970 .
1179 2961 1186 2969 .
1220 2929 1278 2971 Ib.
1317 2930 1439 2979 1717,
1472 2928 1538 2983 8⁰,
1570 2942 1637 2981 pp.
1663 2930 1728 2970 32.
