2164 3535
696 203 904 248 Gymnasial
915 224 927 229 -
937 202 1149 247 Piidagogik
1178 203 1274 238 1736.
1765 206 1841 245 171

573 494 614 537 8.
668 494 884 538 Verkehr
916 495 1008 537 mit
1039 495 1131 538 den
1164 493 1405 547 Collegen.

155 609 223 650 De
261 608 607 650 scholasticae
646 609 997 651 institutionis
1036 608 1361 662 adjutoribus
1401 611 1451 650 et
1489 607 1819 650 administris.

788 687 938 732 (Kropf
959 698 999 732 p.
1018 687 1174 732 270ss.)

265 803 493 856 Reliquum
524 806 601 854 est,
638 807 698 853 ut,
731 816 835 856 quos
868 803 1072 855 Magister
1103 804 1145 844 in
1178 803 1462 855 gubernandis
1494 803 1849 856 instituendisque

127 878 342 932 discipulis
376 877 576 920 adhibere
599 877 831 933 adjutores,
865 890 1056 930 quosque
1089 877 1360 919 administros
1384 879 1538 931 possit,
1572 879 1847 931 assignemus.

128 955 287 996 Eorum
321 954 390 995 alii
424 956 543 1007 sunt,
576 953 647 1006 qui
680 952 791 994 domi
825 965 899 994 seu
931 952 1021 1005 ipso
1054 953 1095 993 in
1130 952 1334 1005 Collegio:
1376 953 1468 1009 alii,
1512 954 1583 1006 qui
1615 954 1735 998 foris:
1779 953 1849 994 alii

128 1042 296 1081 rursus,
338 1029 410 1082 qui
442 1029 482 1070 in
516 1028 661 1070 schola
693 1027 960 1069 commodare
994 1027 1046 1068 ad
1079 1027 1119 1068 id
1154 1040 1325 1081 operam
1365 1031 1544 1081 queant:
1595 1028 1706 1070 domi
1739 1027 1850 1069 vide-

126 1104 224 1146 licet
254 1103 447 1156 Magistri
480 1102 695 1156 Collegae,
738 1103 849 1144 fores
880 1107 1080 1156 parentes
1114 1107 1156 1144 et
1194 1103 1448 1156 paedagogi;
1490 1103 1531 1144 in
1572 1103 1715 1145 schola
1755 1115 1849 1144 cen-

127 1191 243 1221 sores
275 1181 316 1220 et
348 1178 606 1220 decuriones.
670 1178 732 1219 De
763 1177 940 1230 singulis
979 1177 1394 1219 commemorandum
1435 1178 1623 1220 nonnihil
1661 1190 1736 1231 pro
1769 1177 1850 1219 fine

128 1254 330 1296 ducimus.

263 1329 451 1370 Primum
485 1328 536 1371 de
568 1328 748 1381 Collegis
780 1327 884 1369 illud
918 1328 1184 1381 exploratum
1217 1332 1303 1370 est:
1337 1328 1501 1370 auxiliis
1531 1329 1689 1370 mutuis
1721 1328 1851 1370 facul-

128 1408 259 1446 tatem
291 1404 495 1457 geminari
537 1404 820 1457 singulorum,
863 1416 911 1445 ac
954 1407 1157 1456 tanquam
1198 1403 1383 1456 plurium
1423 1407 1618 1456 promota
1657 1403 1851 1445 manibus

128 1479 292 1521 divinae
325 1480 482 1532 gloriae
513 1479 793 1533 publicaeque
826 1478 1025 1519 utilitatis
1050 1478 1219 1530 negotia
1246 1478 1334 1531 geri
1367 1478 1539 1520 felicius.
1590 1478 1849 1521 Charitatem

127 1555 258 1608 igitur
290 1558 418 1608 atque
452 1554 718 1598 concordiam
759 1554 870 1595 inter
913 1566 958 1595 se
1000 1557 1042 1595 et
1084 1566 1177 1595 cum
1211 1553 1429 1595 Praefecto
1471 1554 1665 1606 Magistri
1708 1566 1851 1596 omnes

129 1631 242 1672 omni
280 1633 434 1672 conatu
476 1634 648 1672 teneant
688 1630 957 1682 foveantque.
1035 1628 1232 1671 Seorsum
1277 1634 1418 1671 autem
1459 1630 1751 1683 unusquisque
1798 1629 1851 1670 ad

130 1719 225 1747 eum
258 1718 301 1747 se
333 1705 504 1746 modum
537 1708 676 1760 gerat,
710 1705 769 1746 ita
802 1705 913 1746 colat
945 1705 1079 1746 socios
1114 1708 1241 1757 atque
1276 1705 1490 1761 observet,
1531 1704 1852 1747 offensiuncula-

130 1794 224 1823 rum
256 1781 478 1822 materiam
512 1784 553 1822 et
586 1780 826 1822 occasiones
858 1780 917 1821 ita
949 1780 1203 1834 praecipiat,
1237 1784 1365 1833 atque
1398 1780 1643 1831 amoliatur,
1677 1784 1723 1821 ut
1754 1792 1851 1821 nus-

129 1868 256 1909 quam
288 1855 482 1897 rimulam
515 1856 712 1907 religiosa
744 1855 873 1897 faciat
912 1855 1177 1908 conJ'unctio,
1221 1868 1428 1908 nusquam
1472 1855 1608 1897 labem
1649 1855 1849 1908 patiatur.

131 1931 338 1985 Quicquid
379 1931 581 1972 adversae
624 1931 871 1984 suspicionis
912 1931 975 1971 vel
1015 1930 1211 1972 sinistrae
1258 1931 1551 1973 aemulationis
1590 1930 1851 1984 praeseferre

131 2007 312 2059 speciem
358 2008 518 2061 potest,
571 2006 682 2047 omni
725 2018 801 2058 ope
842 2005 1011 2047 devitet.
1083 2005 1336 2058 Ubicunque
1380 2006 1647 2059 Collegarum
1693 2004 1852 2047 incidat

131 2081 307 2134 mentio,
349 2081 475 2122 animi
507 2081 548 2121 in
581 2093 651 2122 eos
691 2080 993 2133 benignitatem
1036 2080 1175 2133 palam
1216 2080 1364 2133 faciat,
1404 2083 1446 2123 et
1486 2079 1757 2122 honorificam
1800 2079 1851 2121 de

134 2157 291 2198 virtute
323 2168 489 2211 eorum,
533 2155 584 2197 de
617 2155 829 2209 doctrina,
873 2155 924 2197 de
955 2155 1150 2197 humanis
1184 2155 1378 2207 dotibus,
1421 2156 1472 2198 de
1514 2162 1693 2198 naturae
1731 2155 1852 2197 indu-

135 2231 348 2284 striaeque
382 2231 638 2273 ornamentis
672 2231 908 2285 opinionem
942 2231 1204 2273 testificetur.
1270 2232 1391 2274 Ultro
1430 2232 1696 2284 libenterque
1735 2231 1853 2273 audi-

129 2309 242 2349 tores
274 2307 446 2348 idoneos
481 2307 533 2347 ad
566 2307 806 2360 superiores
838 2311 1085 2360 promoveat
1109 2307 1287 2349 Classes.
1339 2307 1528 2349 Gradum
1562 2319 1660 2348 vero
1694 2306 1747 2348 ad
1780 2319 1850 2348 eas

132 2382 204 2423 ubi
234 2381 424 2437 fecerint,
457 2394 592 2435 neque
626 2394 721 2423 cum
752 2382 803 2423 iis
836 2382 1032 2437 amplius,
1064 2395 1201 2435 neque
1233 2396 1328 2424 cum
1361 2383 1471 2428 aliis,
1505 2383 1577 2435 qui
1609 2382 1662 2424 ad
1695 2394 1739 2423 se
1770 2394 1851 2423 non

132 2457 363 2511 pertinent,
403 2457 630 2510 quicquam
663 2457 741 2499 sibi
775 2458 875 2498 velit
907 2470 998 2498 esse
1038 2457 1206 2510 negotii.
1270 2458 1615 2510 Quandocunque
1648 2470 1749 2499 usus
1782 2470 1852 2510 po-

132 2532 314 2585 poscerit
345 2533 611 2585 (praesertim
644 2533 679 2574 si
711 2532 918 2574 Praefecti
952 2533 1077 2574 etiam
1110 2536 1240 2573 nutus
1273 2533 1336 2574 vel
1370 2533 1560 2574 Rectoris
1595 2532 1852 2586 accesserit),

132 2620 253 2660 opem
286 2607 468 2649 vicissim
501 2610 628 2660 atque
661 2620 831 2661 operam
862 2607 1055 2649 lubentes
1088 2607 1198 2649 inter
1229 2620 1273 2649 se
1306 2620 1449 2649 omnes
1483 2608 1720 2660 conferant,
1762 2621 1853 2649 mu-

136 2682 305 2735 tuisque
347 2682 530 2724 consiliis
579 2688 621 2724 et
665 2683 844 2725 assiduis
892 2682 944 2723 ad
986 2682 1121 2724 Deum
1171 2683 1366 2735 precibus
1419 2683 1489 2724 alii
1539 2684 1641 2725 alios
1684 2684 1848 2736 Juvent.

134 2756 216 2798 Sed
248 2769 384 2810 neque
423 2758 622 2800 omittant
662 2758 749 2801 sive
782 2758 1044 2800 Praefectum
1086 2758 1244 2811 ipsum,
1287 2759 1374 2800 sive
1413 2771 1505 2801 sese
1542 2759 1718 2800 invicem
1759 2771 1852 2800 con-

134 2832 294 2887 sulere,
341 2833 376 2874 si
418 2845 502 2886 qua
544 2833 606 2875 vel
648 2834 749 2875 levis
795 2833 1002 2875 dubitatio
1045 2833 1274 2886 pupugerit
1315 2834 1513 2875 animum.
1587 2833 1850 2875 Detrimento

134 2907 243 2948 enim
277 2910 341 2949 est
372 2920 446 2949 seu
479 2908 651 2950 timidus
684 2909 873 2958 nimium,
906 2921 980 2949 seu
1012 2907 1201 2950 tumidus
1225 2921 1272 2950 ac
1295 2909 1503 2963 superbus
1527 2921 1676 2951 eorum
1698 2909 1848 2962 pudor,

136 2981 207 3035 qui
240 2981 290 3023 de
323 2995 574 3036 quacunque
596 2996 641 3025 re
674 2986 715 3025 et
737 2995 989 3036 quocunque
1020 2985 1209 3036 tempore
1238 2987 1313 3025 aut
1344 2985 1433 3026 loco
1465 2984 1729 3037 interrogati,
1761 2988 1852 3026 tan-

135 3069 262 3110 quam
296 3058 435 3098 omnia
465 3058 572 3100 scire
601 3058 716 3111 ipsos
749 3063 877 3111 atque
909 3042 1064 3099 habere
1096 3058 1135 3099 in
1170 3064 1369 3113 promptu
1411 3072 1580 3101 necesse
1621 3059 1747 3109 foret,
1793 3059 1851 3100 di-

136 3132 340 3185 gnitatem
375 3133 441 3186 agi
473 3134 716 3176 existimant
748 3147 888 3189 suam,
936 3134 1015 3175 nisi
1053 3140 1227 3189 repente
1268 3136 1564 3190 respondeant.
1631 3136 1721 3188 Quo
1761 3134 1850 3177 fieri
