2164 3535
222 165 304 206 068
658 160 884 205 Anordnung
910 160 973 195 des
998 161 1056 205 3j.
1084 161 1212 206 phllos
1239 161 1377 197 Kurses
1407 165 1505 198 1858.

361 304 398 345 5.
440 302 661 346 Certitudo
684 303 891 345 naturalis
924 302 1133 345 fundatur
1164 303 1204 344 in
1229 305 1325 346 actu
1357 302 1454 346 fidei
1477 316 1641 359 caecae,
1677 315 1786 357 quae
1821 303 1950 346 facul—

222 382 359 421 tatum
394 379 671 433 cognoscendi
704 378 925 421 veracitati
959 378 1197 420 adhibetur.

362 456 399 497 6.
448 454 703 508 Supremum
736 458 778 496 et
810 454 980 495 unicum
1013 454 1204 496 veritatis
1245 454 1460 496 criterium
1493 458 1558 496 est
1599 454 1705 496 ratio
1740 454 1950 508 generalis

223 543 298 574 seu
331 531 497 583 generis
529 529 702 572 humani
735 530 1027 582 auctoritas¹).

363 608 399 646 7.
447 605 547 647 Sola
577 604 680 647 fides
712 605 827 659 parit
860 604 1213 658 certitudinem2).

363 684 401 723 8.
450 682 578 724 Nulla
609 682 766 724 veritas
805 682 963 724 ordinis
997 681 1273 736 metaphysici
1308 685 1383 724 aut
1416 682 1586 724 moralis
1619 681 1956 736 independenter

225 771 249 799 a
281 757 538 800 revelatione
570 757 712 799 divina
743 758 936 809 cognosci
970 761 1124 812 potest,
1158 758 1308 800 saltem
1342 758 1578 811 cognitione
1611 757 1776 800 reflexa.

364 835 400 875 9.
452 834 576 875 Ratio
618 834 804 875 humana
850 834 1032 887 propriis
1075 834 1235 876 viribus
1274 847 1357 875 non
1405 836 1546 888 potest
1597 833 1705 875 ullas
1754 833 1954 876 veritates

224 910 425 961 invenire,
458 910 530 952 sed
565 912 731 951 tantum
765 912 959 963 acceptas
993 909 1241 952 confirmare
1273 913 1345 951 aut
1378 910 1606 951 illustrare.

368 986 431 1028 10.
480 984 709 1027 Methodus
742 984 1045 1041 philosophica,
1078 985 1247 1038 quoties
1279 985 1443 1027 ratione
1475 985 1643 1038 privata
1675 985 1838 1037 nititur,
1873 998 1953 1027 non

227 1061 482 1104 auctoritate
514 1073 727 1114 sensuque
759 1061 984 1113 communi,
1017 1061 1165 1103 eodem
1198 1074 1372 1103 numero
1396 1061 1590 1103 habenda
1623 1064 1689 1102 est
1722 1074 1770 1104 ac
1793 1060 1956 1103 metho-

227 1137 306 1179 dus
338 1136 575 1190 theologica
605 1137 947 1191 protestantium.

370 1215 433 1255 11.
482 1213 728 1255 Intellectus
760 1212 904 1255 finitus
938 1213 1016 1255 hoc
1047 1212 1161 1267 ipso,
1193 1212 1307 1266 quod
1340 1212 1483 1254 finitus
1517 1218 1601 1262 est,
1641 1225 1808 1267 semper
1841 1217 1884 1255 ct
1913 1213 1954 1255 in

228 1289 422 1331 omnibus
455 1289 589 1331 errori
622 1289 828 1331 obnoxius
860 1289 982 1341 est3).

371 1366 433 1406 12.
487 1364 705 1406 Vocahula
748 1364 802 1406 ad
845 1364 1116 1418 cogitandum
1158 1365 1223 1407 vel
1264 1365 1414 1406 saltem
1456 1364 1508 1406 ad
1553 1364 1853 1407 reflectendum
1898 1365 1959 1406 ita

228 1444 330 1484 sunt
360 1440 620 1489 necessaria,
661 1444 709 1481 ut
740 1440 830 1482 sine
861 1441 942 1482 illis
975 1454 1091 1483 mens
1135 1441 1272 1482 nullos
1306 1444 1534 1494 conceptus
1567 1444 1643 1482 aut
1674 1440 1836 1494 judicia
1873 1440 1956 1482 for-

227 1530 345 1560 mare
376 1517 525 1571 possit.

371 1594 434 1635 13.
469 1593 716 1635 Intellectus
748 1592 882 1646 primo
916 1596 958 1635 et
980 1593 1138 1635 directe
1170 1606 1250 1634 non
1278 1606 1343 1634 res
1376 1593 1504 1646 ipsas.
1537 1592 1611 1635 sed
1643 1592 1758 1635 ideas
1782 1605 1807 1634 a
1830 1592 1958 1635 rebus

229 1672 424 1724 acceptas
456 1669 683 1722 cognoscit.

374 1747 434 1787 14.
484 1744 782 1798 Philosophiae
814 1757 967 1786 munus
1010 1748 1075 1786 est
1107 1743 1399 1786 demonstrare
1439 1757 1511 1800 ea,
1558 1756 1667 1798 quae
1709 1747 1833 1799 sunt,
1877 1756 1959 1786 non

229 1821 418 1875 potuisse
450 1833 532 1863 non
565 1833 667 1863 esse.

372 1897 436 1938 15.
485 1895 605 1938 Mens
637 1895 842 1947 humana,
887 1896 920 1938 si
953 1909 997 1938 se
1029 1896 1121 1949 ipsa
1152 1896 1341 1949 noverit,
1384 1908 1534 1938 causas
1576 1909 1718 1938 rerum
1758 1895 1959 1951 omnium,

231 1986 336 2027 quas
369 1972 626 2027 experientia
660 1972 723 2014 vel
754 1971 836 2014 fide
868 1972 1076 2024 cognovit,
1110 1971 1367 2025 investigare
1400 1975 1553 2026 potest.

374 2051 437 2090 16.
486 2049 528 2090 Is
561 2048 856 2102 Philosophiae
888 2061 935 2089 ac
978 2048 1178 2090 scientiae
1222 2048 1437 2102 profectus
1481 2047 1648 2089 admitti
1691 2050 1855 2102 potest,
1898 2050 1959 2100 ut,

233 2136 525 2178 quaecumque
556 2123 660 2165 fides
703 2123 932 2165 christiana
973 2123 1183 2165 credenda
1222 2124 1438 2178 proponit,
1479 2123 1719 2165 notionibus
1762 2122 1959 2176 propriis,

232 2213 314 2242 non
348 2200 483 2242 solum
519 2200 748 2253 analogicis
782 2199 1157 2253 apprehemlantur
1188 2204 1231 2240 et
1263 2212 1309 2239 ex
1333 2199 1549 2252 principiis
1584 2198 1864 2240 rationalibus
1888 2197 1958 2239 de—

231 2277 459 2319 monstrari
491 2276 664 2330 possint.

377 2355 439 2394 17.
487 2352 746 2394 Nominatim
786 2352 1035 2405 mysterium
1069 2351 1150 2393 SS.
1194 2351 1413 2393 'l'rinitatis
1455 2351 1561 2393 ratio
1606 2350 1736 2404 probe
1779 2350 1960 2404 exculta,

234 2428 313 2471 etsi
355 2440 437 2470 non
486 2441 560 2481 per
606 2440 651 2469 se
689 2427 781 2480 ipsa
822 2427 1029 2482 invenire,
1072 2430 1212 2468 tamen
1256 2430 1481 2480 postquam
1525 2427 1654 2468 semel
1700 2426 1957 2468 revelatione

235 2504 449 2555 cognitum
482 2506 560 2552 est,
592 2502 808 2545 evidenter
840 2502 1132 2544 demonstrare
1165 2508 1314 2555 potest.

376 2581 439 2621 18.
489 2578 759 2632 Philosophia
793 2579 851 2620 ita
883 2579 947 2619 sui
976 2579 1085 2631 juris
1118 2582 1202 2624 est,
1237 2582 1280 2619 ut
1315 2592 1339 2620 a
1372 2579 1487 2620 nulla
1519 2578 1658 2620 altiori
1692 2578 1867 2620 scientia
1900 2578 1959 2620 di-

236 2654 313 2707 rigi
347 2658 423 2696 aut
448 2654 631 2707 judicari
664 2653 828 2696 debeat.

378 2732 441 2771 19.
490 2729 731 2772 Relationes
764 2742 908 2771 omnes
941 2734 1042 2771 sunt
1072 2742 1185 2771 mere
1219 2730 1429 2781 ideales4).

376 2806 442 2846 20.
492 2805 729 2846 Existentia
761 2805 818 2846 rei
853 2809 917 2846 est
949 2805 1041 2857 ipsa
1073 2806 1161 2857 ejus
1196 2806 1398 2857 operatio.

379 2958 405 2997 1)
432 2955 483 2989 Cf.
511 2955 626 2999 Epist.
654 2955 694 2989 R.
723 2955 761 2989 P.
790 2956 845 2989 Al.
873 2955 993 2990 Fortis
1027 2955 1070 2989 de
1096 2955 1310 2999 quibusdam
1348 2955 1654 2999 propositionibus
1682 2955 1768 2999 phil.
1802 2965 1871 2988 non
1898 2954 1958 2988 do-

239 3012 371 3047 cendis.
423 3012 454 3047 d.
482 3013 514 3047 d.
541 3016 572 3047 4.
599 3013 676 3047 Oct.
707 3015 803 3048 1823.
835 3024 934 3057 prop.
965 3017 992 3049 l.

377 3071 405 3112 2)
431 3070 527 3105 Fort.
557 3082 657 3115 prop.
683 3074 714 3106 2.
925 3072 952 3115 3)
979 3072 1075 3106 Fort.
1104 3083 1204 3115 prop.
1232 3075 1262 3106 5.

375 3131 403 3173 4)
431 3130 482 3163 Cf.
511 3128 673 3165 Ordinat.
702 3140 765 3174 pro
794 3129 894 3163 stud.
923 3141 1040 3173 super.
1070 3130 1109 3163 R.
1138 3130 1174 3163 P.
1205 3129 1260 3163 1⁴¹1:
1290 3129 1542 3163 l‘iccolmnnwi
1570 3139 1626 3163 an.
1660 3132 1754 3163 1651.
1782 3138 1883 3172 prop.
1910 3131 1941 3162 3.
