2164 3535
545 232 696 275 Spatere
725 230 891 264 Statuten
917 228 979 263 des
1004 227 1138 262 Kolner
1166 226 1348 261 Seminars
1376 228 1473 261 1629.
1789 227 1871 268 323

287 371 447 422 Quibus
487 369 634 411 diebus
668 381 692 410 a
724 368 886 410 Scholis
929 371 1123 421 vacatur,
1162 366 1212 420 ijs
1252 366 1387 421 horis,
1429 364 1581 418 quibus
1624 363 1869 406 conceditur

148 448 266 488 iuxta
298 446 615 499 dispositionem
649 443 947 497 Superiorum,
981 455 1006 484 a
1037 442 1188 495 studijs
1222 453 1388 484 cessare
1419 443 1640 495 poterunt,
1674 441 1716 480 et
1749 438 1874 480 collo-

149 522 221 575 qui
267 525 342 562 aut
381 520 527 562 ludere
559 522 634 561 aut
666 518 792 560 etiam
825 517 877 558 ad
911 529 1080 570 campos
1113 515 1430 558 deambulatum
1462 514 1544 569 ire,
1586 515 1713 567 prout
1744 512 1873 554 fuerit

150 595 402 649 permissum
436 598 511 635 aut
542 593 863 647 praescriptum.

569 1019 866 1091 Spatere
927 1019 1462 1092 Anordnungen

281 1128 391 1180 fiir
456 1126 578 1177 das
649 1123 916 1176 Kiilner
981 1117 1754 1193 Clerical-Seminar.¹)

761 1226 839 1271 31.
879 1224 1078 1289 August
1130 1225 1273 1275 1629.

819 1328 882 1372 (L.
900 1337 935 1363 c.
953 1327 1027 1363 fol.
1043 1326 1119 1362 338
1129 1327 1210 1372 sq.)

948 1450 1084 1457 —Q-

901 1546 1132 1592 Summa

416 1641 729 1695 quorundam
770 1641 1019 1695 capitum,
1058 1652 1186 1694 quae
1224 1639 1285 1682 ad
1322 1638 1616 1692 regularum

184 1722 637 1775 domesticaeque
684 1721 1027 1774 disciplinae
1073 1720 1377 1774 pleniorem
1424 1718 1850 1761 observantiam

318 1803 555 1857 faciunt,
602 1803 664 1845 ab
710 1802 957 1844 omnibus
1005 1801 1256 1856 Archiep.
1305 1801 1432 1844 Sem.
1480 1800 1729 1843 Alumnis

826 1882 1219 1925 observanda.

299 1999 505 2050 Quoniam
538 2000 579 2041 in
604 1999 824 2050 Seminarii
861 1998 1019 2053 regulis
1052 1998 1116 2040 vel
1148 1997 1429 2050 intelligendis
1463 1997 1527 2038 vel
1560 1997 1640 2039 rite
1663 1997 1881 2040 servandis

158 2088 240 2117 non
286 2074 508 2116 mediocris
541 2079 636 2116 orta
668 2074 914 2126 difficultas,
956 2087 1049 2116 eam
1081 2073 1159 2115 hac
1192 2073 1478 2115 declaratione
1509 2072 1704 2126 perbrevi
1735 2072 1884 2114 tollere

160 2155 202 2192 et
233 2163 385 2202 urgere
417 2150 565 2191 volunt
595 2149 725 2192 RRm.i
757 2149 854 2190 DD.
892 2149 1134 2191 Provisores
1168 2150 1210 2190 et
1239 2148 1495 2190 Alumnatus
1528 2147 1790 2201 Superiores.

919 2276 1129 2328 Igitur.

306 2373 354 2411 19
400 2370 548 2423 Nemo,
580 2368 707 2410 etiam
741 2367 967 2418 Sacerdos„
1000 2379 1103 2409 suae
1135 2367 1338 2421 pecuniae
1370 2368 1514 2408 custos
1547 2366 1623 2421 sit,
1656 2365 1730 2408 sed
1763 2365 1888 2419 depo-

165 2449 292 2486 natur
323 2444 433 2497 apud
468 2445 517 2485 D.
546 2444 846 2492 Oeconomum„
879 2443 1042 2496 eritque
1075 2443 1201 2484 clavis
1235 2442 1467 2483 communis
1500 2441 1765 2493 singulorum
1797 2442 1887 2494 pul-

167 2520 354 2573 pitorum
388 2531 515 2572 penes
549 2520 822 2572 praefectum,
856 2519 919 2560 vel
952 2517 1140 2559 visitanti
1172 2529 1249 2558 sua
1282 2516 1439 2569 quique
1471 2519 1666 2569 prompte
1699 2515 1886 2558 offerent.

304 2597 355 2636 29
400 2593 631 2636 Schedulas
664 2594 915 2646 literasque,
952 2604 1058 2645 quas
1091 2591 1184 2644 alijs
1226 2591 1404 2632 mittunt
1447 2590 1509 2632 vel
1548 2591 1780 2647 accipiunt,
1821 2604 1888 2633 ex-

166 2669 297 2723 ceptis
341 2682 446 2722 quas
486 2668 732 2722 parentibus
785 2668 847 2709 vel
899 2667 1113 2709 tutoribus
1164 2665 1376 2713 scribunt,
1426 2664 1643 2707 Praefecto
1690 2666 1889 2718 legendas

167 2744 340 2786 dabunt.

306 2819 357 2859 39
402 2818 648 2868 Quadrante
686 2818 850 2870 integro
893 2817 956 2858 vel
999 2816 1133 2858 medio
1175 2828 1341 2868 semper
1382 2814 1555 2857 Scholas
1598 2818 1641 2856 et
1686 2816 1889 2869 templum

169 2896 266 2935 ante
298 2893 488 2943 adibunt,
523 2906 650 2946 quani
672 2893 776 2934 hora
804 2892 1016 2945 audiatur,
1049 2904 1100 2933 ne
1122 2894 1420 2944 praeceptores
1441 2894 1687 2943 exspectent
1710 2890 1891 2944 discipu-

168 2969 244 3010 los.
306 2968 410 3009 Eius
445 2969 502 3010 rei
535 2980 637 3009 cura
668 2968 749 3009 erit
780 2979 906 3021 penes
940 2966 1177 3008 Censorem.

312 3108 337 3149 ¹)
365 3106 440 3139 Ans
468 3104 660 3140 denselben
688 3105 735 3139 ist
762 3104 981 3148 ersichtlich‚
1008 3103 1143 3138 welche
1162 3103 1455 3146 Bestimmungen
1483 3102 1546 3136 der
1571 3101 1891 3144 vorhergehenden

171 3163 310 3207 Tages-
336 3163 407 3197 und
434 3163 702 3206 Hausordnung
734 3173 789 3197 am
821 3163 973 3197 meisten
1000 3162 1110 3196 Muhe
1136 3162 1312 3197 maehten.
1362 3162 1395 3195 S.
1424 3161 1516 3195 oben
1541 3170 1621 3194 zum
1647 3159 1761 3193 Jahre
1792 3161 1890 3194 1615.

1616 3219 1684 3253 21*
