2164 3535
227 194 310 235 314
434 191 767 227 Preisverzeichnis
795 190 817 226 f.
844 191 875 225 d.
902 191 1131 234 Kostganger
1156 189 1188 224 d.
1215 189 1348 224 wirzb.
1375 190 1467 225 Sem.
1511 190 1615 225 Nach
1643 193 1742 226 1608.

368 333 433 376 10.
480 332 596 374 Nulli
629 344 799 386 operam
832 343 954 373 suam
986 328 1271 384 praestabunt
1301 329 1343 371 in
1375 329 1427 383 ijs
1460 329 1609 385 rebus,
1647 342 1757 383 quae
1798 329 1960 383 regulis

229 411 271 451 et
293 408 569 463 Superior-um
592 407 767 449 statutis
791 408 1044 460 repugnant,
1078 405 1153 447 sed
1175 404 1332 460 potius,
1365 405 1399 446 si
1423 404 1525 458 quid
1549 407 1698 447 notent
1719 404 1761 447 in
1783 405 1956 460 familia,

231 483 345 536 quod
379 483 486 525 bono
519 482 677 524 nomini
709 481 835 524 huius
859 480 1080 534 Seminarij
1106 479 1272 522 officere
1293 482 1452 535 posset,
1484 478 1667 522 fideliter
1689 479 1960 533 Superiorem

228 558 280 600 de
312 571 362 600 ea
392 571 438 600 re
471 557 772 600 admonebunt.

370 636 434 675 11.
484 632 792 686 Occupationes
834 643 1004 686 eorum,
1047 630 1119 684 qui
1162 630 1346 672 musaeis
1388 632 1431 671 et
1475 629 1668 672 tricliniis
1701 629 1961 682 deserviunt,

229 709 270 750 in
323 720 370 750 eo
423 707 691 761 potissimum
744 706 1005 761 consistunt,
1061 709 1106 746 ut
1152 705 1271 746 iuxta
1323 704 1513 747 ordinem
1571 704 1721 747 domus
1774 717 1961 756 musaea,

230 783 458 826 triclinium
501 786 544 825 et
585 782 779 824 cubicula
822 782 910 824 suis
950 780 1214 834 temporibus
1259 782 1570 833 componantur
1611 782 1654 822 et
1687 779 1963 835 adornentur,

230 871 282 900 ne
314 858 401 899 ulla
433 857 597 899 oriatur
628 857 669 899 in
703 856 1006 899 communitate
1038 855 1223 908 querela.

373 946 436 986 12.
484 944 591 985 Hinc
624 956 747 985 mane
779 943 1029 996 tempestive
1062 944 1239 995 surgent
1268 944 1312 984 et
1333 941 1479 983 statim
1502 954 1526 983 a
1547 942 1674 995 pulsu
1697 942 1963 985 convictores

231 1020 283 1061 de
325 1032 440 1061 more
479 1019 735 1062 excitabunt.
808 1017 971 1060 Deinde
1012 1018 1181 1060 lavacra
1233 1020 1276 1059 et
1322 1016 1586 1070 hypocausta
1630 1016 1964 1071 praeparabunt,

231 1095 311 1137 nisi
353 1097 479 1137 antea
519 1094 562 1136 id
602 1093 792 1137 fecerint.
867 1092 1113 1143 Quadrante
1165 1094 1262 1144 post
1311 1091 1481 1144 pulsum
1529 1090 1764 1133 visitabunt
1810 1104 1962 1134 rursus

231 1169 424 1211 cubicula
464 1172 531 1222 et,
574 1169 608 1210 si
649 1180 756 1221 quos
798 1167 978 1209 necdum
1019 1167 1255 1209 surrexisse
1299 1164 1674 1221 deprehenderint,
1717 1165 1967 1209 indicabunt

231 1244 561 1298 Vicepraefecto.
627 1244 735 1285 Dato
777 1255 876 1285 vero
918 1243 1037 1296 signo
1077 1242 1130 1284 ad
1163 1241 1420 1292 orationem,
1463 1240 1649 1283 candelis
1679 1241 1722 1283 in
1754 1240 1963 1284 cubiculis

233 1319 466 1375 exstinctis,
499 1319 607 1361 ostia
640 1319 874 1362 occludent.

374 1409 437 1449 13.
487 1407 654 1449 Famuli
681 1419 951 1449 musaeorum
974 1404 1164 1460 quotidie
1188 1408 1287 1447 ante
1308 1403 1534 1458 prandium
1557 1402 1794 1446 visitabunt
1815 1416 1964 1446 rursus

234 1483 447 1537 cubicula,
488 1484 530 1524 et
559 1482 711 1536 lectos,
756 1494 861 1535 quos
895 1481 1074 1523 necdum
1108 1480 1364 1534 compositos
1398 1478 1636 1533 reperiunt,
1668 1478 1837 1532 eijcient
1868 1490 1963 1521 cum

235 1558 381 1611 saccis,
415 1557 565 1599 deinde
597 1556 960 1610 Vicepraefectum
995 1555 1295 1597 admonebunt.

379 1646 443 1686 14.
490 1644 642 1686 Nullus
683 1643 940 1686 famulorum
981 1642 1059 1684 ibit
1097 1641 1150 1683 ad
1183 1653 1353 1695 campos
1386 1653 1480 1683 cum
1514 1640 1607 1693 alijs
1639 1639 1729 1681 sine
1761 1638 1967 1681 facultate

238 1720 503 1774 Superioris,
551 1719 625 1762 sed
670 1732 718 1761 eo
759 1721 949 1772 tempore
992 1717 1056 1759 vel
1098 1716 1251 1770 studijs
1293 1716 1381 1758 suis
1429 1714 1660 1769 vacabunt,
1706 1713 1774 1756 vel
1813 1714 1855 1755 in
1897 1713 1968 1756 do-

235 1796 420 1839 mesticis
452 1795 632 1848 negotijs
665 1794 899 1847 occupandi
933 1795 1067 1835 erunt,

380 1883 442 1923 15.
492 1881 651 1923 Diebus
685 1881 830 1922 veniae
862 1879 991 1923 semel
1024 1881 1122 1920 ante
1153 1877 1379 1932 prandium
1412 1876 1580 1930 eijcient
1602 1887 1746 1917 omnes
1769 1875 1900 1917 lectos
1924 1874 1966 1916 in

237 1957 378 2010 aliquo
421 1956 711 1999 cubiculorum
755 1959 798 1997 et
835 1954 1104 2008 lustrabunt,
1147 1966 1248 1994 num
1282 1951 1434 2004 aliquis
1467 1951 1522 1992 sit
1553 1950 1742 1992 defectus
1774 1949 1815 1992 in
1848 1949 1968 1992 lectis

238 2036 311 2073 aut
344 2032 516 2087 lecticis,
549 2035 597 2073 ut
627 2031 889 2083 cor-rigatum
921 2032 1018 2083 post
1040 2027 1265 2082 prandium
1289 2039 1388 2068 vero
1410 2028 1665 2068 moneantur
1688 2025 1968 2081 convictores,

239 2111 287 2149 ut
319 2106 473 2159 singuli
505 2118 604 2148 suos
636 2105 766 2147 lectos
799 2105 952 2146 iterum
986 2102 1236 2145 sternendos
1270 2104 1430 2144 curent.

521 2501 913 2556 Verzeichnus
949 2500 1090 2554 wass
1128 2499 1283 2553 ieder
1319 2497 1688 2569 Kostgenger

243 2607 321 2659 im
390 2606 758 2661 Fiirstlichen
821 2602 1316 2658 Wiirtzburschen
1383 2598 1701 2654 seminario
1772 2596 1970 2652 Sancti

430 2709 648 2763 'Kiliani
711 2707 952 2762 i'ahrlich
1014 2706 1253 2780 ietziger
1313 2702 1441 2757 Zeit
1503 2699 1784 2756 bezahlt‘?

920 2817 1087 2881 (Nach
1130 2815 1298 2880 1608.)

794 2921 910 2966 (Cod.
944 2920 1030 2958 Col.
1061 2920 1166 2966 priv.
1199 2920 1272 2956 fol.
1299 2917 1432 2962 34722.)

250 3040 436 3082 Erstlich
468 3039 536 3081 fur
568 3038 646 3080 den
679 3038 912 3079 truckenen
946 3035 1074 3078 Disch
1107 3036 1160 3077 52
1183 3032 1467 3076 reichsdaller.

248 3116 356 3158 Item
386 3115 456 3156 fiir
489 3114 608 3156 Wein
642 3114 695 3155 38
718 3112 758 3155 fl.
797 3113 873 3165 l¹s2
894 3112 1056 3154 Batzen
1090 3111 1115 3152 6
1137 3110 1361 3152 Kreutzer.
