2164 3535
526 215 689 251 Aelteste
716 216 884 250 Statuten
910 215 972 250 des
1000 214 1133 249 Wirzb.
1160 213 1446 249 Pr.-Seminars.
1489 217 1587 250 1608.
1833 218 1915 258 299

194 354 248 396 ad
279 354 411 396 solem
441 358 636 409 exponet.
688 355 798 397 idem
840 355 965 397 faciet
1008 367 1103 397 cum
1142 355 1261 397 lectis
1303 354 1489 408 collegii,
1532 366 1713 407 quorum
1755 356 1799 395 et
1838 354 1917 408 ipsi

195 442 297 472 cura
329 430 583 485 concredita,
614 443 667 473 ne
698 443 723 473 a
753 431 945 485 prandio,
979 430 1079 472 dum
1110 430 1212 472 nihil
1242 430 1462 483 intemplo
1487 428 1697 482 agendum
1720 429 1917 483 occurrit,

194 505 362 547 otietur.
415 508 639 559 componet
674 509 717 547 et
753 505 1032 558 horologium.
1091 508 1282 559 tempore
1319 504 1485 558 prandii
1527 505 1569 546 et
1608 516 1763 545 coenae
1801 503 1919 545 iuxta

194 582 379 621 veterem
412 579 757 622 consuetudinem
791 580 945 622 mensis
976 579 1195 635 inserviet,
1239 580 1359 633 sique
1403 579 1635 631 notaverit,
1677 579 1918 632 quempiam

194 666 344 707 panem
377 656 452 695 aut
483 653 702 696 candelam
734 667 756 696 e
787 655 941 696 mensis
973 653 1194 707 suffurari,
1235 654 1324 696 eius
1358 654 1417 696 rei
1451 666 1544 696 cum
1577 655 1795 707 regentem
1827 656 1918 694 tum

195 741 467 771 oeconomum
499 728 697 771 monebit.
757 729 959 771 salarium
997 730 1046 770 16
1069 728 1238 785 floreni,
1271 731 1382 772 sicca
1412 732 1637 783 praeterea
1667 741 1835 784 mensa,
1876 728 1917 770 in

197 803 505 846 solennioribus
537 804 655 846 festis
687 806 730 845 et
759 804 802 845 in
837 803 1166 857 quadragesima
1196 804 1335 845 media
1367 804 1449 845 vini
1482 816 1694 846 mensura.

335 890 451 932 Haec
483 889 535 932 de
570 889 688 932 cultu
719 889 859 931 divino
892 889 933 931 in
967 888 1124 942 templo
1157 889 1409 931 academico.
1465 902 1576 932 nunc
1608 889 1659 931 de
1701 889 1920 944 disciplina

199 964 381 1021 collegii,
425 965 544 1007 cuius
585 964 909 1007 fundamentum
951 976 1047 1006 cum
1087 964 1129 1005 in
1171 963 1326 1016 regulis
1366 967 1407 1005 et
1440 963 1602 1017 legibus
1634 964 1818 1017 positum
1850 964 1919 1017 sit,

197 1039 366 1095 idcirco,
400 1052 510 1093 quae
541 1042 794 1095 sequuntur,
825 1039 1002 1092 singulis
1032 1038 1213 1081 alumnis
1236 1041 1278 1081 et
1300 1038 1609 1081 convictoribus
1632 1038 1921 1081 observandae

195 1117 505 1170 proponuntur.

345 1531 1035 1599 Disciplinar-Vorschriften
1078 1532 1165 1581 des
1208 1551 1256 1599 g.
1302 1532 1351 1581 S.
1395 1533 1447 1582 in
1490 1531 1774 1598 Wirzburg.

641 1670 866 1724 Regulae
906 1671 1080 1714 domus
1120 1672 1486 1714 convictorum.

334 1785 401 1827 Ad
442 1785 567 1828 huius
608 1785 758 1828 domus
800 1786 1036 1828 convictum
1069 1799 1191 1829 nemo
1224 1787 1477 1842 recipiatur,
1519 1786 1619 1840 quin
1652 1788 1771 1841 prius
1803 1787 1921 1841 polli-

199 1863 358 1916 ceatur,
392 1873 484 1902 sese
515 1861 723 1904 rationem
756 1861 867 1904 vitae
899 1874 1164 1904 communem
1197 1875 1291 1904 cum
1315 1862 1492 1904 caeteris
1521 1865 1768 1905 secuturum
1793 1865 1922 1915 atque

198 1935 252 1977 ad
282 1936 527 1978 institutum
559 1936 708 1979 domus
731 1949 756 1978 a
778 1937 996 1990 superiore
1017 1938 1330 1991 praescriptum
1353 1937 1739 1980 accomodaturum.
1789 1950 1922 1990 quare

200 2011 368 2064 cognita
398 2023 545 2054 eorum
577 2011 688 2054 bona
718 2012 1023 2067 propensione,
1054 2013 1304 2066 priusquam
1335 2013 1377 2054 in
1411 2012 1582 2054 domum
1613 2011 1921 2067 ingrediantur,

199 2098 309 2140 quae
340 2086 533 2141 subjecta
563 2090 676 2143 sunt,
706 2087 808 2141 ipsis
839 2091 1146 2142 proponantur.
1194 2100 1316 2130 nemo
1339 2100 1513 2130 suorum
1538 2099 1753 2130 armorum
1776 2090 1919 2130 custos

199 2161 300 2217 erit,
343 2161 418 2204 sed
455 2161 567 2215 apud
600 2174 695 2204 eum
728 2162 930 2215 deponet,
973 2164 1039 2205 cui
1071 2163 1149 2206 hoc
1181 2176 1334 2205 munus
1367 2163 1448 2205 erit
1479 2162 1736 2216 impositum.
1796 2174 1919 2204 nemo

199 2236 372 2289 collegio
414 2236 503 2278 sine
543 2236 747 2279 facultate
790 2240 833 2278 et
874 2239 1044 2290 comite,
1092 2239 1127 2280 si
1169 2238 1431 2291 assignetur,
1480 2237 1737 2291 egrediatur.
1801 2240 1921 2279 extra

199 2312 420 2365 collegium
452 2324 551 2354 vero
584 2311 668 2353 alia
698 2324 781 2354 non
814 2312 960 2368 adibit,
992 2325 1121 2366 quam
1151 2314 1236 2368 illa,
1271 2313 1325 2355 ad
1356 2326 1465 2367 quae
1497 2314 1610 2356 exire
1642 2312 1918 2366 permittitur.

198 2400 274 2430 nec
305 2387 421 2439 foris,
453 2387 533 2429 nisi
562 2386 709 2429 habita
740 2387 909 2429 licentia
932 2388 1212 2443 pernoctabit,
1245 2400 1354 2441 quae
1379 2387 1548 2441 quidem
1571 2386 1809 2438 difficulter,
1842 2387 1920 2428 nisi

198 2462 308 2505 forte
349 2465 568 2519 parentes,
611 2465 776 2505 tutores
809 2465 884 2504 aut
916 2463 1038 2504 amici
1069 2463 1233 2505 veniam
1264 2465 1431 2517 petant,
1475 2462 1741 2505 concedetur.
1796 2465 1840 2503 et
1871 2464 1919 2503 ut

198 2537 304 2580 varii
345 2537 540 2592 deinceps
582 2550 784 2580 excursus
832 2537 1063 2593 evitentur,
1111 2550 1254 2581 omnes
1301 2550 1384 2580 uno
1433 2540 1686 2591 mercatore,
1735 2539 1916 2591 sartore,

200 2616 359 2667 sutore,
383 2613 584 2668 aculario,
607 2613 848 2667 bibliopola,
872 2613 1019 2655 lotrice
1041 2616 1117 2655 etc.
1153 2615 1342 2669 utentur,
1365 2614 1437 2667 qui
1459 2613 1705 2667 septimanis
1729 2612 1918 2665 singulis,

199 2692 313 2731 certo
356 2688 422 2730 die
463 2701 487 2729 a
528 2688 678 2730 domus
720 2688 938 2742 superiore
979 2688 1195 2730 nominato
1237 2688 1459 2741 collegium
1502 2688 1702 2730 accedent
1744 2688 1921 2729 interro-

200 2763 355 2819 gaturi,
387 2776 473 2816 qua
502 2764 543 2805 in
577 2777 622 2806 re
651 2764 839 2817 ipsorum
863 2776 992 2817 opera
1014 2762 1289 2805 desideretur.
1339 2776 1459 2806 nemo
1482 2764 1624 2805 mittat
1646 2766 1721 2805 aut
1744 2762 1923 2816 accipiat

200 2838 444 2881 schedulam
476 2839 608 2880 ullam
639 2839 728 2881 sine
760 2839 991 2892 superioris
1024 2851 1244 2893 consensu,
1277 2839 1343 2880 cui
1374 2838 1491 2891 prius
1523 2839 1604 2880 erit
1628 2837 1819 2890 legenda,
1853 2850 1921 2878 ex-

201 2914 332 2968 ceptis
364 2914 415 2955 iis
447 2914 619 2969 litteris,
662 2927 771 2967 quae
803 2914 855 2956 ad
888 2915 1075 2967 ipsorum
1107 2917 1304 2966 parentes
1337 2916 1412 2955 aut
1443 2917 1660 2956 curatores
1693 2912 1920 2966 pertinent.

202 2988 431 3030 servabunt
463 3001 606 3031 omnes
649 2989 839 3031 ordinem
882 2988 1157 3030 domesticum
1197 2988 1420 3044 surgendi,
1463 2987 1680 3038 studendi,
1724 2986 1920 3040 cubandi,

202 3062 362 3117 orandi,
380 3062 545 3104 scholas
568 3063 792 3105 accedendi
816 3067 858 3105 et
879 3076 927 3105 ex
950 3063 999 3104 iis
1022 3063 1225 3105 redeundi
1248 3066 1501 3116 caeteraque
1524 3061 1661 3104 officia
1685 3061 1919 3115 exercendi,

201 3149 310 3190 quae
351 3137 404 3178 ad
443 3137 575 3180 totius
616 3138 764 3181 domus
812 3139 1074 3192 disciplinam
1116 3139 1390 3193 ipsorumque
1436 3137 1663 3179 utilitatem
1706 3136 1918 3190 pertinere
