2164 3535
622 207 846 251 Anordnung
872 206 934 242 des
959 207 1011 251 3j.
1038 207 1168 252 philos.
1193 207 1335 242 Kursus
1364 210 1461 243 1858.
1823 211 1904 252 565

322 348 359 389 3.
407 347 471 389 De
502 350 675 390 actuum
706 347 988 389 humanorum
1020 350 1189 402 natura,
1223 348 1419 390 libertate
1451 351 1493 390 et
1524 348 1776 390 moralitate.
1842 350 1904 391 De

182 421 449 474 passionibus
481 434 650 475 quoque
683 426 725 464 et
755 422 983 473 habitibus,
1017 435 1097 464 non
1132 423 1268 465 obiter
1297 426 1339 465 et
1371 423 1542 477 cursim,
1575 423 1649 465 sed
1681 423 1903 476 diligenter

182 499 224 538 et
256 496 388 538 solide
423 500 587 549 agatur.

319 573 355 612 4.
406 571 468 613 De
500 571 591 625 lege
622 572 772 614 morali
812 573 1045 625 generatim
1078 576 1119 615 et
1152 573 1203 615 de
1234 574 1325 626 lege
1357 574 1541 616 naturali
1574 575 1615 616 in
1648 575 1806 629 specie,
1850 575 1900 617 de

181 646 272 700 ejus
305 649 509 700 conceptu
543 650 585 689 et
629 647 873 697 existentia,
916 648 985 689 ubi
1018 648 1224 701 imprimis
1267 649 1490 691 essentiale
1523 649 1632 692 inter
1670 650 1827 692 bonum
1859 654 1901 693 et

178 720 336 762 malum
369 720 591 763 discrimen
624 722 829 764 tuendum
863 723 960 767 erit:
995 723 1045 764 de
1078 724 1282 777 principio
1317 724 1582 776 cognitionis,
1616 725 1730 778 quod
1762 726 1803 767 in
1827 738 1898 767 na—

179 798 277 837 tura
308 796 504 838 rationali
548 797 754 849 complete
796 799 1009 850 spectata,
1053 797 1103 839 de
1136 798 1339 851 principio
1383 799 1670 853 obligationis,
1713 800 1826 853 quod
1857 801 1897 842 in

177 870 394 913 voluntate
426 871 524 924 Dei,
558 870 647 912 sine
679 884 764 924 qua
795 872 911 914 nulla
943 871 1130 925 perfecta
1162 872 1377 928 obligatio,
1411 875 1701 927 quaerendum
1735 878 1812 930 est,
1845 875 1897 918 de

176 945 324 987 ultimo
348 945 527 998 denique
549 945 826 988 fundamento
860 947 918 1001 (in
942 959 1024 1000 quo
1058 948 1281 1000 utriusque
1304 949 1496 1002 principii
1520 950 1627 991 ratio
1652 951 1895 1003 reperitur),

175 1019 288 1073 quod
320 1024 385 1063 est
415 1021 508 1075 ipsa
539 1025 694 1064 natura
724 1022 876 1065 divina.
937 1023 1052 1065 Haec
1085 1024 1255 1077 quidem
1288 1025 1512 1078 diligenter
1543 1030 1690 1068 contra
1721 1027 1896 1069 Kantia-

173 1107 248 1137 nos
291 1098 334 1137 et
371 1096 574 1150 plurimos
617 1098 720 1141 alios
769 1098 1032 1142 defendenda
1075 1103 1191 1143 sunt:
1241 1099 1338 1140 addi
1382 1113 1478 1142 vero
1520 1103 1679 1156 potest,
1728 1102 1893 1144 etiamsi

176 1170 310 1224 (quod
354 1173 544 1214 nonnulli
577 1172 824 1217 Scholastici
866 1177 1090 1228 putarunt)
1131 1187 1179 1216 ex
1212 1174 1301 1216 sola
1333 1177 1487 1217 natura
1524 1176 1719 1218 rationali
1752 1177 1895 1230 aliqua

172 1246 374 1299 obligatio
409 1248 595 1297 oriatur,
638 1249 745 1292 hanc
777 1254 919 1292 tamen
952 1250 1123 1292 minime
1155 1263 1279 1304 posse
1312 1250 1371 1302 (id
1403 1251 1516 1303 quod
1549 1251 1801 1293 recentiores
1833 1252 1893 1294 illi

172 1322 335 1375 volunt)
369 1323 620 1377 principium
653 1338 758 1375 esse,
791 1338 875 1378 quo
900 1326 976 1367 Dei
1009 1325 1204 1367 voluntas
1239 1325 1320 1367 vim
1352 1338 1427 1368 nos
1461 1326 1674 1379 obligandi
1696 1327 1890 1381 accipiat.

170 1397 362 1451 Denique
395 1398 461 1440 hic
493 1399 619 1441 etiam
653 1400 724 1454 qui
757 1401 840 1441 vim
872 1401 975 1453 legis
1009 1400 1216 1442 naturalis
1250 1400 1302 1442 ab
1346 1401 1583 1443 utilitate
1626 1405 1700 1444 aut
1740 1414 1890 1445 sensu

170 1472 354 1525 quodam
386 1474 513 1515 animi
547 1479 746 1529 repetunt
777 1475 1021 1518 confutandi
1052 1479 1189 1518 erunt.

306 1550 343 1588 5.
392 1548 455 1591 De
487 1550 754 1592 conscientia.
817 1550 879 1592 De
911 1550 1140 1593 virtutibus
1173 1552 1215 1592 et
1246 1551 1370 1594 vitiis.

306 1625 343 1664 6.
392 1625 453 1666 De
497 1624 642 1667 officiis
684 1638 785 1679 erga
816 1626 974 1677 Deum,
1018 1626 1244 1679 praecipue
1284 1626 1335 1667 de
1376 1626 1492 1668 cultu
1524 1627 1601 1669 Dei
1641 1628 1805 1671 interno
1846 1633 1888 1672 et

167 1701 351 1741 externo.
414 1700 554 1754 Atque
585 1701 649 1743 hic
692 1702 945 1755 praecipuae
988 1701 1256 1755 quaestiones
1289 1714 1337 1742 ex
1378 1701 1643 1755 philosophia
1674 1704 1886 1756 religionis

164 1773 292 1815 inseri
323 1778 536 1827 poterunt.

306 1852 342 1890 7.
391 1850 453 1891 De
485 1850 630 1893 officiis
663 1864 764 1905 erga
796 1853 1001 1906 seipsum,
1042 1851 1111 1893 ubi
1144 1851 1194 1893 de
1226 1852 1438 1905 pravitate
1470 1852 1633 1895 suicidii
1667 1857 1709 1895 et
1741 1853 1884 1909 duelli,

164 1926 206 1979 et
237 1924 288 1966 de
314 1925 412 1978 jure
443 1926 670 1980 repellendi
703 1927 903 1981 injustam
936 1927 1262 1980 aggressionem.

304 2006 341 2047 8.
389 2007 451 2048 De
491 2006 637 2049 officiis
671 2020 771 2061 erga
812 2008 935 2063 alios,
978 2012 1066 2049 tum
1109 2007 1328 2050 charitatis
1370 2011 1459 2049 tum
1501 2009 1725 2063 praecipue
1760 2011 1882 2064 juris.

165 2080 316 2133 Itaque
339 2080 390 2123 de
417 2082 526 2135 juris
549 2086 703 2125 natura
736 2087 778 2125 et
806 2083 1051 2136 partitione:
1086 2083 1136 2124 de
1153 2082 1322 2136 juribus
1355 2084 1544 2125 connatis
1575 2084 1599 2125 i.
1624 2097 1657 2126 e.
1692 2084 1743 2126 de
1765 2085 1886 2127 liber-

162 2158 251 2197 tate
274 2159 447 2199 externa
472 2161 512 2199 et
544 2157 741 2200 libertate
764 2159 1057 2213 conscientiae,
1092 2158 1142 2199 de
1159 2158 1256 2211 jure
1280 2158 1389 2200 circa
1421 2158 1622 2201 honorem
1647 2163 1689 2201 et
1710 2158 1883 2207 famam;

163 2229 214 2272 de
249 2230 418 2284 juribus
461 2233 701 2288 acquisitis,
744 2233 924 2275 maxime
956 2233 1007 2275 de
1049 2233 1232 2274 dominio
1265 2236 1307 2274 et
1348 2234 1657 2287 contractibus,
1701 2235 1772 2276 ubi
1813 2235 1884 2288 qui

163 2304 434 2348 Socialismus
466 2309 508 2348 et
540 2306 879 2349 Communismus
912 2307 1112 2349 dicuntur
1143 2307 1355 2349 refutandi
1388 2311 1499 2349 sunt.

304 2388 342 2430 9.
389 2387 451 2429 De
483 2387 569 2429 vita
601 2388 746 2430 sociali
779 2388 1025 2441 generatim,
1057 2387 1128 2429 ubi
1160 2392 1332 2442 pactum
1365 2388 1517 2430 sociale
1539 2389 1786 2431 Rousseavii
1819 2403 1880 2432 re·

160 2461 396 2504 futandum.
452 2463 513 2504 De
546 2462 717 2513 familia,
750 2463 821 2505 ubi
844 2463 894 2505 de
927 2463 1120 2516 conjugio
1144 2466 1185 2504 et
1217 2465 1428 2516 potestate
1451 2466 1640 2516 paterna,
1674 2468 1880 2518 quantum

162 2536 265 2579 satis
289 2540 368 2592 est,
399 2537 449 2579 de
481 2540 693 2590 potestate
725 2537 852 2579 etiam
884 2537 1005 2579 herili
1029 2541 1070 2579 et
1103 2537 1321 2589 servitute,
1355 2550 1515 2580 necnon
1540 2538 1589 2580 de
1617 2539 1714 2591 jure
1736 2539 1880 2582 haere-

158 2611 303 2654 ditatis
336 2614 501 2665 agatur.

302 2687 364 2728 10.
418 2687 481 2729 De
524 2687 726 2729 societate
759 2687 890 2741 civili,
932 2688 1021 2741 ejus
1062 2690 1217 2729 natura
1248 2691 1287 2729 et
1321 2687 1412 2729 fine.
1477 2689 1538 2730 De
1581 2702 1778 2742 suprema
1809 2703 1879 2744 po-

161 2765 338 2813 testate,
372 2774 481 2815 quae
512 2762 554 2803 in
587 2775 631 2804 se
663 2766 856 2815 spectata
886 2762 978 2815 ipsa
1010 2762 1100 2815 lege
1131 2762 1331 2814 naturali,
1365 2762 1531 2804 minime
1564 2776 1661 2805 vero
1695 2763 1878 2807 humana

158 2837 431 2879 conventione
465 2837 618 2879 existit.
682 2838 743 2879 De
775 2838 901 2880 variis
934 2838 1148 2890 regiminis
1181 2837 1343 2880 formis:
1384 2838 1687 2889 democratica,
1730 2841 1878 2882 aristo-

157 2912 327 2967 cratica,
360 2912 627 2955 monarchica
658 2916 699 2954 et
732 2912 879 2957 mixta:
913 2925 1034 2965 quae,
1068 2914 1147 2955 etsi
1179 2913 1262 2955 alia
1293 2914 1333 2955 in
1367 2914 1458 2955 aliis
1491 2927 1632 2956 rerum
1666 2914 1874 2967 adjunctis

157 2986 317 3042 melior,
351 2999 428 3041 per
448 3000 493 3029 se
524 2987 640 3041 ipsae
664 2999 806 3029 omnes
839 2987 921 3040 legi
943 2987 1127 3029 naturali
1160 2986 1392 3030 conformes
1425 2992 1536 3030 sunt.
1590 2990 1652 3031 De
1684 2989 1872 3043 subjecto

157 3062 381 3114 potestatis
426 3075 670 3116 supremae,
712 3061 825 3115 quod
870 3062 996 3104 variis
1029 3062 1164 3104 modis
1207 3062 1392 3116 legitime
1435 3063 1759 3115 determinatur,
1802 3064 1873 3106 ubi

156 3148 309 3188 magna
341 3136 713 3191 circumspectione
746 3137 949 3179 utendum
972 3142 1013 3179 et
1044 3138 1153 3180 inter
1176 3138 1257 3180 alia
1289 3139 1610 3181 monstrandum
1634 3142 1711 3195 est,
1744 3152 1874 3192 quan-
