2164 3535
301 248 354 290 28
807 250 1003 293 Catalogus
1027 253 1225 295 perpetuus
1251 250 1380 287 Rheni.
1434 254 1530 287 1622.

839 391 885 432 Ιη
928 390 1089 432 media
1128 392 1498 444 grammaticae.

439 479 652 522 Ciceronis
684 481 819 534 Epist.
855 481 908 522 ad
939 482 1036 523 fam.
1070 481 1094 522 l.
1129 483 1177 522 11
1213 484 1256 523 et
1290 484 1353 523 12.
1391 506 1441 512 —-
1477 483 1613 525 Ovidii
1646 484 1697 526 de
1727 485 1862 527 Ponto
1895 485 1964 527 lib.
1990 487 2028 528 3.

303 576 352 582 -
388 552 642 597 Catechismi
680 556 820 609 graeci
860 569 948 609 cap.
986 558 1021 597 1.
1088 581 1136 586 -
1202 557 1491 600 Emmanuelis
1524 561 1633 612 synt.
1667 559 1756 601 sine
1787 572 1881 613 app.
1915 560 2031 602 tertii

299 628 478 679 generis.
539 630 686 684 Ejuscl.
730 630 1031 683 grammaticae
1072 631 1279 683 repetitio.
1346 656 1394 661 -
1459 632 1548 674 Jac.
1584 633 1764 675 Pontani
1802 634 2026 688 Progymn.

299 702 378 743 vol.
416 705 472 745 ΙΨ
523 729 570 734 —
621 705 711 747 Jac.
747 705 936 747 Gretseri
968 704 1135 747 Rudim.
1169 718 1230 758 gr.
1266 719 1360 748 cum
1397 707 1536 749 verbis
1567 707 1608 749 in
1638 724 1693 762 μι.

1109 937 1231 978 1633.

989 1017 1034 1057 Ιη
1067 1019 1332 1058 rhetorica.

439 1107 652 1150 Ciceronis
685 1109 923 1149 orationum
957 1109 1152 1151 volumen
1187 1111 1225 1150 2.
1273 1133 1317 1139 ——
1368 1111 1429 1151 De
1460 1110 1725 1152 Jnventione.
1767 1136 1819 1141 —
1859 1111 2026 1154 Orator.

302 1208 348 1212 —
394 1183 561 1224 Horatii
593 1196 719 1224 carin.
755 1183 860 1225 liber
891 1185 928 1225 3.
996 1208 1045 1213 -
1110 1184 1294 1227 Senecae
1326 1184 1628 1238 Agamemnon.
1693 1211 1745 1215 -
1810 1186 2026 1228 Demosth.

298 1258 532 1312 Philippica
565 1260 600 1303 l.
634 1261 677 1299 et
708 1259 745 1299 2.
799 1283 853 1288 -—
904 1259 953 1300 D.
990 1258 1204 1313 Chrysost.
1240 1259 1291 1301 de
1323 1260 1560 1302 sacerdotio
1593 1260 1700 1302 liber
1731 1262 1768 1302 2.
1836 1286 1881 1289 —
1944 1262 2028 1303 Ho-

299 1333 403 1375 meri
435 1333 593 1375 Iliados
625 1333 650 1374 l.
685 1335 723 1377 8.
787 1358 841 1363 —
902 1334 1161 1388 Epigramm.
1195 1348 1444 1388 graecorum
1477 1348 1576 1389 pars
1610 1338 1662 1377 2²}
1729 1361 1779 1367 -—
1843 1337 1886 1378 T.
1921 1336 2028 1378 Livii

303 1408 471 1450 decadis
504 1410 575 1449 24⁶³
611 1409 793 1462 epitome
834 1411 876 1450 et
908 1409 1031 1452 decas
1065 1410 1116 1451 32}
1177 1435 1231 1440 —
1293 1410 1384 1452 Jac.
1418 1409 1609 1452 Gretseri
1640 1410 1843 1453 Prosodia
1876 1424 1938 1464 gr.
1974 1436 2024 1441 —

303 1483 554 1526 Rhetoricae
587 1483 787 1537 Cypriani
819 1483 956 1526 Soarii
989 1485 1197 1538 repetitio.

965 1626 1010 1665 Ιη
1043 1625 1360 1665 humanitate.

436 1715 647 1758 Ciceronis
681 1716 925 1758 Officiorum
957 1716 1052 1757 libri
1086 1717 1122 1757 3.
1175 1741 1223 1746 —
1274 1716 1344 1757 Or.
1378 1729 1454 1769 pro
1486 1716 1578 1769 lege
1609 1715 1794 1758 Manilia.
1844 1741 1896 1746 ——
1943 1717 2025 1759 Pro

297 1791 480 1843 Ligario
532 1816 580 1821 —
631 1792 794 1845 Virgilii
826 1793 928 1835 Aen.
971 1793 1040 1834 lib.
1076 1794 1198 1834 6—9.
1249 1817 1302 1822 —-
1349 1792 1557 1834 Martialis
1600 1792 1668 1834 lib.
1707 1793 1757 1833 13
1791 1794 1833 1834 et
1867 1794 1931 1834 14.
1974 1818 2024 1823 -—

298 1866 454 1908 Caesar
486 1866 537 1908 de
568 1866 678 1908 bello
709 1867 871 1919 gallico.
929 1892 973 1897 —
1032 1867 1320 1909 Emmanuelis
1352 1866 1569 1909 Prosodia.
1621 1891 1670 1896 —
1720 1868 1930 1910 Isocrates
1971 1868 2025 1909 ad

296 1941 522 1982 Nicoclem.
574 1966 623 1971 -
675 1942 799 1995 Greg.
834 1943 936 1984 Naz.
972 1942 1023 1985 de
1054 1942 1321 1995 Virginitate.
1373 1968 1422 1973 —
1471 1942 1561 1984 Jac.
1597 1942 1788 1984 Gretseri
1819 1946 1928 1996 synt.
1962 1955 2023 1995 gr.

303 2040 353 2046 -
390 2016 513 2069 Cypr.
549 2016 685 2058 Soarii
718 2017 940 2059 rhetorica.

805 2146 849 2185 Ιη
882 2157 1115 2199 suprema
1149 2146 1520 2198 grammaticae.

436 2235 648 2277 Ciceronis
682 2236 817 2289 Epist.
852 2236 905 2277 ad
936 2237 1033 2278 fani.
1068 2237 1136 2278 lib.
1162 2239 1286 2278 4—6.
1344 2262 1393 2267 ——
1448 2237 1617 2279 Laelius
1650 2237 1701 2278 de
1731 2237 1941 2278 Amicitia.
1971 2261 2020 2266 —

299 2310 463 2363 Virgilii
494 2310 596 2352 Aen.
630 2311 699 2352 lib.
735 2314 771 2352 5.
833 2336 882 2341 —-
943 2311 1203 2353 Selectorum
1236 2324 1362 2353 carm.
1396 2324 1495 2365 pars
1529 2313 1565 2353 2.
1626 2337 1674 2341 —-
1734 2311 2022 2353 Emmanuelis

295 2388 404 2437 synt.
437 2397 531 2427 cum
564 2398 658 2438 app.
693 2386 806 2427 tertii
839 2399 929 2438 gen.
977 2411 1026 2416 —-
1075 2386 1223 2439 Ejiisd.
1256 2386 1461 2429 Prosodia
1492 2387 1564 2428 lat.
1616 2412 1665 2416 -—
1715 2387 1805 2428 Jac.
1839 2386 2022 2428 Pontani

294 2460 417 2512 Prog.
452 2460 646 2502 volumen
680 2462 717 2502 3.
757 2486 803 2490 —-
837 2461 927 2503 Jac.
963 2461 1153 2503 Gretseri
1184 2473 1358 2513 gramm.
1393 2474 1454 2513 gr.
1491 2486 1540 2491 —-
1575 2461 1804 2514 Agapetus.

835 2608 878 2646 Ιη
913 2606 1073 2647 media
1107 2607 1478 2659 grammaticae.

433 2696 514 2738 Cic.
550 2697 674 2749 Epist
726 2697 779 2739 ad
819 2698 915 2739 fam.
954 2699 1023 2741 lib.
1062 2700 1112 2739 13
1145 2703 1187 2740 et
1222 2700 1284 2740 14.
1340 2722 1389 2728 —-
1445 2698 1581 2740 Ovidii
1621 2698 1672 2741 de
1703 2699 1838 2740 Ponto
1875 2698 1945 2740 lib.
1979 2700 2017 2740 4.

298 2794 347 2800 -—
382 2770 636 2812 Catechismi
668 2773 807 2824 graeci
846 2785 935 2826 cap.
971 2775 995 2814 2
1027 2776 1070 2815 et
1101 2774 1138 2814 3.
1205 2799 1254 2803 —
1318 2773 1606 2815 Emmanuelis
1647 2776 1755 2826 synt.
1791 2773 1880 2815 sine
1922 2786 2016 2827 app.

295 2844 352 2886 31}
387 2845 564 2897 generis.
629 2845 941 2889 Grammaticae
983 2848 1191 2901 repetitio.
1258 2873 1307 2878 —
1370 2848 1459 2890 ι136.
1501 2848 1681 2890 Pontani
1724 2848 1802 2890 vol.
1840 2850 1903 2890 1¹3³
1965 2873 2014 2878 -

299 2918 389 2961 Jac.
424 2919 613 2962 Gretseri
645 2922 900 2964 Rudimenta
932 2935 1026 2965 cum
1060 2923 1198 2965 verbis
1229 2923 1271 2964 in
1301 2937 1356 2977 με.
