2164 3535
198 237 282 279 380
707 234 932 278 Allgemeine
958 233 1098 277 Regeln
1124 233 1188 268 der
1212 232 1420 269 Prafekten.

196 376 292 418 hinc
334 389 432 418 vere
474 380 516 419 et
557 376 718 419 sincere
761 382 904 418 ament
935 377 1240 429 promptosque
1272 388 1317 418 se
1349 375 1575 418 exhibeant
1606 375 1660 418 ad
1692 376 1833 418 omnia
1864 376 1924 419 eis

197 451 333 494 officia
364 452 634 507 praestanda,
667 464 777 505 quae
809 464 884 494 nec
917 451 1074 504 regulis
1098 452 1163 494 vel
1187 451 1525 493 ordinationibus
1550 450 1826 506 Superiorum
1850 464 1926 494 nec

196 528 385 581 ipsorum
426 527 535 569 bono
577 526 788 580 spirituali
829 530 904 568 aut
944 527 1168 581 temporali
1202 528 1415 570 contraria
1447 531 1558 570 sunt.
1623 527 1706 570 Ubi
1741 527 1852 569 enim
1883 540 1929 570 se

197 603 330 645 amari
360 602 624 655 conspiciunt
647 602 951 657 adolescentes,
984 602 1208 645 redamant
1229 603 1462 657 libentique
1485 603 1623 645 animo
1647 601 1926 656 Superiorum

196 691 369 720 suorum
403 677 621 720 desideriis
655 677 963 731 obtemperant.

334 754 371 795 2.
420 753 679 796 Persuasum
722 752 926 805 habeant,
969 753 1009 794 in
1053 766 1227 796 munere
1259 766 1336 796 suo
1370 753 1639 808 adimplendo
1672 766 1755 796 non
1787 753 1927 795 minus

195 828 384 870 oratione
425 841 469 870 se
511 828 773 871 adiuvandos
816 842 908 871 esse
948 842 1076 883 quam
1118 830 1200 872 alia
1238 843 1493 884 quacunque
1531 830 1754 873 industria.
1819 829 1927 872 Hinc

195 903 341 946 sedulo
375 904 612 960 attendant,
644 909 692 947 ut
723 905 923 947 exercitia
955 905 1194 959 spiritualia
1227 905 1377 948 devote
1406 909 1449 948 et
1470 905 1651 949 fideliter
1677 906 1851 956 obeant3
1885 907 1928 947 et

195 980 230 1022 si
262 979 564 1036 praeviderint,
597 994 642 1023 se
674 980 726 1023 ab
759 981 817 1023 eis
851 985 1053 1024 consueto
1087 984 1279 1035 tempore
1301 981 1553 1035 peragendis
1582 981 1835 1036 impeditum
1859 980 1925 1035 iri,

197 1069 247 1098 ea
278 1056 510 1109 anticipent
541 1056 682 1109 potius
715 1070 842 1111 quam
876 1057 930 1099 ad
962 1057 1077 1099 aliud
1110 1060 1278 1110 tempus
1312 1057 1542 1099 remittant.

333 1133 369 1174 3.
420 1131 531 1174 Suae
573 1145 699 1174 curae
741 1133 986 1175 commissos
1029 1133 1219 1186 quotidie
1268 1133 1482 1175 ferventer
1530 1132 1668 1174 divino
1715 1132 1925 1175 Salvatori

197 1208 472 1261 parvulorum
505 1208 809 1259 amantissimo,
844 1208 1122 1250 Beatissimae
1153 1209 1243 1250 eius
1276 1208 1402 1251 matri
1435 1208 1495 1250 St.
1531 1207 1717 1261 Josepho
1750 1207 1926 1250 sanctis-

194 1296 276 1336 que
308 1283 466 1336 angelis
500 1283 746 1325 custodibus
780 1283 1076 1326 commendent
1107 1297 1155 1326 ac
1177 1297 1253 1338 pro
1277 1297 1322 1327 se
1344 1285 1527 1338 gratiam
1549 1285 1711 1340 petant,
1743 1286 1791 1326 ut
1817 1297 1927 1338 pura

195 1360 236 1400 in
269 1359 462 1401 omnibus
495 1358 730 1401 intentione
763 1358 1013 1412 dirigantur,

332 1442 369 1481 4.
424 1440 607 1482 Maxime
647 1440 887 1482 necessaria
928 1442 1142 1494 praefecto
1185 1444 1250 1483 est
1291 1441 1537 1483 auctoritas.
1609 1441 1730 1483 Hanc
1780 1443 1924 1483 tamen

194 1516 325 1569 probe
357 1516 566 1569 intelligat.
597 1528 679 1557 non
713 1516 967 1558 austeritate
999 1516 1142 1558 vultus
1165 1529 1302 1570 neque
1323 1516 1667 1569 obiurgationum
1691 1516 1926 1559 acerbitate

193 1595 268 1634 aut
309 1605 538 1645 poenarum
579 1593 844 1635 minitatione
883 1593 1050 1647 parari,
1092 1592 1166 1635 sed
1210 1592 1462 1635 discretione
1504 1604 1681 1648 magna,
1721 1604 1831 1646 quae
1862 1592 1924 1634 ita

193 1671 330 1709 totum
362 1668 513 1720 agendi
546 1669 719 1710 modum
752 1672 972 1724 temperet,
1005 1671 1054 1710 ut
1086 1668 1121 1710 is
1155 1681 1231 1711 nec
1263 1667 1393 1710 nimia
1414 1667 1625 1721 gravitate
1652 1680 1728 1710 nec
1749 1668 1924 1710 levitate

194 1746 269 1784 aut
290 1743 420 1785 nimia
442 1742 729 1786 familiaritate
748 1746 912 1798 peccet;
945 1744 1173 1798 prudentia
1194 1743 1361 1800 insigni,
1381 1756 1466 1798 qua
1487 1743 1590 1786 nihil
1612 1743 1924 1786 inconsiderate

193 1818 572 1875 reprehendamus‚
616 1819 857 1874 iubeamus,
896 1819 1217 1873 prohibeamus3
1268 1832 1464 1862 sermone
1505 1819 1626 1862 suavi
1667 1818 1839 1873 quidem
1881 1821 1926 1861 et

193 1893 369 1949 affabili,
411 1894 485 1936 sed
524 1907 651 1949 parco
685 1898 726 1937 et
757 1895 1087 1949 praemeditato,
1128 1895 1274 1948 paucis
1308 1895 1467 1937 verbis:
1510 1894 1805 1937 observatione
1836 1907 1923 1937 mo-

194 1970 355 2012 destiae
388 1970 429 2011 in
462 1970 620 2023 regulis
653 1971 809 2012 nostris
842 1970 1143 2024 praescriptae.

331 2046 542 2099 Imprimis
582 2058 679 2087 vero
721 2046 773 2087 ad
812 2046 855 2087 id
896 2046 1102 2088 conducet
1133 2050 1175 2088 et
1207 2046 1438 2100 requiritur
1470 2045 1761 2099 tranquillitas
1794 2044 1921 2087 animi

192 2121 335 2174 firma,
379 2122 439 2163 ita
479 2124 526 2163 ut
567 2134 784 2175 nunquam
824 2123 1019 2175 passione
1058 2122 1123 2164 vel
1165 2122 1304 2163 minus
1348 2121 1542 2164 ordinato
1584 2121 1724 2175 aliquo
1766 2119 1918 2163 affectu

195 2196 348 2250 abripi,
382 2197 554 2250 impelli„
589 2197 859 2239 determinari
893 2198 957 2239 vel
990 2197 1113 2250 dirigi
1146 2197 1374 2239 videamur.

334 2276 370 2314 5.
420 2273 582 2314 Invicta
625 2285 669 2314 se
710 2273 902 2314 muniant
944 2273 1167 2327 patientia:
1219 2272 1401 2326 compati
1445 2271 1610 2314 discant
1651 2271 1920 2314 subditorum

193 2347 509 2390 infirmitatibus
532 2348 651 2390 iuxta
680 2348 837 2390 Christi
862 2349 1117 2402 exemplum:
1151 2361 1369 2402 nunquam
1392 2360 1437 2390 se
1460 2347 1599 2390 animo
1621 2347 1757 2389 laesos
1784 2349 1921 2389 osten-

193 2424 297 2466 dant
327 2436 555 2477 puerorum
588 2424 889 2479 imbecillitate,
921 2424 1094 2466 levitate
1127 2424 1191 2466 vel
1222 2423 1395 2466 malitia.

333 2502 369 2539 (5.
418 2499 662 2552 Intelligant
701 2500 859 2553 primas
892 2501 957 2543 sui
990 2500 1175 2542 muneris
1208 2503 1352 2553 partes
1385 2511 1477 2541 esse
1509 2498 1729 2552 invigilare
1762 2497 1919 2552 pueris,

194 2574 247 2615 ad
278 2575 521 2627 regularum
555 2576 892 2617 observationem
925 2580 968 2618 et
998 2575 1313 2618 observantiam
1344 2574 1568 2629 inducere,
1602 2586 1626 2615 a
1658 2573 1768 2615 malo
1802 2586 1916 2616 coer-

195 2662 287 2691 cere
320 2654 447 2703 atque
479 2650 520 2691 in
554 2650 617 2692 his
651 2650 840 2694 defectus
873 2651 1120 2705 praevenire
1151 2652 1293 2705 potius
1325 2662 1452 2704 quam
1485 2650 1730 2692 commissos
1769 2650 1919 2703 punire

193 2728 401 2777 satagant.

333 2802 369 2840 7.
418 2800 589 2842 Maximi
633 2801 832 2843 momenti
873 2804 958 2856 est,
1001 2805 1049 2843 ut
1087 2801 1276 2854 apprime
1308 2801 1548 2854 intelligant
1578 2803 1621 2842 et
1651 2803 1918 2853 perspectam

194 2876 379 2917 habeant
411 2875 614 2928 cuiusque
646 2876 828 2918 indolem
862 2876 1178 2929 voluntatisque
1210 2876 1523 2917 inclinationem
1555 2876 1640 2917 sive
1678 2876 1718 2916 in
1761 2875 1917 2917 bonum

197 2951 284 2992 sive
328 2951 368 2991 in
410 2950 587 3004 malum,
632 2954 679 2992 ut
717 2952 776 2992 ita
814 2952 990 2993 faciliori
1023 2964 1233 3005 quemque
1265 2953 1307 2993 et
1338 2949 1561 2993 efficaciori
1593 2949 1791 2992 methodo
1823 2963 1919 3003 pro-

195 3038 364 3067 movere
396 3025 532 3078 possit
563 3026 603 3066 in
638 3026 704 3067 via
735 3026 923 3076 virtutis3
956 3040 1037 3068 non
1071 3027 1180 3068 enim
1214 3026 1359 3068 eodem
1392 3038 1536 3067 omnes
1570 3025 1693 3067 modo
1727 3025 1917 3079 dirigun-

195 3104 267 3140 tur
298 3112 374 3141 nec
406 3100 552 3142 iisdem
585 3100 739 3152 singuli
771 3104 994 3143 moventur
1026 3101 1271 3144 rationibus.

333 3178 368 3213 8.
420 3176 466 3216 In
507 3188 582 3217 suo
623 3175 756 3218 officio
797 3176 1064 3230 adimplendo
1103 3177 1303 3230 praefecti
1342 3189 1366 3217 a
1398 3176 1444 3219 R.
1471 3176 1513 3217 P.
1539 3177 1718 3219 Rectore
1750 3179 1915 3218 tantum
