2164 3535
263 262 344 303 160
833 260 1043 305 Gymnasial
1052 281 1064 286 -
1073 260 1285 304 P'adagogik
1314 262 1410 296 1736.

259 401 473 443 interdum
506 413 615 454 quae
657 401 859 456 audiunt,
904 402 952 442 ut
990 405 1198 454 cogantur
1239 402 1387 444 animis
1431 402 1591 444 adesse.
1656 403 1906 444 Excitentur
1938 403 1991 444 ad

260 476 480 518 laborandi
512 477 824 519 contentionem
858 479 988 528 atque
1020 476 1074 517 ad
1114 476 1272 518 sciendi
1305 477 1602 531 cupiditatem3
1642 477 1794 519 horum
1826 478 1991 531 praedi-

260 555 378 594 cetur
410 551 626 604 ingenium
671 564 717 593 ac
762 551 1002 603 diligentia,
1045 551 1215 592 illorum
1257 552 1438 594 tarditas
1481 553 1742 605 increpetur3
1785 565 1829 594 se
1869 565 1990 608 nova,

260 626 471 678 inaudita,
519 627 626 668 mira
669 627 807 668 dicere
846 627 1104 679 Praeceptor
1144 626 1417 680 profiteatur,
1466 640 1513 669 ex
1554 628 1699 669 intimo
1741 627 1991 669 eruditionis

260 703 512 756 deprompta
542 715 676 757 penu,
710 715 819 756 quae
855 702 1065 744 servanda
1097 702 1322 755 diligenter
1354 706 1396 744 et
1426 702 1468 743 in
1501 702 1712 755 reliquum
1745 703 1857 745 vitae
1888 708 1992 745 tem-

259 790 338 831 pus
370 777 596 830 profutura
627 777 706 820 sibi
739 778 863 831 plane
884 778 1186 831 persuadeant.
1239 777 1415 829 Quarta,
1449 781 1497 819 ut
1518 791 1571 819 ne
1593 777 1779 819 scholam
1803 791 1991 831 unquam

260 866 354 895 cum
386 854 575 895 tumultu
609 857 651 895 et
683 854 938 895 clamoribus
972 854 1170 895 sinantur
1202 853 1360 909 subire,
1393 853 1466 895 sed
1500 854 1540 894 in
1571 866 1677 909 eam,
1710 855 1758 895 ut
1787 854 1830 895 in
1853 867 1992 896 sacra-

259 930 369 970 rium
400 929 630 984 quoddam,
663 929 959 982 ingrediantur
991 929 1198 981 tacitique
1230 929 1327 971 inde
1351 941 1398 970 ac
1421 929 1603 970 modesti
1624 933 1829 984 perstent,
1863 929 1989 971 etiam

260 1008 489 1057 antequam
522 1004 634 1045 adsit
654 1004 932 1057 Praeceptor:
966 1004 1039 1056 qui
1072 1008 1112 1045 et
1145 1004 1305 1057 plectet
1336 1004 1444 1057 illos,
1479 1017 1503 1044 a
1535 1003 1689 1056 quibus
1713 1003 1873 1057 aliquid
1895 1018 1989 1058 pec-

259 1084 400 1121 catum
432 1084 532 1121 tunc
564 1080 606 1121 in
639 1079 889 1120 modestiam
920 1079 1048 1120 fuerit
1080 1080 1342 1132 (quanquam
1375 1092 1456 1119 non
1490 1079 1549 1120 ita
1582 1079 1755 1131 multos)
1788 1079 1987 1133 editoque

259 1155 299 1196 in
333 1168 404 1196 eos
438 1156 626 1208 exemplo
650 1155 893 1207 gestientes,
926 1158 974 1195 ut
995 1153 1085 1195 fieri
1108 1158 1223 1195 amat
1255 1154 1295 1195 in
1328 1154 1537 1206 ingressu,
1570 1167 1801 1207 puerorum
1823 1155 1984 1197 animos

260 1233 507 1284 compescet.
557 1230 784 1282 Nunquam
818 1234 973 1277 autem,
1008 1229 1182 1271 absente
1215 1229 1312 1270 licet
1333 1229 1554 1282 Magistro,
1589 1233 1738 1271 vacent
1768 1230 1808 1271 in
1847 1230 1990 1272 schola

261 1307 379 1360 pueri
411 1306 476 1348 vel
509 1306 715 1354 otientur;
755 1305 829 1347 sed
861 1305 926 1347 vel
968 1304 1158 1346 ediscant
1199 1304 1431 1358 praelecta,
1477 1305 1542 1346 vel
1580 1305 1690 1346 inter
1721 1318 1765 1347 se
1797 1306 1988 1357 recitent,

261 1382 324 1423 vel
356 1382 389 1423 si
423 1382 510 1424 dies
544 1382 719 1431 Festus,
757 1381 983 1434 maj01·isve
1015 1380 1246 1422 vacationis
1279 1380 1424 1431 fuerit,
1466 1380 1564 1422 dum
1598 1381 1652 1422 ad
1684 1393 1772 1422 rem
1805 1381 1988 1423 divinam

259 1462 510 1509 evocentur,
544 1457 929 1511 condiscipulorum
963 1457 1148 1510 aliquem
1182 1456 1252 1509 pia
1282 1457 1618 1511 praelegentem,
1652 1457 1739 1498 suis
1774 1456 1989 1498 distributi

259 1534 360 1575 locis
398 1536 440 1575 et
478 1533 671 1585 silentes,
716 1533 903 1574 audiant.
969 1532 1144 1583 Quinta,
1188 1535 1258 1587 ut,
1302 1545 1394 1573 011111
1438 1532 1601 1584 peccari
1644 1533 1684 1573 111
1725 1532 1988 1585 disciplinam

259 1609 393 1662 possit
424 1609 489 1651 vel
522 1609 574 1650 ab
606 1609 815 1650 universis
855 1608 1133 1650 communiter
1176 1607 1412 1660 discipulis,
1459 1608 1523 1649 vel
1564 1620 1587 1648 a
1629 1607 1774 1660 paucis
1817 1607 1989 1660 quibus-

260 1685 356 1725 dam
403 1697 615 1735 seorsum,
668 1684 895 1736 utrobique
942 1684 983 1724 in
1032 1687 1230 1736 promptu
1280 1682 1513 1724 remedium
1559 1683 1779 1724 habeatur.
1857 1683 1988 1724 Nimi-

259 1772 373 1813 rum,
415 1760 450 1801 si
483 1759 763 1801 communiter
794 1762 1014 1812 peccatur,
1058 1757 1305 1811 quaerenda
1336 1758 1435 1799 mali
1475 1770 1604 1799 causa
1635 1762 1677 1799 et
1709 1758 1986 1799 removenda:

258 1835 539 1888 investigandi
573 1835 678 1877 clam
702 1834 921 1876 seditionis
945 1833 1146 1876 authores
1171 1833 1254 1874 duo
1277 1836 1417 1874 tresve
1439 1832 1743 1886 splendideque
1765 1833 1986 1886 puniendi;

260 1911 323 1952 vel
356 1911 497 1964 etiam,
531 1911 564 1952 si
594 1910 809 1964 Superiori
844 1909 1071 1963 videbitur,
1105 1908 1368 1959 dimittendi3
1402 1908 1614 1949 interdum
1648 1911 1788 1950 tamen
1822 1909 1984 1950 ratione

259 1998 306 2028 ac
340 1986 630 2028 benevolentia
662 1986 873 2029 vincendi:
907 1985 948 2026 in
981 1985 1199 2026 universos
1233 1988 1375 2025 autem
1407 1995 1624 2035 nunquam
1657 1981 1979 2024 fulminandum.

260 2062 422 2103 Accidit
454 2062 696 2117 aliquando,
729 2065 777 2102 ut
807 2060 1060 2102 modestiam
1094 2059 1315 2101 remittant
1347 2059 1467 2111 pueri
1500 2058 1640 2100 subito
1673 2058 1789 2099 nulla
1811 2058 1874 2099 vel
1903 2058 1984 2100 levi

260 2139 310 2181 de
343 2152 481 2181 causa.
545 2138 661 2180 Tunc
692 2137 897 2189 Magister
928 2148 1056 2189 penes
1089 2148 1132 2176 se
1164 2135 1240 2176 sit:
1274 2134 1377 2175 nihil
1410 2132 1575 2174 effutiat
1606 2132 1839 2181 iracundia,
1874 2133 1983 2174 serio

260 2218 303 2256 et
343 2214 450 2255 virili
484 2214 603 2255 vultu
636 2213 820 2266 pueriles
853 2214 1078 2265 componat
1110 2213 1275 2264 aestus,
1320 2212 1447 2262 atque
1480 2209 1584 2251 alias
1617 2208 1787 2261 quidem
1820 2209 1985 2250 silentio

260 2293 302 2331 et
332 2292 453 2345 nutu,
486 2301 788 2341 nonnunquam
822 2291 964 2328 autem
996 2286 1110 2328 clara
1142 2290 1184 2326 et
1216 2285 1328 2326 elata
1363 2297 1462 2326 voce
1494 2284 1707 2326 silentium
1736 2283 1916 2337 imperet
1937 2296 1985 2326 ac

261 2366 465 2419 quietem,
513 2365 617 2406 alias
660 2366 926 2416 contemptu,
973 2361 1096 2414 quasi
1136 2360 1237 2401 nihil
1283 2359 1505 2401 accidisset
1547 2360 1664 2412 novi„
1714 2359 1984 2402 dissimulans

261 2441 399 2482 onmia
430 2444 582 2493 pergat
613 2439 761 2492 exequi
793 2438 906 2491 quod
938 2437 1067 2479 habet
1097 2449 1201 2489 prae
1232 2435 1451 2485 manibus3
1485 2434 1738 2487 quandoque
1772 2434 1985 2488 praesenti

259 2517 480 2558 nebulonis
521 2528 657 2570 poena
694 2527 888 2555 murmur
925 2513 1106 2565 frangat.
1171 2512 1214 2553 Si
1247 2523 1344 2552 vero
1377 2523 1401 2551 a
1432 2510 1577 2562 paucis
1611 2510 1867 2563 quibusdam
1899 2509 1984 2550 vio-

259 2592 374 2633 latur
405 2591 632 2639 modestia,
664 2590 838 2643 resciat,
871 2589 1042 2642 quinam
1074 2588 1133 2629 illi
1165 2588 1269 2634 sint;
1310 2587 1371 2635 et,
1404 2584 1557 2637 quibus
1591 2585 1770 2626 maxime
1803 2584 1985 2626 coerceri

261 2667 394 2709 modis
426 2667 603 2721 possint,
636 2671 725 2707 tum
759 2665 969 2718 expendat
1000 2664 1089 2717 ipse
1121 2675 1197 2715 per
1228 2673 1333 2710 5656,
1366 2662 1457 2701 tum
1493 2659 1545 2701 ab
1579 2660 1669 2702 aliis
1704 2660 1908 2712 exquirat.

399 2743 460 2783 De
492 2742 742 2783 assiduitate
774 2741 954 2793 denique
987 2739 1117 2782 studii
1150 2750 1197 2779 ac
1229 2736 1456 2778 sedulitate
1489 2748 1513 2776 a
1543 2735 1757 2788 discipulis
1781 2734 1985 2788 exigenda

261 2817 391 2871 (quod
423 2822 489 2859 est
519 2820 719 2870 quartum
751 2816 854 2857 illud
878 2815 1154 2857 stabiliendae
1178 2813 1424 2865 disciplinae
1447 2813 1608 2865 eaput),
1641 2810 1838 2863 quoniam
1861 2810 1985 2862 plura

261 2897 373 2948 sunt,
406 2905 514 2945 quae
547 2892 600 2933 ad
626 2905 717 2933 eam
742 2905 828 2933 rom
853 2890 1107 2944 referuntur,
1138 2888 1396 2942 peculiarem
1420 2897 1635 2927 sumemus
1659 2885 1823 2927 dicendi
1844 2885 1981 2926 locum

261 2968 448 3009 Articulo
480 2970 694 3020 sequente.
