2164 3535
226 267 307 308 104
903 263 980 299 Ziel
1006 263 1070 299 der
1094 263 1284 299 Rhetorik.

224 405 356 459 igitur
386 417 461 447 seu
491 404 686 461 palatus,
727 417 802 448 seu
835 407 986 457 gustus
1020 390 1134 446 aliud
1172 417 1254 446 non
1288 407 1372 457 est,
1415 418 1462 446 ac
1494 406 1555 447 vis
1587 406 1660 447 illa
1692 406 1953 448 discernendi

226 493 274 523 ac
307 480 585 537 dijudicandi,
625 481 727 534 quid
766 481 807 522 in
846 481 996 534 quavis
1034 493 1080 522 re
1111 481 1175 523 vel
1206 485 1477 535 argumento,
1521 494 1593 523 seu
1637 482 1956 524 circumstantia

227 557 394 612 deceat,
427 559 501 597 aut
532 556 670 598 minus
703 556 903 598 decorum
935 557 1009 607 sit3
1041 556 1143 610 quid
1175 557 1405 611 redundet,
1439 560 1513 598 aut
1544 557 1682 599 minus
1716 557 1782 599 sit.
1846 557 1954 607 Quid

227 632 400 674 cordato
424 632 686 674 aestimatori
709 643 858 684 sapere
880 632 1030 684 possit,
1053 634 1128 673 aut
1150 631 1360 685 desipere3
1393 632 1494 685 quid
1517 631 1749 674 secundum
1772 632 1955 687 regulas,

229 708 331 761 quid
363 720 485 749 secus
517 708 694 757 factum;
728 707 829 760 quid
873 707 1074 749 stolidum
1106 708 1162 750 sit
1203 711 1278 749 aut
1319 708 1579 761 speciosum:
1613 708 1841 761 genuinum
1883 711 1958 749 aut

229 783 528 825 adulterinum.
592 782 641 824 Id
674 782 788 835 quod
813 783 962 837 judicii
1000 783 1144 837 potius
1176 787 1260 839 est,
1293 797 1420 837 quam
1452 784 1628 839 ingenii,
1668 784 1781 837 quod
1820 784 1956 838 specie

229 858 327 900 boni
357 858 479 900 facile
510 857 683 899 fallitur.
747 858 893 900 Bonus
926 862 1077 912 gustus
1117 859 1306 901 Ciceroni
1349 863 1414 901 est
1456 860 1700 915 Elegantia,
1743 860 1956 912 elegantes

230 934 353 989 enim,
385 935 434 975 ut
465 933 537 989 ait,
570 933 692 987 quasi
724 933 941 989 eligentes,
980 934 1082 987 quid
1116 935 1530 988 praestantissimum
1563 935 1629 976 sit.
1694 934 1957 989 Quempiam,

230 1009 303 1062 qui
335 1008 385 1051 de
417 1009 571 1051 statuis
595 1012 709 1052 recte
725 1009 921 1064 judicare
945 1013 1083 1066 norat,
1116 1013 1240 1052 vocat
1261 1010 1373 1052 omni
1399 1010 1559 1063 judicio
1584 1010 1957 1063 elegantissimum.

229 1085 312 1126 Pro
345 1084 497 1127 decoro
530 1088 694 1140 autem,
727 1097 852 1137 sano,
885 1087 1005 1141 apt0,
1037 1085 1254 1139 proboque
1286 1085 1526 1127 habendum
1550 1087 1632 1140 est,
1666 1084 1873 1138 quidquid
1906 1084 1959 1127 ad

232 1164 428 1202 naturam
463 1161 707 1216 accesserit,
749 1161 938 1214 proxime
970 1164 1151 1203 naturae
1182 1161 1361 1214 vestigia
1398 1174 1542 1215 presse
1574 1161 1864 1215 persequitur,
1906 1160 1957 1202 ad

231 1239 409 1278 naturae
430 1250 620 1279 normam
644 1237 773 1290 exigit
795 1237 945 1279 omnia.
1008 1237 1128 1278 Hanc
1150 1237 1286 1290 legem
1309 1237 1443 1279 secuti
1467 1237 1704 1293 Terentius,
1732 1236 1959 1289 Salustius,

233 1312 409 1367 Caesar,
441 1313 604 1368 Nepos,
638 1313 804 1365 Cicero,
838 1313 1063 1366 Virgilius,
1096 1313 1321 1365 Horatius,
1361 1313 1438 1355 etsi
1471 1314 1513 1354 in
1552 1313 1717 1355 diverso
1750 1312 1961 1355 scribendi

232 1401 384 1441 genere
416 1401 636 1431 commune
667 1392 809 1430 tamen
842 1389 980 1431 nescio
1014 1389 1114 1442 quid
1148 1389 1323 1440 habent,
1365 1389 1477 1442 quod
1511 1392 1729 1430 aeternum
1762 1387 1956 1442 placebit.

231 1464 318 1505 Nec
350 1463 523 1517 perinde
555 1464 608 1505 ad
641 1465 856 1506 eruditum
889 1464 1078 1518 palatum
1111 1468 1224 1515 sunt,
1257 1465 1328 1517 qui
1361 1464 1413 1506 ab
1435 1464 1513 1505 hac
1546 1464 1746 1505 classicae
1778 1462 1962 1516 antiqui-

233 1539 334 1581 tatis
367 1539 507 1581 indole
539 1552 586 1581 ac
618 1553 770 1593 sapore
794 1540 1006 1582 descivere
1028 1540 1296 1594 posteriores.
1360 1540 1484 1582 Certe
1511 1540 1600 1593 jam
1632 1540 1674 1581 in
1698 1539 1883 1581 Senecae
1913 1551 1961 1580 ac

233 1614 367 1656 Taciti
399 1615 577 1671 stylum,
620 1615 786 1658 Saeculi
819 1616 883 1658 sui
918 1629 1056 1658 mores
1097 1616 1242 1657 luxum
1283 1616 1467 1668 aliquem
1505 1615 1712 1657 invexisse
1752 1614 1959 1656 videntur.

233 1690 498 1732 Discriminis
530 1703 656 1744 porro
689 1691 815 1745 hujus
842 1691 1049 1745 judicium
1090 1691 1132 1732 in
1170 1694 1327 1733 natura
1364 1691 1457 1745 ipsa
1494 1691 1688 1745 insitum,
1728 1694 1769 1732 et
1807 1690 1964 1732 Orator

234 1765 369 1807 bonus
402 1765 454 1807 ab
485 1766 696 1809 illiteratis
729 1767 902 1820 perinde
935 1779 982 1808 ac
1014 1767 1215 1808 litteratis
1247 1766 1468 1821 probatur,
1501 1767 1561 1807 uti
1588 1766 1850 1821 Symphonia
1882 1765 1962 1806 rite

235 1841 507 1896 concordans,
540 1844 582 1883 et
610 1842 779 1895 pictura
809 1846 1008 1884 naturam
1041 1843 1207 1884 imitata
1229 1843 1367 1896 placet
1388 1842 1514 1884 etiam
1547 1842 1611 1895 iis,
1644 1842 1716 1895 qui
1748 1854 1822 1883 nec
1846 1840 1962 1894 quid,

235 1929 310 1958 nec
343 1929 418 1958 cur
447 1918 627 1973 placeat,
660 1918 867 1960 rationem
900 1918 1076 1960 reddere
1109 1921 1299 1971 possunt.

374 1998 463 2039 Iam
513 2011 606 2041 cum
650 1999 843 2041 Oratoris
885 2000 941 2040 sit
983 1999 1158 2041 dicendo
1202 1998 1478 2053 persuadere:
1522 1998 1599 2040 hoc
1641 2000 1706 2040 est
1747 1996 1962 2038 hominum

237 2074 413 2127 animos,
445 2087 528 2127 quo
561 2074 660 2116 velit
691 2074 877 2120 flectere:
911 2087 985 2116 nec
1017 2074 1059 2116 id
1081 2074 1279 2125 ludendo,
1311 2073 1594 2126 nugandoque
1626 2073 1806 2115 obtineri
1839 2084 1963 2126 posse

236 2149 377 2202 palam
410 2150 483 2205 sit,
521 2162 646 2191 verae
678 2150 943 2203 eloquentiae
981 2150 1161 2204 speciem
1200 2149 1278 2191 sibi
1317 2151 1607 2202 repraesentet
1646 2150 1755 2202 Tyro
1794 2147 1962 2199 seriam,

238 2224 440 2277 nobilem,
473 2237 664 2277 gravem,
707 2225 986 2280 senatoriam,
1027 2238 1102 2267 seu
1140 2225 1285 2278 paucis
1326 2224 1576 2266 naturalem.
1646 2224 1760 2265 Haec
1803 2223 1963 2277 species

240 2300 337 2352 quia
380 2299 524 2341 multis
564 2304 629 2342 est
668 2300 901 2355 incognita,
953 2300 1017 2342 vel
1059 2303 1108 2341 ut
1148 2299 1399 2353 Metaphora
1438 2302 1583 2341 nostra
1623 2302 1816 2353 utamur,
1864 2298 1965 2351 quia

243 2375 413 2428 plurimi
445 2375 601 2429 pallato
634 2377 848 2428 gustuque
875 2377 975 2417 sunt
1007 2375 1252 2430 depravato,
1284 2377 1349 2415 tot
1380 2375 1567 2427 corrupti
1600 2374 1696 2427 styli
1730 2373 1842 2415 enati
1865 2375 1965 2415 sunt

240 2463 408 2501 eorum,
449 2451 603 2504 quibus
636 2451 803 2504 dissipit
835 2463 882 2492 ac
922 2451 1000 2492 vile
1040 2453 1123 2505 est,
1164 2450 1371 2504 quidquid
1409 2450 1606 2504 simplex,
1649 2452 1691 2490 et
1731 2448 1963 2490 secundum

240 2530 438 2568 naturam
459 2528 544 2577 est;
578 2526 730 2579 quibus
754 2526 856 2567 nihil
877 2525 1115 2581 pulchrum,
1145 2526 1223 2567 nisi
1246 2537 1401 2566 novum
1424 2525 1492 2576 sit,
1523 2524 1690 2576 mirum,
1713 2524 1960 2576 scintillans,

240 2602 518 2657 picturatum,
551 2614 722 2654 pexum,
754 2600 970 2653 floridum,
1009 2601 1073 2643 vel
1110 2600 1339 2648 tumidum,
1373 2600 1530 2649 audax,
1563 2599 1961 2651 extraordinarium,

241 2676 394 2730 quibus
426 2676 548 2718 nimis
580 2677 755 2730 vulgare
784 2677 952 2718 videtur
985 2676 1141 2718 dicere:
1176 2675 1482 2718 remotissimae
1515 2676 1699 2725 Insulae,
1734 2675 1890 2717 dicent:
1923 2674 1964 2715 in

242 2754 475 2793 extremum
521 2752 665 2793 mundi
714 2752 887 2793 limbum
936 2752 1181 2794 nauseantis
1226 2754 1405 2793 naturae
1454 2751 1613 2792 vomitu
1663 2752 1841 2804 reiectae
1885 2751 1991 2792 cet.-

243 2827 399 2869 Orator
419 2827 618 2882 scientiis,
640 2827 830 2869 Historia
851 2827 1070 2880 imprimis,
1094 2830 1136 2868 et
1154 2827 1269 2868 varia
1292 2826 1527 2868 eruditione
1553 2826 1800 2880 perpolitus,
1823 2836 1964 2867 rerum

242 2902 447 2957 pondere,
490 2915 537 2945 ac
579 2903 884 2945 sententiarum
923 2903 1093 2944 minime
1133 2902 1368 2955 vulgarium
1411 2902 1639 2955 gravitate,
1682 2904 1806 2943 ornat
1845 2913 1966 2943 suam

243 2978 496 3033 orationem,
529 2980 572 3019 et
603 2977 776 3019 extollit.
838 2978 893 3019 Hi
925 2990 1066 3019 rerum
1099 2990 1248 3031 nempe
1287 2978 1426 3031 vacui,
1460 2979 1693 3029 egestatem
1724 2989 1844 3018 suam
1877 2988 1967 3017 ver-

243 3053 394 3094 borum
417 3053 554 3105 specie
576 3052 755 3106 palliant
770 3065 1078 3106 personamque
1097 3052 1332 3094 obtrudunt
1349 3052 1500 3094 bellam
1524 3051 1694 3105 quidem
1712 3054 1755 3093 et
1775 3051 1964 3105 politam,

243 3128 317 3170 sed
349 3140 471 3183 quae,
504 3130 552 3169 ut
582 3128 623 3169 in
656 3127 844 3181 Apologo
877 3130 954 3183 est,
987 3128 1205 3170 cerebrum
1237 3139 1319 3168 non
1351 3127 1489 3169 habet.

384 3202 492 3244 Galli
534 3202 641 3245 hanc
681 3202 778 3244 boni
822 3205 971 3255 gustus
1013 3202 1179 3244 laudem
1223 3215 1324 3255 prae
1366 3203 1606 3244 nationibus
1650 3202 1842 3243 omnibus
1887 3201 1966 3243 sibi
