2164 3535
231 212 314 253 204
764 211 1040 255 Heranbildung
1066 211 1129 246 der
1155 212 1293 247 Lehrer
1322 216 1419 248 1622.

369 351 551 393 Stilum
585 351 798 392 exercebit
828 351 869 392 in
902 351 1028 393 variis
1060 353 1444 405 progymnasmatis
1478 354 1696 406 oratoriis,
1738 355 1777 396 in
1811 369 1956 398 narra-

230 426 428 476 tionibus,
462 426 815 479 descriptionibus
837 426 979 476 variis,
1012 426 1052 467 in
1076 427 1392 481 prosopopoeis,
1424 428 1464 469 in
1488 428 1626 479 chriis,
1655 430 1696 471 in
1719 431 1954 485 sententiis,

228 501 269 542 in
318 502 577 553 argumentis
626 501 834 543 rhetorice
883 501 1138 553 tractandis3
1187 502 1238 544 de
1285 502 1439 558 quibus
1489 504 1683 547 videatur
1731 505 1955 561 Causinus,

229 576 495 630 Aphthonius
528 579 570 617 et
601 576 683 617 alii.

374 651 493 701 Quod
527 651 580 693 ad
612 652 862 705 poeticam
895 652 1230 706 scriptionem
1259 654 1424 709 attinet,
1457 655 1680 697 conabitur
1701 656 1741 698 in
1763 657 1957 699 faciliori-

227 727 306 768 bus
339 726 545 779 poematis
577 726 685 781 illos,
718 739 825 782 quos
858 727 973 783 legit,
1004 728 1173 770 imitari.

367 801 770 843 Observationes
804 802 1090 844 versabuntur
1121 804 1232 845 circa
1264 805 1567 858 proprietatem
1600 809 1642 848 et
1665 806 1846 848 nitorem
1870 820 1955 849 ser-

227 877 375 931 monis,
407 877 479 932 qui
511 890 561 918 ex
593 877 731 919 verbis
765 880 807 919 et
838 878 1058 919 sententiis
1083 878 1271 921 Ciceroni
1302 879 1580 921 familiaribus
1613 881 1792 933 exurgit.
1847 882 1953 924 Item

227 953 338 994 circa
369 965 494 994 usum
526 953 922 1009 particularum,
961 967 1071 1008 quae
1103 957 1204 996 sunt
1235 955 1355 1009 quasi
1392 955 1605 997 vinculum
1638 956 1855 1011 orationis,
1899 957 1955 999 le-

226 1032 352 1081 gatur
383 1028 660 1083 Tursellinus,
693 1027 905 1069 Adrianus
938 1028 1186 1071 Cardinalis.

694 1296 733 1345 e)
780 1296 873 1337 Pro
915 1295 1160 1348 magistro
1201 1299 1487 1350 syntaxeos.

361 1411 563 1452 Perlectis
596 1411 790 1453 omnibus
825 1412 1047 1454 autoribus
1080 1425 1104 1453 a
1136 1424 1180 1453 se
1212 1413 1294 1454 isto
1328 1426 1436 1454 anno
1467 1413 1740 1468 explicandis,
1773 1413 1953 1466 gradum

223 1487 349 1528 faciet
390 1487 444 1528 ad
483 1487 707 1528 Orationes
748 1487 982 1541 Ciceronis,
1031 1501 1136 1542 quas
1180 1488 1325 1530 ordine
1366 1501 1509 1529 omnes
1550 1488 1715 1530 evolvet
1754 1488 1952 1530 adhibitis

224 1562 333 1603 notis
359 1562 511 1615 Freigii
544 1563 608 1604 vel
641 1563 831 1614 alterius,
865 1563 935 1618 qui
969 1566 1222 1616 argumenta
1254 1567 1295 1605 et
1325 1563 1504 1617 dialysiu
1527 1563 1677 1604 talium
1700 1563 1952 1606 Orationum

222 1641 473 1691 prosecutus
507 1641 580 1680 est.

360 1713 394 1754 E
427 1714 593 1767 poetis
627 1717 823 1757 sumatur
847 1715 1063 1765 Horatius,
1097 1713 1270 1771 Seneca,
1304 1715 1491 1767 Boetius,
1527 1714 1704 1767 Statius,
1737 1714 1950 1766 Lucanus,

223 1789 527 1834 Sannazarius:
571 1790 840 1845 addaturque
881 1790 1052 1832 Poetica
1085 1790 1308 1843 Scaligeri,
1349 1790 1449 1832 item
1492 1790 1535 1831 P.
1570 1789 1712 1831 Delrio
1756 1790 1807 1831 de
1852 1790 1952 1831 Tra-

221 1864 424 1917 goediaf).
462 1890 510 1895 —
544 1866 685 1920 Atque
717 1866 758 1906 in
791 1865 912 1907 stilo
946 1865 1170 1907 conabitur
1202 1878 1349 1907 eorum
1381 1865 1648 1919 gravitatem,
1683 1868 1950 1907 venustatem

221 1941 263 1980 et
303 1952 477 1981 acumen
520 1941 699 1994 imitari,
743 1940 973 1982 exercendo
1016 1954 1060 1982 se
1101 1941 1140 1982 in
1182 1940 1298 1982 vario
1338 1940 1570 1981 carminum
1603 1953 1774 1993 genere:
1819 1940 1950 1994 epico,

220 2015 362 2069 lyricO,
396 2015 567 2068 tragico.

361 2091 422 2131 Ex
455 2090 719 2133 historicis
753 2091 1071 2133 continuabitur
1104 2091 1261 2142 Livius,
1295 2091 1497 2133 succedat
1519 2090 1716 2143 Sigonius
1750 2090 1801 2132 de
1829 2103 1951 2144 repu-

222 2165 329 2207 blica
353 2166 671 2208 Atheniensium
695 2170 737 2208 et
760 2166 1211 2212 Lacedaemoniorum:
1247 2166 1296 2207 de
1313 2166 1483 2220 judiciis
1508 2166 1694 2214 Curtius,
1720 2165 1948 2221 Salustius,

221 2244 263 2282 et
300 2253 376 2294 pro
421 2242 536 2283 varia
569 2242 861 2284 eruditione
893 2242 1137 2284 Athenaeus
1171 2254 1266 2283 cum
1299 2242 1408 2284 uotis
1443 2242 1705 2296 Casauboni,
1748 2240 1949 2283 Stuckius

222 2316 272 2357 de
296 2317 494 2358 conviviis
519 2318 806 2371 antiquorum,
839 2318 1060 2359 semestria
1087 2320 1127 2359 et
1161 2318 1394 2370 agonistica
1416 2318 1531 2360 Petri
1555 2316 1697 2371 Fabri,
1732 2317 1765 2357 V
1771 2316 1949 2358 altrinus

221 2395 366 2433 noster
397 2392 447 2433 de
480 2392 629 2433 militia
662 2392 892 2441 romana2),
927 2392 1156 2445 Lampadis
1190 2392 1345 2433 artium
1379 2396 1520 2434 tomus
1554 2392 1715 2445 primus
1739 2395 1780 2433 et
1802 2404 1949 2433 secun-

221 2466 313 2519 dus,
346 2467 591 2509 adversaria
622 2467 806 2509 Turnebi
839 2471 881 2509 et
912 2468 1080 2510 similes.

360 2553 394 2594 E
427 2555 627 2606 graecis
660 2554 919 2608 Philippicae
942 2555 1239 2597 Demosthenis
1273 2558 1523 2608 ceteraeque
1554 2554 1687 2607 ipsius
1722 2554 1946 2606 orationeS,

220 2641 328 2682 quae
366 2628 406 2669 in
447 2628 599 2671 scholis
640 2630 825 2683 praelegi
866 2631 1020 2679 solent;
1065 2631 1251 2672 carmina
1294 2630 1556 2684 Phocylidis,
1600 2630 1737 2671 Nonni
1780 2635 1822 2671 et
1865 2630 1948 2670 Na-

224 2702 413 2744 zianzeni
456 2716 503 2744 ac
533 2704 751 2757 similium,
795 2705 867 2760 qui
900 2706 1026 2747 etiam
1061 2705 1278 2759 discipulis
1311 2705 1495 2759 praelegi
1528 2705 1675 2746 solent.
1740 2704 1815 2745 His
1849 2703 1947 2745 addi

222 2782 401 2831 possunt
433 2777 676 2820 doctissima
708 2781 1009 2822 commentaria
1042 2781 1202 2822 Budaei
1237 2780 1287 2821 de
1319 2780 1463 2832 lingua
1494 2792 1658 2832 graeca.

361 2963 386 3002 ¹)
413 2962 451 2996 P.
471 2962 657 2996 Martini
685 2963 841 2999 Anton.
862 2963 1016 2999 Delrio
1045 2975 1061 2998 e
1090 2964 1124 2998 S.
1143 2964 1177 2998 J.
1204 2969 1391 3008 syntagma
1410 2962 1635 3005 Tragoediae
1661 2962 1794 2996 latinae
1815 2961 1851 2996 in
1873 2966 1945 2996 tres

221 3025 343 3063 partes
370 3020 590 3064 distinctum,
617 3020 790 3064 Antverp.
824 3025 909 3057 1593
937 3027 972 3056 et
1004 3025 1099 3057 1594.
1139 3022 1257 3055 Lutet.
1285 3021 1388 3055 Paris
1420 3023 1516 3064 1620,
1542 3022 1595 3053 40.

358 3089 387 3133 2)
414 3088 453 3123 P.
480 3089 536 3123 Jo.
566 3091 647 3124 Ant.
676 3090 862 3125 Valtrinus
890 3091 923 3125 S.
937 3090 971 3125 J.
999 3093 1035 3135 (†
1066 3094 1166 3132 1601)
1194 3090 1247 3124 De
1275 3100 1312 3123 re
1339 3088 1485 3123 militari
1517 3093 1676 3123 veterum
1702 3088 1944 3123 Romanorum

220 3146 302 3180 libri
330 3147 406 3181 VII.
446 3148 519 3182 Col.
547 3148 697 3193 Agripp.
728 3148 825 3193 1597,
851 3150 905 3183 80.
